4620 5894
106 220 170 283 3⁰9
974 218 1260 291 assumas.
2059 234 2127 303 310

104 409 197 475 sione
218 408 267 474 sic
288 406 418 490 excepit
428 406 605 485 hominem,
628 414 667 472 ut
688 428 764 473 eum
786 429 865 474 suae
887 408 1088 490 petulantiae
1139 410 1202 477 sibi
1228 431 1327 479 curae
1355 418 1393 477 nt
1419 418 1549 479 mature
1571 421 1778 483 convocetur.
1823 418 1927 501 Atqui
1947 420 2038 489 hunc
2058 442 2120 489 ne-

104 494 202 563 valde
230 493 428 577 poeniteret3
455 514 494 559 ac
522 492 582 557 tali
603 492 737 577 quidem
763 514 844 560 usus
866 500 918 559 est
938 494 1087 562 exordio:
1137 496 1292 563 bulonem
1313 497 1398 563 nihil
1419 498 1523 581 pudet
1550 500 1708 579 scribere,
1736 502 1932 571 Farellistas
1958 507 2120 591 impedias

105 582 221 664 Nuper
252 602 355 663 quum
400 599 454 643 me
494 600 596 645 coena
632 580 799 662 exciperet
831 579 987 659 Carolus,
1027 602 1087 666 ego
1139 589 1291 663 conatos,
1325 584 1499 667 quominus
1526 586 1673 670 synodus
1698 586 1885 656 haberetur.
1930 589 1999 657 Sed
2030 593 2121 661 unde

104 688 198 733 eram
235 664 284 730 illi
324 666 559 749 integerrimus
597 666 712 731 frater:
745 665 916 732 Farellum
955 666 1089 733 iubebat
1138 670 1366 751 probationem
1392 692 1579 751 sumemus,
1608 694 1713 757 equa
1739 682 1884 741 statuere
1905 676 2017 757 liceat,
2045 686 2124 745 uter

105 758 256 819 amanter
276 752 429 831 salutari3
451 772 582 831 omnes,
611 773 692 833 quos
713 774 802 818 nunc
823 752 1007 819 haereticos
1028 774 1085 819 no·
1139 775 1256 821 verum
1278 778 1322 821 an
1342 755 1464 823 falsum
1486 757 1594 823 dicat?
1630 760 1705 843 Ego
1722 761 1852 826 nullum
1872 761 1927 829 hic
1949 783 2023 829 esse
2044 784 2123 831 ver·

105 840 227 917 minat,
257 837 401 903 habebat
427 859 487 920 pro
513 837 684 917 fratribus;
721 838 903 903 fraternam
931 840 1087 906 coniunc·
1139 841 1220 906 bum
1244 843 1400 925 profiteor
1428 843 1516 925 quod
1543 866 1610 909 non
1639 844 1772 928 publica
1800 849 1975 914 autoritate
2002 852 2123 916 confir·

104 926 230 991 tionem
256 946 293 989 se
321 932 479 1007 perpetuo
508 924 679 989 nobiscum
706 924 792 989 velle
819 924 924 989 colere
952 926 1087 1007 profite-
1139 948 1241 1005 mem,
1270 928 1395 1010 quotics
1418 948 1500 1012 opus
1522 930 1593 994 erit
1637 930 1812 1015 Legantur
1841 940 1915 1001 acta
1936 936 2125 1003 consistorii

104 1012 215 1077 batur:
239 1010 423 1076 Arianismi
445 1008 691 1075 nulla-mentio.
735 1010 803 1076 Ubi
825 1018 906 1075 tunc
926 1018 999 1076 erat
1019 1010 1087 1095 glo·
1139 1013 1335 1093 Bernensis;
1357 1014 1565 1079 consentiant
1582 1036 1717 1099 prorsus
1735 1038 1810 1083 cum
1828 1040 1903 1083 mea
1922 1022 2123 1089 narratione.

104 1098 154 1163 ria
181 1096 271 1163 Dei?
301 1096 359 1161 ubi
385 1096 492 1160 honor
520 1095 729 1160 dominorum
757 1096 1000 1161 Beruensiuml
1030 1097 1086 1163 ubi
1138 1099 1311 1183 Legantur
1339 1108 1411 1165 acta
1438 1102 1562 1179 curiae;
1596 1101 1665 1168 illic
1698 1105 1882 1185 reperietur
1913 1126 1982 1171 non
2009 1106 2124 1175 Caroli

104 1182 182 1251 fidei
204 1180 398 1249 sinceritas?
426 1182 483 1246 ubi
506 1182 619 1246 unitas
638 1182 818 1247 ecclesiae?
863 1184 934 1247 Aut
956 1190 989 1247 te
1010 1204 1085 1265 per·
1138 1185 1197 1249 sed
1219 1184 1354 1251 Calvini
1376 1194 1409 1251 ct
1432 1186 1543 1252 Vireti
1571 1209 1608 1254 ro
1653 1196 1690 1255 tu
1718 1189 1876 1255 indictam
1897 1192 1999 1259 fuisse
2021 1215 2123 1277 syno-

104 1268 209 1335 lidum
235 1269 338 1334 fusse
360 1269 432 1333 Deo
459 1276 493 1331 et
522 1267 709 1333 hominibus
736 1268 976 1350 scelestumque
999 1270 1085 1335 veri-
1139 1268 1226 1335 dum.
1271 1270 1359 1336 Nam
1396 1278 1552 1339 strenuus
1589 1274 1646 1339 ile
1680 1274 1819 1353 athleta,
1861 1297 1904 1342 ne
1936 1278 2124 1347 calumniae

105 1354 182 1421 tatis
210 1354 412 1439 proditorem
440 1355 574 1418 fatearis
602 1373 736 1419 necesse
758 1362 822 1431 ost,
853 1360 912 1418 aut
932 1354 1085 1419 omnibus
1139 1377 1270 1423 causam
1305 1356 1413 1423 dicore
1450 1366 1637 1443 cogeretur,
1677 1360 1881 1427 Neocomum
1920 1384 1971 1443 se,
2015 1365 2124 1431 infixo

104 1442 214 1527 palam
244 1450 296 1507 est
325 1449 358 1506 te
391 1440 455 1503 alio
489 1441 609 1504 affectu
641 1440 682 1504 ad
712 1440 798 1506 hanc
823 1440 1085 1506 criminationem
1138 1443 1259 1519 aculeo,
1282 1445 1500 1528 proripuerat

104 1528 231 1615 impelli
258 1548 357 1611 quam
386 1548 466 1609 prae
494 1534 526 1591 tc
555 1528 650 1590 feras.
695 1532 768 1603 lpag.
789 1532 843 1604 341
865 1527 968 1591 Cuius
996 1527 1112 1590 enim*
1223 1528 1439 1595 Hactenusid
1450 1552 1504 1595 mc
1515 1531 1631 1595 saltem
1643 1540 1881 1615 consequutum
1893 1555 1964 1599 esso
1976 1539 2051 1613 [pag.
2064 1541 2122 1617 36]

104 1614 324 1683 conscientiae
351 1622 401 1678 est
426 1633 563 1678 cocnam
583 1612 720 1677 Domini
742 1614 807 1677 iam
831 1612 882 1677 bis
904 1611 1085 1677 celebrasse
1138 1614 1287 1693 arbitror,
1310 1621 1349 1679 ιιι
1366 1615 1486 1681 Carolo
1504 1616 1609 1681 nihilo
1627 1616 1701 1699 plus
1714 1618 1875 1684 habeatur
1895 1618 1973 1685 fidei
1990 1640 2010 1684 a
2031 1621 2124 1687 sanis

104 1722 179 1769 enm
206 1699 334 1784 collega
355 1698 504 1763 Ariane?
549 1696 588 1763 Si
617 1698 795 1764 scintillam
822 1698 923 1763 ullam
946 1698 1084 1764 haberes
1137 1700 1324 1766 hominibus
1346 1722 1444 1784 quam
1466 1702 1725 1767 circumforaneo
1747 1703 1845 1769 alicui
1867 1727 2009 1771 saumae.
2045 1706 2123 1771 Hoc

105 1796 161 1855 aut
181 1806 283 1853 verae
304 1786 436 1867 pietatis
459 1796 517 1849 aut
538 1786 618 1849 recti
639 1784 714 1861 aeli,
738 1784 927 1861 sustineres,
950 1792 984 1847 te
1007 1805 1084 1850 con·
1137 1787 1209 1851 ideo
1232 1786 1304 1852 dico
1327 1795 1364 1851 ut
1385 1788 1469 1851 mihi
1491 1789 1664 1871 ignoscant
1685 1789 1842 1867 lectores,
1862 1792 1892 1856 si
1913 1792 1947 1855 in
1970 1792 2122 1859 vanitate

104 1874 255 1951 nirenta,
285 1871 441 1954 abnegari
468 1871 573 1934 filium
596 1872 660 1935 Dei
689 1892 708 1933 a
730 1871 867 1935 fatribus
896 1880 930 1934 ct
951 1869 1085 1953 collegis
1137 1873 1303 1938 fabulosae
1325 1874 1535 1953 astructionis,
1559 1896 1658 1957 quam
1680 1874 1721 1940 de
1743 1875 1869 1959 synodo
1887 1876 2123 1943 Lausannensi

104 1958 190 2027 tuis?
236 1956 427 2023 Sustincres
460 1978 535 2021 cum
569 1956 634 2019 illis
669 1955 938 2021 communicando
971 1964 1084 2021 tantae
1137 1960 1292 2035 contexit,
1314 1958 1503 2035 refellenda,
1526 1981 1594 2025 non
1615 1960 1739 2026 diutius
1761 1963 1927 2026 immorer.
1963 1963 2059 2039 Rem,
2081 1970 2122 2027 ut

105 2046 282 2129 impietatis
299 2044 449 2125 contagio
471 2052 504 2105 tc
521 2042 689 2123 polluere?
724 2040 791 2106 Sed
813 2044 977 2125 fingamus
998 2042 1083 2106 nihil
1138 2045 1214 2117 fuit,
1235 2044 1430 2127 simpliciter
1451 2065 1649 2128 proponam,
1677 2066 1761 2129 quae
1782 2048 1970 2113 rcfirtationi
1989 2048 2122 2115 abunde

104 2132 273 2209 interesse,
295 2129 369 2213 quis
388 2136 423 2192 te
441 2128 530 2191 aelus
552 2128 697 2211 instiget.
734 2126 867 2207 Quaero
890 2127 979 2193 unde
1001 2129 1084 2192 scias
1135 2130 1284 2196 sufficiet.
1319 2130 1459 2195 'Deinde
1480 2132 1509 2197 si
1530 2130 1617 2215 quod
1633 2133 1669 2196 in
1692 2134 1763 2199 cius
1783 2132 1894 2199 libello
1913 2132 2127 2201 mendacium

105 2236 157 2283 me
181 2218 313 2283 Ariana
339 2216 469 2279 haeresi
504 2214 661 2279 infectum
694 2213 787 2279 esse?
833 2214 920 2278 Nam
951 2214 992 2279 de
1019 2212 1084 2279 fide
1136 2217 1201 2282 crit
1221 2236 1301 2299 prae
1320 2217 1393 2282 aliis
1414 2217 1569 2293 notabile,
1593 2216 1740 2283 breviter
1761 2218 1921 2283 indicabo.
1966 2221 2121 2285 Lausan-

104 2322 176 2371 mes
193 2302 404 2370 luculentum
420 2301 644 2365 testimonium
662 2298 842 2365 reddidisse
857 2300 940 2363 mihi
958 2299 1083 2375 videor,
1136 2323 1214 2366 nam
1248 2324 1352 2385 quum
1393 2310 1533 2367 ventum
1567 2314 1669 2381 esset,
1711 2303 1856 2388 synodus
1891 2307 1926 2369 in
1958 2306 2121 2389 templum

104 2388 392 2473 amrepericsqui
407 2387 633 2451 vehementior
654 2386 699 2451 sit
720 2386 755 2448 in
769 2385 946 2451 asserenda
959 2385 1083 2450 Christi
1135 2388 1433 2454 Franciscanorum
1454 2396 1566 2453 coacta
1584 2390 1656 2453 fuit.
1700 2390 1849 2455 Aderant
1871 2412 1913 2455 cx
1935 2412 2014 2475 agro
2036 2392 2122 2457 Ber-

105 2474 285 2541 divinitate.
322 2472 587 2538 Lucubrationcs
608 2492 701 2537 meae
724 2480 900 2535 versantur
920 2472 956 2534 in
978 2471 1083 2535 homi·
1137 2475 1232 2539 ncnsi
1254 2474 1397 2539 ministri
1417 2474 1511 2541 verbi
1531 2475 1607 2557 plus
1628 2484 1772 2553 centum,
1795 2498 1837 2541 ox
1858 2478 2015 2541 comitatu
2033 2478 2122 2543 Neo·

104 2582 183 2629 num
203 2560 369 2637 manibus,
391 2558 509 2640 quibus
533 2558 648 2623 saltem
670 2557 732 2621 hoc
754 2566 976 2640 consequutus
999 2578 1083 2637 sum,
1136 2560 1282 2625 comensi
1304 2560 1435 2625 circiter
1455 2560 1590 2644 viginti,
1614 2582 1657 2625 ex
1679 2561 1816 2627 ecclesia
1837 2564 2027 2629 (lenovensi
2051 2572 2123 2630 tres

105 2652 142 2713 ιιι
165 2666 284 2713 omnes
316 2644 474 2711 ecclesiae
504 2654 592 2710 recto
625 2644 804 2709 sentient-cs
837 2664 890 2707 me
918 2664 955 2709 ac
983 2642 1083 2707 fidem
1137 2646 1308 2711 duntaxat.
1358 2646 1441 2710 Post
1477 2646 1646 2711 solennem
1685 2648 1909 2729 precationem
1948 2650 2123 2733 proposuit

105 2752 210 2799 meam
237 2732 428 2817 approbent.
473 2732 526 2794 'Pu
547 2730 634 2813 qnod
661 2750 807 2812 unquam
830 2728 905 2794 fidei
927 2736 1005 2793 tuae
1026 2728 1083 2793 do·
1136 2730 1331 2815 Megander,
1353 2732 1409 2813 qui
1427 2740 1507 2797 tunc
1524 2733 1707 2797 Berncnsis
1725 2734 1881 2797 ccclesiae
1903 2742 2016 2817 pastor
2038 2742 2120 2813 erat,

105 2824 297 2887 mentum
314 2816 455 2895 edidisti,
479 2816 545 2880 nisi
563 2817 647 2881 forte
669 2818 704 2880 in
722 2815 836 2881 lustris
855 2824 889 2881 ct
904 2813 1083 2897 cauponis?
1137 2828 1282 2884 atrocem
1298 2818 1390 2883 illam
1405 2818 1516 2883 Caroli
1533 2820 1807 2898 criminationem,
1825 2841 1890 2902 qua
1908 2824 2027 2885 fratres
2044 2841 2122 2903 per·

104 2902 194 2973 Haec
215 2906 308 2971 enim
323 2903 388 2968 fuit
404 2910 462 2968 tua
477 2902 596 2967 militia
612 2904 646 2967 in
669 2922 734 2985 qua
754 2912 788 2965 tc
806 2903 967 2967 hactenus
989 2922 1084 2966 exer·
1136 2904 1257 2969 multos
1279 2903 1452 2983 detulerat,
1475 2905 1571 2987 quasi
1589 2926 1656 2969 non
1676 2912 1765 2970 recte
1783 2906 1946 2970 sentirent
1965 2904 2006 2971 dc
2024 2906 2125 2990 trini·

104 2990 208 3059 suisti.
253 2990 319 3055 Dic
341 3010 434 3074 ergo,
464 2987 619 3072 agedum,
648 3009 712 3071 quo
735 2990 807 3052 iure
828 3008 882 3053 me
903 2988 1085 3053 Arianismi
1136 2996 1204 3055 tate
1246 2998 1281 3054 ct
1311 2996 1446 3055 aeterna
1485 2990 1658 3055 divinitate
1691 2990 1826 3055 Christi.
1878 2992 2045 3073 Quoniam
2080 3012 2122 3057 eo

105 3074 296 3145 insimules?
330 3076 404 3142 Hac
427 3077 515 3141 enim
537 3076 672 3138 infamia
694 3074 769 3140 volo
786 3096 840 3139 mo
858 3074 1001 3151 libcrari,
1023 3094 1084 3139 nec
1136 3084 1254 3158 sponte
1282 3084 1444 3142 venerant
1466 3076 1681 3143 Gcncs'cnscs
1700 3076 1866 3154 Farcllus,
1896 3078 2058 3145 Calvinus
2086 3084 2122 3143 et

159 3164 168 3179 '
237 3170 310 3229 tam
336 3162 507 3246 indignam
535 3162 754 3243 suspicionem
783 3162 819 3223 in
849 3182 902 3225 inc
930 3159 1083 3224 residere.
1136 3161 1307 3240 Coraldus,
1330 3184 1391 3228 nec
1413 3182 1477 3245 pur
1520 3163 1565 3227 tio
1591 3162 1661 3227 ulla
1690 3163 1731 3227 ab
1759 3164 1807 3227 cis
1833 3163 2037 3246 exigebatur,
2059 3164 2120 3228 do·

157 3270 219 3315 nm
246 3249 356 3315 acrius
378 3256 553 3331 urgeretur
575 3268 595 3311 a
614 3246 770 3323 Calvino,
798 3247 924 3311 veritus
945 3265 1084 3329 poenam
1136 3270 1198 3314 nec
1217 3248 1394 3313 voluntarii
1412 3270 1472 3330 pro
1495 3250 1582 3312 irent
1602 3248 1638 3311 in
1655 3247 1811 3325 medium,
1834 3250 1961 3331 primus
1978 3248 2118 3315 Viretus

104 3334 301 3412 calumniae,
336 3333 500 3415 extemplo
544 3334 736 3397 retractavit
772 3352 884 3398 coram
926 3350 1084 3395 consessu
1136 3342 1272 3417 rogatus
1293 3342 1345 3398 cst
1370 3334 1529 3415 quidnam
1552 3334 1705 3409 scntiret;
1735 3332 1828 3398 cuius
1849 3335 2008 3399 confessio
2030 3334 2118 3403 hanc

104 3420 189 3505 qued
208 3420 349 3498 dixerat,
371 3440 471 3502 seque
493 3418 673 3483 Calvinum
694 3419 833 3484 missum
854 3419 961 3483 fucere
982 3424 1084 3481 testa·
1136 3440 1301 3484 summam
1323 3420 1454 3484 habuit:
1478 3420 1545 3484 Nos
1563 3418 1644 3483 dum
1661 3440 1767 3483 unum
1784 3420 1893 3484 Deum
1911 3422 2119 3503 confitemur,

104 3514 156 3575 lus
176 3514 323 3585 estnec
346 3505 447 3570 ullam
470 3505 519 3569 illi
541 3505 704 3569 maculam
727 3524 917 3587 aspergere,
940 3502 1082 3567 simodo
1136 3506 1197 3570 sub
1224 3526 1293 3569 una
1319 3503 1501 3571 divinitatis
1528 3506 1685 3583 essentia,
1720 3512 1849 3588 patrem
1876 3528 1950 3571 cum
1981 3516 2118 3575 aeterno

104 3612 234 3659 numm
255 3592 381 3657 Farclli
410 3612 476 3655 non
499 3591 697 3673 susciperet,
727 3592 781 3673 pia
802 3590 891 3653 enim
917 3608 989 3653 esse
1011 3588 1083 3653 eius
1136 3611 1195 3655 suo
1213 3591 1314 3655 verbo
1331 3592 1495 3673 etspiritu
1508 3590 1767 3675 complectimur.
1805 3590 1863 3657 Sic
1880 3593 1968 3661 enim
1987 3602 2117 3677 patrem

103 3678 224 3763 scripta
250 3686 286 3743 ct
313 3677 355 3743 de
376 3678 526 3742 trinitate
547 3688 634 3741 recte
656 3697 785 3758 sempor
806 3676 979 3757 loquutum
1002 3694 1082 3739 csse.
1136 3676 1340 3759 appellamus
1361 3678 1487 3756 Deum,
1518 3684 1558 3741 ut
1578 3678 1685 3741 filium
1706 3678 1925 3761 spiritumque
1944 3680 2016 3745 eius
2039 3702 2117 3747 cum

104 3764 189 3831 'lum
209 3765 348 3830 Viretus
377 3764 597 3846 subsequutus
621 3763 802 3827 orationem
824 3760 954 3827 Calvini
977 3761 1083 3825 homi·
1134 3764 1206 3845 ipso
1223 3784 1342 3827 verum
1354 3772 1591 3847 aeternumque
1603 3764 1713 3829 Deum
1730 3763 1964 3845 praedicemus.
2001 3767 2119 3850 Neque

103 3872 180 3919 nem
198 3852 272 3936 ipse
293 3872 421 3933 quoque
450 3850 492 3914 ad
513 3850 654 3915 similem
682 3848 942 3915 recantationem
963 3846 1082 3930 adegit
1134 3856 1249 3914 tamen
1271 3856 1329 3913 aut
1350 3860 1477 3933 patrem
1495 3870 1572 3917 cum
1594 3849 1704 3929 verbo,
1727 3862 1786 3914 aut
1806 3872 1880 3916 cum
1900 3852 2019 3935 spiritu
2041 3874 2117 3919 ver-

102 3936 154 4005 an
174 3938 322 4023 primum
351 3941 425 4015 [paq.
450 3940 503 4015 35]
526 3936 660 4001 virtutis
682 3934 857 4001 Carolinac
879 3940 1082 4017 stratagema
1134 3933 1216 3999 bum
1243 3935 1480 4000 confundimus.
1527 3942 1601 4014 {pag
1621 3942 1676 4015 37]
1699 3935 1874 4001 Credimus
1902 3936 2115 4003 animalium

103 4022 137 4089 in
156 4024 221 4091 hcc
248 4044 344 4089 sacro
371 4023 470 4099 bello,
499 4023 534 4085 in
562 4043 626 4103 quo
654 4043 690 4086 se
712 4022 847 4087 unicum
874 4021 996 4104 gloriae
1018 4019 1084 4083 Dei
1135 4042 1206 4086 esse
1228 4041 1248 4084 a
1269 4030 1363 4104 patre
1385 4020 1505 4097 filium,
1527 4042 1644 4087 rursus
1666 4042 1686 4085 a
1706 4022 1775 4086 filio
1798 4023 1950 4104 spiritum
1973 4022 2116 4105 differre,

103 4108 267 4177 vindicem
288 4110 376 4175 lacit.
413 4108 525 4188 Quum
547 4109 614 4172 iam
635 4114 728 4171 tanto
750 4106 906 4173 dedecore
928 4124 1083 4187 consper·
1134 4106 1268 4171 tametsi
1290 4127 1357 4171 una
1377 4106 1423 4171 sit
1443 4108 1587 4171 essentia
1594 4131 1602 4185 ;
1623 4107 1761 4189 ideoque
1782 4128 1890 4191 neque
1906 4114 2035 4189 patrem
2056 4130 2116 4175 ne-

103 4216 157 4263 sus
173 4204 271 4275 esset,
294 4193 492 4259 addiderunt
508 4193 667 4259 Calvinus
689 4199 724 4256 ct
740 4192 893 4257 Viretus:
910 4192 980 4255 Nos
1003 4210 1082 4256 vero
1135 4213 1198 4274 que
1220 4192 1382 4274 spiritum,
1405 4192 1460 4258 sod
1485 4194 1625 4258 verbum
1646 4214 1781 4259 carnem
1797 4194 1919 4259 sactum
1941 4214 2012 4258 esse
2034 4192 2117 4261 dici·

104 4282 291 4349 sbsentium
318 4300 451 4346 causam
478 4279 689 4361 suscipimus,
717 4299 798 4360 quos
825 4278 947 4344 scimus
968 4277 1027 4341 abs
1049 4282 1082 4339 te
1134 4299 1218 4355 mus,
1242 4284 1281 4341 ut
1301 4299 1401 4343 verus
1419 4279 1511 4345 Dcus
1532 4286 1567 4343 et
1587 4300 1686 4346 verus
1709 4279 1807 4343 homo
1828 4299 1916 4343 unus
1937 4280 1982 4343 sit
1998 4278 2117 4349 Chris·

102 4366 253 4435 innoxios
275 4366 413 4432 traduci.
459 4367 506 4430 Et
526 4367 681 4448 quoniam
703 4384 743 4428 ca
760 4373 811 4429 est
832 4383 950 4428 causae
971 4361 1082 4445 gravi·
1134 4370 1196 4428 tus.
1241 4362 1329 4427 Nam
1354 4362 1536 4429 secundum
1571 4372 1701 4447 tempus
1730 4363 1948 4446 redemptioni
1984 4374 2116 4435 nostae

103 4460 151 4521 tes
171 4462 211 4519 ut
230 4452 350 4539 synodi
371 4452 591 4535 cognitionem
612 4450 774 4533 postules,
796 4451 956 4533 petimus,
979 4448 1082 4511 hono·
1135 4448 1318 4527 definitum,
1341 4470 1475 4515 carnem
1493 4460 1641 4515 nostram
1663 4450 1773 4515 induit
1790 4456 1824 4513 et
1841 4448 1981 4516 eandem
2002 4452 2115 4519 nobis·

103 4538 197 4605 randi
222 4538 289 4605 viri
318 4546 353 4603 et
373 4539 492 4604 fratres
513 4539 569 4621 qui
592 4538 646 4603 hic
669 4537 805 4615 sedetis,
836 4542 874 4600 ιιι
894 4532 989 4599 nobis
1010 4533 1082 4598 sitis
1134 4556 1210 4600 cum
1232 4534 1473 4601 humanitatem
1502 4536 1723 4619 participavit,
1745 4534 1875 4599 naturis
1897 4533 2022 4603 duabus
2044 4558 2113 4604 non

103 4624 267 4691 adiutores
284 4626 320 4690 in
332 4624 458 4709 synodo
474 4623 562 4707 apud
573 4631 723 4689 senatum
741 4620 956 4707 impetranda.
991 4617 1082 4699 Quid
1134 4621 1279 4687 confusis
1306 4621 1364 4686 sed
1391 4623 1505 4687 unitis.
1549 4622 1642 4687 Haec
1673 4620 1885 4687 confessionis
1908 4622 2052 4689 formula
2070 4644 2115 4691 ex

104 4710 227 4779 interea
247 4709 408 4777 Carolus?
443 4712 599 4777 'fremere
621 4731 659 4776 ac
680 4708 808 4789 sudare,
829 4708 906 4791 quia
925 4726 1082 4790 praeceps
1133 4706 1243 4771 Viroti
1270 4708 1485 4789 responsione
1511 4708 1649 4772 collecta
1669 4707 1788 4791 legatis
1810 4704 1887 4773 data
1908 4708 1985 4787 fuit,
2014 4728 2115 4793 quam

105 4796 237 4863 ineum
259 4798 371 4863 locum
392 4806 545 4867 venerat.
570 4795 657 4861 unde
678 4795 883 4862 retrocedere
904 4814 970 4859 non
994 4796 1082 4858 essct
1133 4791 1266 4859 senatui
1292 4814 1351 4858 suo
1378 4793 1577 4859 obtulerunt.
1622 4794 1715 4859 Haec
1747 4800 1799 4859 est
1824 4795 1984 4861 confessio
2012 4816 2113 4879 quam

107 4882 276 4969 ntegrum.
319 4883 487 4950 Postridie
519 4890 671 4949 senatum
703 4882 828 4947 adeunt
855 4879 1014 4947 Calvinus
1047 4885 1082 4942 et
1134 4878 1273 4945 Carolus
1294 4878 1394 4945 nimis
1414 4899 1561 4945 macram
1582 4886 1616 4944 et
1637 4880 1781 4944 ieiunam
1803 4879 1905 4947 fuisse
1926 4882 2113 4963 insimulat3

107 4966 251 5036 Viretus:
272 4990 371 5052 quam
393 4970 635 5036 accusationem
655 4968 817 5034 struxerit
838 4965 975 5033 Carolus
996 4962 1081 5029 indi·
1133 4972 1168 5032 et
1192 4985 1271 5031 sane
1299 4985 1402 5047 quum
1427 4964 1590 5049 syllabam
1617 4986 1719 5031 unam
1746 4986 1883 5049 carpere
1913 4966 1950 5030 in
1977 4987 2018 5033 ea
2045 4986 2115 5033 non

110 5062 187 5135 cunt,
203 5054 434 5122 demonstrant
451 5075 532 5137 opus
547 5076 653 5121 esses
677 5054 773 5133 nodo,
792 5075 865 5120 eam
882 5053 1080 5136 primoquo·
1133 5057 1253 5134 posset,
1274 5050 1389 5117 multis
1410 5060 1522 5116 umen
1543 5051 1653 5118 verbis
1674 5052 1873 5135 persuadere
1894 5060 2031 5119 conatus
2051 5060 2116 5133 est,

30 5148 40 5222 “,
112 5156 167 5221 que
186 5140 238 5207 die
257 5141 405 5208 sibidari
426 5141 603 5225 postulant.
672 5140 830 5224 espondet
851 5146 987 5205 senatus
1011 5136 1081 5201 fore
1132 5135 1269 5202 minime
1288 5156 1360 5203 esse
1372 5134 1597 5220 recipiendam
1612 5158 1673 5222 pro
1689 5138 1957 5292 legitimaggpod
1972 5138 2115 5207 nimium
