4620 5894
90 262 152 324 ιιι
912 253 1012 320 cun
1033 253 1283 322 sermono.
2041 265 2106 329 esc
2229 214 2232 219 ’

87 453 273 513 correctum
300 464 371 510 esse
400 444 617 529 agnoscimus.
662 442 750 507 Nam
778 440 897 526 synodi
924 462 1070 526 pronun·
1122 443 1198 510 dem
1219 452 1392 528 cogeretur
1417 446 1550 530 aliquod
1571 447 1761 529 concilium,
1784 449 1832 515 ιιι
1853 470 1984 517 mecum
2006 473 2108 536 repu-

88 532 186 601 ciatio
208 529 312 596 nihilo
334 529 409 613 plus
431 529 591 594 momenti
608 527 729 593 habere
751 527 849 594 debet
870 548 970 611 quam
992 547 1069 593 auc·
1122 529 1251 608 tabam,
1278 532 1389 597 omnia
1410 533 1577 598 facturum
1599 555 1671 601 esse
1690 535 1879 600 Romanum
1902 538 2104 619 pontificem,

88 618 267 684 ιιιιιιιιιιι
289 615 420 699 aliquod
440 615 662 699 praeconium.
677 616 703 698 ¹)
1122 622 1161 680 ιιι
1182 614 1355 697 splendore
1382 618 1490 701 aliquo
1519 640 1586 684 non
1614 620 1747 704 vulgari
1773 620 1971 704 simplicium
1993 623 2105 688 oculos

175 701 245 770 Sed
266 723 309 767 ne
334 700 515 785 praefando
543 701 607 765 sim
633 699 776 784 longior,
806 700 835 764 ιι
857 698 987 765 concilii
1009 698 1070 764 ali·
1123 702 1370 785 perstringeret
1416 704 1527 787 Atque
1549 704 1630 770 haec
1653 706 1821 790 cogitatio,
1850 713 1889 771 ut
1902 728 2035 772 *verum
2056 708 2106 772 fa·

89 790 184 858 cuius
205 788 342 871 placita,
370 787 477 851 firmis
498 785 591 852 verbi
612 783 678 850 Dei
698 784 896 850 testimoniis
921 790 996 866 [pag.
1017 789 1071 864 41]
1123 792 1210 865 tear,
1242 807 1297 852 mc
1330 788 1543 855 vehementer
1577 795 1651 870 [pag.
1683 795 1738 870 aa]
1770 790 1919 875 angebat
1964 791 2106 858 Minime

87 877 202 955 iratus,
224 873 261 938 in
282 873 539 940 controversiam
560 870 771 950 adducerem,
800 871 868 934 iam
888 870 972 935 mihi
993 891 1070 953 pro·
1123 871 1187 938 hoc
1208 871 1344 938 dubium
1372 883 1457 941 erat:
1486 875 1672 959 quicunque
1699 897 1828 942 sessum
1849 876 2106 943 admitterentur

88 963 184 1029 basse
205 956 328 1038 videor,
351 979 420 1024 non
438 979 508 1024 esse
531 977 673 1037 causam,
695 977 756 1023 cur
776 977 830 1022 me
847 955 950 1022 ullius
967 967 1070 1021 teme-
1123 957 1166 1022 ad
1188 959 1386 1024 sententiam
1409 959 1589 1041 dicendam,
1612 983 1667 1028 eos
1689 962 1811 1044 partim
1828 962 2006 1029 ambitione
2023 963 2107 1029 irre-

88 1046 200 1115 ritatis
233 1043 392 1109 damnent
430 1043 504 1110 sani
535 1043 683 1109 lectores.
727 1042 826 1107 Nunc
859 1061 954 1121 vero,
994 1042 1070 1125 quis
1123 1044 1217 1123 titos,
1247 1045 1369 1127 partim
1391 1053 1580 1113 excaecatos
1607 1048 1763 1126 avaritia,
1790 1049 1913 1130 partim
1939 1049 2031 1115 rabie
2053 1068 2107 1114 ac-

87 1131 181 1212 mihi,
199 1130 265 1196 nisi
286 1129 362 1215 plus
383 1151 484 1214 quam
504 1129 626 1209 fatuus,
649 1134 848 1206 succenseat,
871 1128 900 1193 si
921 1148 1072 1194 asseren-
1124 1150 1239 1195 censos
1261 1129 1399 1196 totidem
1420 1133 1555 1198 infestos
1576 1153 1676 1198 sanae
1703 1133 1873 1199 doctrinae
1894 1133 2006 1200 hostes
2027 1135 2107 1214 fore,

89 1217 150 1285 dae
171 1216 322 1284 veritatis
349 1217 544 1283 necessitate
571 1222 717 1294 coactus,
746 1213 890 1292 simiam,
918 1214 1071 1296 quamvis
1124 1215 1182 1297 qui
1215 1212 1258 1280 ad
1290 1217 1522 1283 stabiliendam
1561 1217 1771 1304 tyrannidem
1810 1226 1952 1301 papatus
1988 1239 2110 1285 arcana

88 1323 237 1403 purpura
264 1302 469 1382 ornatam,²)
502 1300 673 1365 traducere
702 1319 770 1364 non
800 1298 1007 1365 dubitavero:
1034 1305 1072 1364 ut
1124 1299 1214 1365 inter
1231 1322 1266 1366 se
1279 1303 1506 1368 coniuratione
1516 1303 1662 1387 obligati,
1677 1302 1720 1368 ad
1731 1303 1968 1369 destruendum
1979 1303 2108 1371 Ohristi

89 1392 201 1468 simra,
229 1387 327 1452 aienti
349 1394 413 1466 cst,
442 1386 595 1451 omnibus
622 1385 801 1469 appareat?
845 1385 920 1450 Iam
942 1383 1072 1450 abunde
1126 1406 1268 1470 regnum
1295 1388 1538 1454 incumberent:
1572 1389 1787 1472 paucissimos
1818 1390 1904 1467 lore,
1940 1410 2007 1454 non
2039 1397 2109 1453 tam

89 1472 282 1552 monstravi,
304 1472 489 1556 Neptunias
510 1472 592 1536 istos
613 1480 725 1554 patres
733 1471 763 1554 ⁸)
785 1490 846 1535 nec
868 1477 937 1535 tam
958 1470 1072 1535 formi-
1125 1472 1227 1555 impio
1250 1472 1437 1557 crudelique
1459 1476 1587 1554 affectu,
1610 1473 1669 1539 sed
1691 1484 1801 1539 tamen
1823 1474 1907 1539 nihil
1929 1473 2026 1542 virile
2047 1475 2110 1540 ha·

91 1559 219 1627 dabiles
252 1579 324 1624 esse
356 1578 434 1625 eum
467 1578 527 1623 suo
555 1556 725 1635 Tridentc,
761 1558 841 1640 quin
874 1557 975 1623 verbo
1007 1555 1074 1622 Dei
1126 1559 1242 1624 bentes
1266 1556 1307 1622 ad
1326 1559 1555 1625 resistendum.
1600 1560 1718 1643 Itaque
1740 1560 1933 1640 statuebam,
1955 1580 2034 1624 mox
2055 1559 2108 1624 in·

91 1643 257 1729 intrepide
288 1644 457 1728 flagellare
483 1644 571 1727 ipsos
605 1643 714 1708 liceat:
744 1663 804 1708 nec
826 1648 896 1707 tam
923 1662 995 1707 esse
1017 1662 1069 1707 sa·
1127 1642 1325 1709 dietaeausa
1342 1666 1535 1729 oppressum
1553 1645 1595 1709 iri
1615 1646 1799 1725 veritatem,
1819 1646 1879 1711 sub
1898 1655 1968 1710 tam
1984 1644 2108 1729 iniquis

90 1740 292 1807 crosanctos,
320 1738 358 1794 ut
383 1730 476 1795 nefas
504 1730 547 1793 sit
573 1750 628 1794 cos
648 1728 820 1812 attingere.
864 1726 1007 1807 Verum,
1037 1734 1075 1792 ut
1125 1727 1299 1795 iudicibus.
1336 1731 1493 1796 Etenim
1511 1752 1554 1796 ne
1572 1731 1634 1796 hoc
1655 1730 1787 1814 quidem
1810 1730 2010 1813 sperandum
2027 1736 2112 1811 erat,

90 1815 194 1897 video,
213 1837 256 1881 ne
272 1813 308 1880 id
325 1813 458 1898 quidem
476 1817 594 1899 agitur.
631 1815 777 1878 Larvam
794 1813 883 1878 enim
900 1811 1075 1878 hominum
1128 1822 1165 1878 ut
1186 1815 1350 1897 quispiam
1371 1817 1445 1899 pius
1466 1837 1504 1883 ac
1526 1815 1688 1896 cordatus,
1711 1817 1765 1884 vel
1787 1824 1893 1880 morte
1915 1836 1984 1895 sua,
2008 1816 2108 1882 unius

91 1903 194 1970 oovrlis
223 1902 377 1984 opposuit
403 1902 577 1966 Romanus
604 1899 768 1983 pontifex,
797 1919 883 1981 quae
905 1899 1074 1963 neminem
1127 1901 1228 1965 horae
1268 1901 1471 1966 audientiam
1518 1901 1606 1986 apud
1646 1923 1702 1968 cos
1744 1901 1931 1967 redimeret.
1974 1899 2111 1967 Interea

91 1988 257 2056 oculatum
278 1986 392 2053 fallere
413 1994 519 2069 queat.
565 1986 638 2069 Ego
667 2005 755 2063 sane,
784 2005 885 2067 quum
914 1998 992 2048 ante
1014 2005 1073 2048 an·
1127 1986 1241 2051 multis
1268 1987 1442 2070 imperitis,
1476 2008 1665 2071 quanquam
1694 1987 1816 2071 alioqui
1840 1987 1968 2069 probis,
2005 1988 2110 2069 impo-

92 2097 151 2159 nas
174 2073 290 2140 decem
317 2073 441 2156 passim
468 2072 564 2137 fieret
586 2071 711 2136 mentio
733 2069 876 2150 concilii,
907 2079 1006 2153 atque
1027 2070 1075 2134 ita
1128 2071 1248 2138 suisset
1276 2072 1330 2137 hic
1352 2073 1461 2139 fucus:
1490 2073 1645 2139 eeclesiae
1668 2072 1850 2138 definitioni
1869 2093 1940 2138 esse
1963 2073 2110 2155 aequies-

92 2179 290 2245 persuasum
315 2160 413 2237 foret,
446 2177 567 2241 papam
599 2177 667 2221 uon
701 2176 796 2239 posse
828 2157 895 2220 iam
930 2155 1074 2238 amplius
1127 2156 1278 2222 cendum
1312 2158 1411 2224 Nunc
1432 2157 1647 2225 habendaest
1668 2179 1773 2242 papae
1786 2159 1902 2242 gratia
1926 2158 1983 2241 qui
2006 2157 2109 2223 talem

93 2245 320 2332 tergiversari,
349 2245 429 2327 quin
456 2244 541 2307 serio
563 2241 704 2325 pecudes
728 2262 804 2306 suas
827 2248 972 2325 cogeret,
1001 2240 1075 2306 bul·
1128 2243 1222 2308 nobis
1244 2243 1407 2308 instruxit
1428 2263 1596 2328 pompam,
1625 2265 1709 2326 quae
1736 2244 1846 2326 pueris
1895 2264 2001 2327 noque
2028 2242 2110 2326 ipsis

91 2331 205 2416 lneque
233 2331 402 2395 citatorias
430 2329 498 2394 iam
519 2329 710 2394 volitarent:
740 2327 900 2409 primum,
924 2325 1074 2392 indictio·
1127 2326 1271 2394 ludibrio
1299 2329 1411 2395 futura
1445 2331 1496 2395 sit
1541 2328 1634 2393 Nihil
1665 2335 1777 2395 tamen
1811 2264 1901 2393 aliud
1933 2328 2063 2412 postvdo
2091 2349 2112 2394 a

92 2440 148 2485 nes
172 2438 216 2483 ex
238 2415 337 2482 bullis
357 2422 453 2480 natas
472 2414 685 2480 coniiciebam
707 2413 866 2496 paulatim
888 2413 925 2475 in
946 2412 1075 2477 firmum
1127 2413 1320 2494 lectoribus,
1353 2415 1418 2481 nisi
1452 2422 1491 2479 nt
1528 2413 1674 2497 deposito
1705 2415 1740 2478 in
1774 2423 1948 2496 utramque
1980 2420 2112 2497 partem

92 2505 245 2570 abituras.
290 2500 379 2566 Nam
408 2508 442 2566 ιι
470 2500 606 2564 alterius
636 2497 746 2565 bullae
774 2498 978 2563 Mantuanae
1005 2519 1075 2563 me·
1128 2499 1337 2666 araeiudicio,
1356 2501 1479 2585 integri
1496 2499 1636 2566 adhanc
1657 2500 1927 2583 disceptationem
1944 2498 2110 2566 accedant
2158 2523 2160 2526 ⁴

92 2590 268 2668 mineram,
297 2608 381 2671 quae
409 2587 471 2652 sub
498 2585 552 2651 Pii
586 2583 723 2650 secundi
749 2584 998 2667 pontificatu,⁴)
1033 2605 1075 2649 ex
1162 2584 1228 2650 uod
1249 2586 1297 2651 ita
1315 2585 1449 2651 demum
1469 2587 1537 2665 fiet,
1560 2587 1587 2651 si
1611 2587 1721 2652 oculos
1743 2607 1764 2651 a
1784 2585 1931 2669 personis
1949 2584 1992 2650 ad
2008 2585 2114 2669 ipsius

92 2694 211 2760 magno
240 2680 371 2739 tumore
398 2672 511 2736 statim
545 2676 735 2736 evanuerat.
779 2669 907 2734 Verum
940 2668 969 2736 si
999 2675 1074 2735 tan·
1128 2671 1177 2736 rei
1198 2671 1360 2737 intuitum
1381 2678 1582 2740 convertant.
2059 2694 2062 2701 ·

93 2913 140 2980 IN
156 2911 534 2980 PRAEFATIONEM
551 2908 857 2989 LEGATORUM,
881 2908 1215 3078 Ωΰῗέἓὲἓῧῗ
1235 2911 1389 3099 ξΙιΙΜΑ
1406 2908 1647 2991 SESSIONE,
1673 2908 1885 2991 ALIAQUE'
1904 2908 2116 2976 OONOILII
2163 2911 2166 2917 '

1222 3016 1237 3056 a
1634 3049 1637 3053 .

178 3191 256 3268 [pag.
274 3191 329 3267 43]
351 3185 446 3251 Βιιι
466 3184 575 3250 habet.
612 3182 762 3250 Tandem
781 3186 928 3250 fatentur
949 3185 1075 3250 Roma·
1128 3183 1240 3250 omnia
1259 3184 1405 3264 consilia,
1428 3184 1511 3250 alias
1529 3189 1617 3249 artes
1639 3181 1723 3247 nihil
1746 3200 1827 3261 esse,
1849 3201 1951 3264 quam
1971 3181 2110 3248 rimosas

96 3294 229 3350 nenses,
268 3270 468 3337 horrendam
496 3271 651 3337 ecclesiae
679 3271 947 3354 dissipationem,
975 3292 1076 3354 quam
1128 3273 1302 3350 cisternas,
1332 3291 1416 3354 quae
1438 3270 1605 3335 diffluant:
1635 3267 1808 3333 hominum
1830 3266 2006 3349 prudentia
2025 3266 2113 3332 nihil

96 3359 191 3426 hodie
231 3358 310 3424 boni
343 3378 458 3423 omnes
485 3357 617 3441 lugent,
657 3357 719 3422 sibi
751 3377 873 3440 magna
906 3378 947 3422 ex
981 3364 1075 3438 parte
1129 3354 1234 3435 aliud,
1264 3376 1364 3438 quam
1393 3355 1500 3439 magis
1527 3355 1612 3419 iram
1632 3352 1700 3418 Dei
1727 3352 1914 3436 provocari,
1943 3362 1977 3418 ιι
1998 3353 2115 3437 augeri

96 3445 174 3512 lerri
216 3443 336 3510 debere
379 3451 555 3526 acceptam.
568 3445 596 3525 ⁶)
658 3440 697 3507 Si
736 3443 810 3525 quis
851 3463 920 3506 non
962 3441 1075 3506 admo·
1128 3440 1217 3507 mala
1244 3441 1480 3524 potiusquam
1508 3440 1635 3505 sanari:
1688 3459 1757 3517 ars,
1784 3439 1934 3521 iuquam,
1962 3437 2022 3504 illa
2042 3446 2114 3505 tota

97 3529 172 3597 dum
207 3536 340 3596 astutus
372 3535 443 3594 tam
475 3530 654 3611 ingenuam
686 3529 921 3594 confessionem
953 3525 1073 3605 audiat,
1128 3535 1286 3610 quantam
1314 3526 1471 3609 pietatem
1492 3524 1617 3608 spirat?
1663 3460 1733 3590 ded
1754 3544 1797 3588 ex
1824 3525 1921 3605 actis,
1950 3545 2035 3607 quae
2056 3522 2115 3590 de·

96 3616 245 3700 protinus
283 3614 407 3698 aliquid
437 3615 544 3680 bonae
582 3613 652 3696 spei
692 3613 862 3695 concipiet.
906 3613 1076 3677 Exhorta-
1129 3612 1206 3678 inde
1224 3620 1365 3695 sequuta
1384 3620 1471 3692 sunt,
1488 3611 1549 3676 has
1568 3611 1670 3676 fuisso
1688 3630 1784 3676 voees
1801 3610 1927 3675 frustra
1943 3611 1981 3675 in
2003 3630 2115 3676 aerem

97 3703 201 3769 tiones
229 3722 324 3780 vero,
355 3721 440 3784 quac
469 3708 584 3784 postea
612 3707 812 3782 sequuntur,
840 3696 987 3764 studium
1008 3719 1077 3763 non
1129 3702 1277 3776 iactatas,
1300 3705 1445 3781 apparet.
1480 3697 1554 3763 Imo
1576 3718 1644 3762 non
1665 3702 1859 3779 exspectant
1880 3697 1952 3779 ipsi,
1975 3695 2055 3761 dum
2072 3716 2116 3761 ex

98 3789 233 3875 vulgare
254 3807 334 3871 prae
354 3808 390 3852 se
412 3787 524 3851 lerunt
545 3784 780 3850 instaurandae
802 3783 966 3851 eeclesiae.
1002 3784 1077 3850 Iam
1131 3785 1211 3851 ιιιιι
1232 3785 1293 3849 fiat
1313 3784 1480 3850 iudicium.
1525 3783 1614 3848 Nam
1634 3782 1671 3846 in
1693 3782 1810 3847 salutis
1831 3781 1991 3861 doctriua,
2015 3800 2115 3864 quam

100 3893 172 3940 varo
200 3894 281 3958 pars
307 3872 383 3951 illa,
412 3871 468 3936 ubi
491 3892 560 3936 non
581 3871 683 3936 alium
705 3892 777 3937 esse
798 3868 991 3950 admonent,
1021 3870 1078 3954 qni
1130 3871 1194 3955 ipsi
1216 3869 1326 3954 impiis
1348 3869 1577 3953 sceleratisque
1607 3868 1675 3934 suis
1704 3868 1898 3934 commentis
1920 3874 2023 3932 totam
2040 3871 2116 3945 [pag.

101 3955 195 4044 lapsis
206 3959 308 4026 rebus
325 3958 501 4025 subvenire
519 3964 625 4040 queat,
644 3979 744 4041 quam
761 3958 898 4023 unicum
910 3964 1078 4040 pastorem
1133 3961 1188 4036 44]
1210 3955 1455 4035 adulterarunt,
1483 3955 1521 4019 in
1543 3954 1774 4033 sacramentis,
1805 3974 1889 4036 quae
1911 3953 2043 4037 penitus
2064 3952 2116 4018 vi·

103 4042 285 4112 Christum:
324 4044 415 4110 hunc
446 4044 549 4127 igitur
580 4043 824 4126 implorandum
856 4064 927 4109 esse
961 4065 1078 4122 unum,
1131 4044 1215 4108 tiata
1235 4042 1441 4125 prostituunt
1462 4039 1504 4106 ad
1525 4040 1656 4106 foedam
1677 4060 1716 4106 ac
1736 4038 1926 4122 pudendam
1947 4036 2114 4103 nundina·

105 4126 173 4196 hnic
194 4128 465 4198 auscultandum:
494 4129 632 4195 feliciter
660 4150 794 4195 cessura
822 4130 947 4207 omnia,
975 4128 1005 4193 si
1026 4149 1079 4194 ac·
1131 4130 1268 4207 tionem,
1279 4127 1364 4193 nihil
1375 4127 1552 4194 inveniunt
1571 4125 1657 4209 apud
1670 4147 1705 4191 se
1716 4124 1958 4208 corrigendum.
1998 4121 2115 4203 Quan-

107 4215 201 4284 tiones
228 4238 344 4283 omnes
377 4213 583 4295 moderetur,
616 4215 747 4299 illisque
778 4214 977 4299 praesideat:
1014 4214 1080 4279 alia
1133 4214 1241 4280 tulum
1258 4215 1362 4298 igitur
1372 4213 1443 4298 opis
1460 4211 1599 4296 perditis
1616 4211 1714 4277 rebus
1733 4208 1898 4275 afferunt?
1933 4209 1980 4274 Et
1997 4228 2076 4274 sane
2088 4208 2116 4292 ¹)

1133 4320 1200 4365 non
1221 4306 1273 4365 est
1293 4299 1419 4382 quoda
1440 4297 1682 4372 Tridenticolis
1705 4296 1762 4379 qui
1785 4295 1845 4361 sub
1867 4295 2016 4378 Neptuni
2038 4315 2115 4359 aus-

1132 4386 1227 4469 piciis
1243 4385 1397 4463 militant,
1419 4383 1598 4468 quidquam
1616 4389 1853 4466 exspectemus,
1876 4381 1941 4445 nisi
1959 4400 2114 4464 aqueum:

169 4488 197 4558 1)
215 4506 269 4560 quc
289 4489 317 4544 la
334 4490 398 4545 voix
416 4487 478 4543 d’uu
497 4489 585 4543 crieur
603 4487 635 4541 de
654 4488 706 4540 vin.
1133 4469 1192 4536 ubi
1221 4471 1347 4536 scilicet
1377 4470 1586 4552 suscipienda
1614 4476 1665 4535 est
1691 4465 1906 4550 corrigendae
1932 4465 1968 4531 in
1995 4465 2116 4531 melius

168 4555 198 4625 2)
214 4576 253 4613 1111
271 4560 347 4628 singe
366 4556 507 4612 ⁸0³011⁸tr⁶
526 4573 561 4610 ‘³1¹
578 4554 744 4611 damoiselle.
1132 4557 1289 4623 eeclesiae
1315 4576 1402 4623 cura
1446 4556 1533 4621 Nam
1564 4556 1594 4620 si
1620 4553 1778 4620 adversus
1805 4552 1958 4618 innoxios
1979 4551 2024 4618 sit
2044 4572 2116 4617 sae-

121 4624 544 4765 woffdnffelgfffflffjtgfsslffg}
556 4625 589 4680 ⁶⁹
601 4625 702 4679 Tm
719 4639 754 4677 ¹¹⁰
773 4629 836 4678 ⁸⁰¹¹*
844 4639 895 4692 1³²⁸
912 4626 936 4678 ’ἱ
952 4625 1082 4692 Pre⁰i⁰¹¹¹
1132 4641 1305 4722 viendum,
1333 4648 1369 4706 et
1394 4639 1572 4707 sancienda
1592 4640 1721 4722 piorum
1748 4639 1912 4722 sanguine
1932 4638 2035 4723 impia
2056 4657 2118 4701 sua

173 4761 382 4830 traductae
403 4764 566 4831 sescuplum
583 4777 609 4815 a.
627 4757 697 4813 1459
718 4759 828 4815 editum.
869 4760 963 4816 Verrio
979 4761 1082 4831 codiee
1134 4727 1301 4827 tyfffnniss
1331 4728 1393 4793 t⁰fi
1420 4748 1497 4791 ³10¹
1527 4733 1627 4791 esunt
1653 4725 1751 4808 igUOi·
1798 4723 1998 4807 Quanquam
2025 4724 2116 4805 Nep·

123 4839 198 4887 nona
216 4833 312 4902 Papae
329 4833 436 4887 modest.
1133 4822 1207 4880 tum
1232 4834 1373 4898 reguum
1400 4812 1463 4878 hoc
1496 4831 1623 4895 quoque
1650 4809 1789 4876 redolet:
1822 4809 1970 4876 albentes
1995 4826 2116 4894 magno

125 4898 318 5040 tr‘bdaegdm
332 4902 433 4972 pellice
449 4897 610 4968 simplshiter
627 4897 746 4952 ιιιῶιιε
768 4897 820 4952 Sur
837 4896 863 4952 la
880 4898 1014 4969 proleque
1033 4900 1082 4957 des

145 4980 176 5022 ιιι
261 4977 296 5025 ts.

178 5035 204 5105 ι)
221 5039 309 5093 Addit
334 5036 446 5092 Gallus:
470 5035 521 5090 Car
544 5035 585 5089 les
609 5033 677 5088 trois
701 5034 806 5103 Legata
824 5050 858 5089 cn
876 5035 936 5090 leur
952 5052 1079 5105 proesme

130 5093 218 5161 ιι11ιιι
234 5107 298 5177 long
314 5107 385 5162 rccit
401 5122 471 5174 pour
488 5105 513 5160 lc
533 5104 704 5158 demonstret
740 5111 768 5158 ιι
791 5104 853 5159 ala
877 5103 915 5159 fin
938 5106 1082 5162 concluent
1204 5105 1233 5170 1)
1251 5119 1317 5160 sane
1336 5146 1342 5158 .
1361 5145 1368 5158 .
1387 5145 1394 5159 .
1413 5144 1419 5157 .
1438 5101 1609 5157 flaccescunt
1635 5101 1715 5158 Haec
1731 5101 1824 5156 omnia
1836 5100 1936 5155 absum
1953 5096 2120 5153 αιιάιιιοιιο

132 5165 179 5231 lull
191 5175 229 5244 n’y
246 5192 263 5230 a
279 5176 327 5230 nul
345 5175 399 5229 mal
417 5174 462 5243 qui
479 5189 513 5227 uc
532 5173 587 5227 soit
603 5146 721 5240 procedd
739 5171 829 5228 d'eux.
1130 5175 1241 5245 pellan.

212 5260 425 5329 caessara.
465 5258 522 5312 vot.
545 5255 614 5312 vn.
1875 5250 1911 5305 aa
