4620 5894
2110 255 2172 322 468

148 258 214 321 467
849 304 852 311 .
892 250 1163 322 RDFU'PATIO
1184 251 1420 320 ERRORUM

148 443 218 511 eius
232 445 257 521 ¹)
280 443 467 527 incognitae
491 440 709 526 patrocinium
732 446 856 504 temere
879 438 1055 522 arripiant,
1077 437 1132 505 vel
1185 447 1310 524 queant
1330 442 1399 508 suis
1421 440 1568 522 fallaciis,
1590 461 1705 525 pacem
1725 444 1928 510 conturbant
1951 445 2120 527 eeclesiae,
2138 452 2173 511 et

148 529 190 596 ad
213 530 424 596 severitatem
451 529 710 611 intemperanter
733 525 892 590 ferantur.
936 523 1024 589 Nam
1046 524 1073 588 si
1095 525 1132 588 in
1184 527 1317 610 pietatis
1339 548 1538 594 eonsensum
1560 527 1717 594 scindunt
1738 550 1777 596 ac
1797 528 1958 596 lacerant

98 625 102 634 '
148 617 290 682 terrenis
322 615 430 681 causis
463 615 610 679 omnium
633 611 763 696 probris
792 611 911 675 memte
944 609 1132 675 traducitur
1271 611 1364 694 Quas
1398 619 1512 678 amen
1541 613 1724 681 obtendant
1753 615 1898 682 rationes
1931 617 2085 701 imperiti
2116 617 2172 684 sod

150 706 225 784 [pag.
251 706 305 780 16]
327 698 445 767 iudicis
468 698 630 772 socordia.
659 699 715 781 qui
744 717 785 762 ex
807 696 946 762 aliorum
969 696 1130 779 opinione,
1184 719 1252 763 non
1272 699 1353 764 mali
1374 700 1535 777 homines,
1559 699 1676 783 quibus
1694 708 1788 767 tanto
1810 701 1927 768 sceleri
1946 700 2063 769 danda
2080 702 2171 769 vidc-

148 789 287 872 ignarus
311 786 382 869 ipse
411 787 511 852 totius
544 786 608 864 rei,
649 785 848 850 sententiam
887 782 967 847 fert:
1008 789 1131 865 quanto
1184 792 1240 849 tur
1273 786 1464 869 impunitas,
1498 784 1645 852 breviter
1678 785 1859 854 videndum
1893 796 1957 854 est
2013 789 2170 874 Regnum

148 873 260 938 minus
281 869 409 938 ferendi
430 879 509 937 sunt
530 873 587 955 qui
608 871 645 934 in
667 890 767 935 eausa
790 869 924 952 pietatis
945 867 1131 950 inquisitio·
1184 891 1290 950 suum,
1313 872 1479 956 inquiunt,
1509 891 1610 937 manu
1631 879 1666 936 et
1699 873 1800 939 armis
1821 874 1982 940 constitui
2005 875 2171 942 Dominus

148 980 240 1038 nem,
280 979 364 1041 quae
395 959 533 1040 privatis
572 958 672 1023 etiam
705 955 888 1039 quibusque
920 952 1130 1036 praecipitur,
1183 977 1250 1021 non
1272 957 1386 1038 voluit,
1416 955 1475 1023 sed
1496 957 1660 1040 spirituali
1687 959 1852 1044 evangelii
1874 958 2004 1044 gladio:
2041 969 2077 1026 et
2097 983 2171 1028 snos

150 1044 268 1128 supino
289 1043 421 1109 fastidio
438 1042 674 1128 negliguncv)
718 1042 835 1124 Itaque
857 1037 1059 1104 detestabilis
1081 1048 1131 1104 est
1182 1040 1334 1108 hortatus
1357 1052 1415 1122 est,
1444 1049 1483 1108 ut
1503 1044 1612 1126 parati
1632 1052 1743 1110 essent
1769 1046 1941 1129 proprium
1970 1048 2172 1133 sangninem

148 1130 207 1195 illa
227 1151 310 1212 quae
332 1130 366 1194 in
394 1138 519 1212 papatu
542 1130 728 1195 dominatur
751 1126 931 1192 barbaries:
966 1146 1027 1190 nec
1049 1144 1130 1190 voro
1182 1127 1334 1195 fundere:
1356 1139 1394 1195 ut
1415 1128 1561 1194 alienum
1582 1130 1769 1210 fundarant,
1797 1151 1962 1215 nusquam
1984 1135 2170 1218 praecepit:

149 1214 304 1282 horribile
321 1216 386 1280 Dei
408 1215 568 1282 iudicium
591 1214 735 1298 effugiet.
767 1212 899 1278 Adsunt
916 1211 1023 1294 parati
1040 1230 1130 1274 mar-
1183 1214 1347 1297 apostolos
1367 1223 1523 1298 tanquam
1545 1235 1649 1300 agnos
1674 1216 1711 1282 in
1738 1216 1884 1283 medinm
1905 1217 2070 1301 luporum
2092 1221 2170 1285 emi-

147 1307 239 1386 tyres
272 1300 313 1365 ad
345 1299 547 1367 reddendam
575 1303 723 1365 omnium
750 1297 928 1376 rationem,
963 1298 991 1362 si
1022 1296 1128 1361 liceat.
1182 1301 1234 1380 sit,
1257 1323 1323 1366 non
1345 1302 1506 1368 instruxit
1527 1303 1636 1367 carnis
1658 1303 1814 1386 potantia
1859 1305 1966 1387 Atqui
1999 1307 2030 1372 si
2060 1314 2172 1371 eonha

147 1386 241 1453 Adeo
264 1387 358 1452 nulla
390 1408 432 1452 ex
463 1386 564 1453 verbo
591 1386 657 1452 Dei
683 1383 872 1452 conceditur
900 1382 1061 1461 defensio,
1091 1388 1130 1446 ut
1182 1387 1352 1469 excipiam,
1392 1408 1553 1471 nusquam
1588 1388 1772 1454 Dominum
1810 1389 1878 1455 suis
1917 1391 2104 1458 mandasse
2137 1401 2173 1457 ut

148 1473 285 1540 actionis
307 1473 509 1558 principium
531 1473 590 1552 sit,
619 1472 747 1537 nullam
777 1469 1045 1553 disceptationem
1072 1467 1129 1533 ad·
1181 1471 1279 1552 furta,
1302 1474 1444 1556 rapinas,
1479 1472 1650 1554 adulteria,
1673 1474 1798 1554 caedas,
1826 1476 1990 1542 veneficia
2019 1478 2170 1562 puniant,

147 1559 288 1625 mittere.
333 1559 450 1642 Itaque
477 1580 559 1625 ansa
585 1558 767 1623 rationibus
795 1555 958 1640 praecisa,
991 1554 1129 1619 miseros
1181 1557 1725 1643 ideoqueimpuneferendaesse
1748 1560 1974 1642 haecomnia,
1999 1563 2171 1646 quiddie-

147 1644 299 1710 homines
328 1648 396 1710 noir
423 1642 550 1711 auditos
577 1645 813 1711 excarnificant
837 1641 917 1708 diris
940 1639 1128 1706 tormentis:
1181 1645 1248 1709 turi
1266 1645 1368 1710 sunt?
1413 1644 1647 1711 Concedentne
1664 1645 1823 1712 laxandas
1840 1668 1912 1712 esse
1930 1647 2085 1716 habenas
2103 1671 2171 1716 scs·

147 1738 261 1814 postea
282 1731 405 1815 linguis
423 1731 563 1798 exsectis
582 1729 623 1795 ad
640 1731 753 1814 ignem
771 1727 961 1806 extrudunt,
984 1748 1053 1791 non
1073 1726 1129 1810 qui
1181 1729 1304 1811 lanatis,
1328 1752 1366 1797 ao
1388 1753 1456 1796 non
1477 1733 1585 1815 potius
1604 1731 1723 1811 dicent,
1746 1753 1812 1798 non
1831 1734 1973 1813 obstare,
1998 1756 2087 1819 quae
2104 1738 2170 1802 sin·

148 1838 209 1882 sua
229 1818 364 1882 flamma
386 1837 442 1882 eos
464 1819 576 1882 statim
599 1815 765 1891 absumat,
799 1813 856 1879 sed
883 1813 977 1878 lenta
1003 1812 1129 1878 ustula·
1182 1817 1269 1899 gulis
1307 1817 1517 1901 praecipitur,
1557 1818 1776 1897 tolerantiam,
1816 1821 1997 1901 quominus
2035 1823 2170 1906 vigeant

148 1902 238 1968 tione
267 1904 434 1982 conficiat,
469 1925 533 1986 quo
561 1924 596 1968 se
622 1903 707 1967 mori
737 1900 898 1980 sentiant,
932 1906 970 1963 ut
1001 1897 1130 1963 dicebat
1181 1901 1293 1986 logum
1315 1902 1524 1970 sanctiones?
1569 1903 1697 1969 Verum
1720 1904 1852 1987 quidem
1874 1928 1947 1971 esse
1969 1908 2091 1986 fateor,
2115 1930 2169 1974 ne-

147 1996 310 2074 tyrannus
332 1989 396 2055 ille.
420 1990 603 2072 Exemplar
624 2010 703 2053 sane
724 1986 807 2052 illud
825 1996 877 2050 est
898 1993 970 2049 tum
992 1984 1129 2050 belluini
1181 2008 1245 2070 que
1277 1990 1310 2054 vi
1349 1997 1477 2054 armata
1514 1997 1659 2055 ereetum
1700 1991 1740 2056 ab
1779 1992 1873 2056 initio
1908 1992 2015 2057 fuisse
2044 1993 2169 2059 Christi

147 2082 201 2140 stu
226 2076 308 2153 oris,
342 2084 413 2140 tum
441 2075 596 2140 immanis
627 2075 791 2140 saevitiae.
836 2068 1005 2154 Rectaque
1027 2070 1129 2135 etiam
1181 2095 1331 2157 regnum,
1366 2096 1472 2159 neque
1506 2095 1675 2140 armorum
1709 2077 1869 2160 praesidio
1902 2085 2002 2143 stare.
2055 2080 2168 2145 Evau-

146 2161 182 2225 in
203 2097 267 2227 lac
288 2169 382 2243 parte
396 2163 619 2245 Augustinus:
644 2160 683 2225 Si
701 2167 897 2237 terreantur,
919 2157 1073 2239 inquit,³)
1095 2164 1129 2220 et
1181 2161 1259 2244 gebi
1281 2161 1369 2225 enirn
1391 2161 1634 2243 praedieatione
1662 2184 1802 2245 regnare
1824 2161 2001 2227 Christum
2029 2174 2167 2249 oportet,

147 2266 216 2310 non
238 2245 433 2325 doccantur,
466 2248 617 2331 improba
637 2247 731 2329 quasi
753 2244 930 2309 dominatio
952 2240 1127 2307 videbitur.
1181 2253 1218 2310 ut
1261 2246 1438 2330 impleatur
1481 2252 1556 2326 [pag.
1594 2252 1645 2327 18]
1683 2249 1875 2314 vaticinium
1914 2247 2014 2314 illud:
2060 2252 2167 2335 Popu-

148 2329 216 2396 Sed
235 2352 350 2396 rursus
380 2334 408 2396 si
436 2331 594 2399 docentur
617 2341 650 2398 ct
670 2353 738 2396 non
760 2335 942 2406 torrentur,
964 2335 1129 2393 vetustate
1180 2331 1234 2396 1ιιε
1268 2354 1366 2414 quem
1400 2354 1465 2398 non
1501 2355 1656 2398 noveram
1689 2332 1771 2398 mihi
1803 2334 1973 2401 subiectus
2014 2338 2091 2417 fuit,
2130 2336 2166 2402 ad

148 2416 393 2482 consuetudinis
413 2418 564 2483 obdurati
587 2418 629 2483 ad
652 2414 884 2501 capessendam
906 2414 996 2479 viam
1013 2413 1128 2478 salutis
1181 2416 1332 2482 auditum
1354 2420 1443 2484 auris
1465 2418 1611 2484 obedivit
1631 2420 1715 2483 mihi
1742 2420 1846 2503 (Psal.
1874 2424 1923 2499 18,
1947 2422 2020 2506 45).
2054 2423 2165 2507 Itaque

147 2501 275 2587 pigrius
297 2513 443 2587 surgent.
487 2503 540 2569 De
562 2505 719 2570 convictis
741 2501 914 2566 haereticis
937 2500 1090 2582 loquitur,
1098 2502 1127 2577 ⁴)
1179 2504 1354 2583 Dominus,
1377 2526 1442 2587 quo
1462 2503 1623 2569 illustrior
1655 2513 1741 2570 esset
1774 2507 1863 2572 vocis
1896 2528 1979 2572 suae
2013 2509 2163 2585 efficacia

147 2590 204 2672 qui
226 2589 368 2670 superba
390 2597 521 2654 tantum
542 2592 731 2655 morositate
753 2586 878 2652 inducti
896 2585 1128 2652 discessionem
1180 2588 1285 2654 nudos
1308 2596 1342 2654 et
1361 2591 1504 2655 inermes
1521 2591 1613 2655 misit
1630 2591 1806 2673 apostolos:
1830 2613 1892 2658 nec
1910 2593 2013 2659 modo
2033 2594 2164 2660 destitui

148 2675 189 2739 ab
223 2674 360 2739 ecclesia
392 2676 546 2741 fecerant.
599 2674 688 2757 Quid
722 2695 800 2758 ergo
829 2672 993 2738 dicturum
1026 2672 1127 2736 fuisse
1180 2675 1287 2741 voluit
1313 2682 1448 2741 terrena
1474 2677 1631 2758 potentia,
1667 2676 1723 2742 scd
1756 2686 1861 2742 totum
1895 2680 1966 2743 fere
2002 2681 2160 2746 mundum

146 2767 317 2844 putamus,
352 2762 387 2826 si·
413 2763 484 2844 pios
511 2768 545 2826 ct
572 2761 737 2845 simplices
764 2759 865 2825 unius
893 2759 959 2823 Dei
985 2757 1127 2823 cultores
1179 2760 1300 2827 habere
1321 2762 1489 2841 infestum,
1517 2770 1557 2826 ut
1585 2762 1759 2827 coelestem
1780 2784 1851 2828 csse
1871 2765 2042 2848 evangelii
2067 2769 2161 2833 victo-

147 2844 324 2911 orudclitcr
353 2845 488 2913 vidisset
509 2847 571 2912 hae
594 2854 725 2911 tantum
743 2866 842 2911 causa
863 2843 1021 2922 ustulari,
1050 2842 1127 2925 quia
1179 2848 1263 2910 riam
1285 2847 1438 2913 omnibus
1459 2856 1632 2926 constaret,
1661 2848 1738 2913 dum
1766 2849 1872 2913 instar
1894 2850 2032 2932 palmae
2056 2861 2161 2918 centn

145 2933 318 2997 hominnm
340 2934 506 3017 figmentis
524 2934 650 3000 clarum
662 2933 728 2998 Dei
746 2931 885 2997 verbum
902 2927 1125 3012 opponerent?
1180 2941 1229 2996 tot
1252 2941 1384 3016 tamque
1407 2934 1511 2998 ardua
1532 2934 1702 3000 obstacula
1723 2936 1864 2999 emersit.
1910 2936 1984 3002 Nec
2006 2961 2087 3003 vero
2109 2938 2160 3003 ali·

145 3019 261 3104 Neque
283 3019 372 3083 enim
395 3040 499 3102 papae
520 3019 733 3085 incendiariis
761 3024 932 3098 tantopere
959 3013 1128 3080 saeviendi
1180 3024 1230 3082 ter
1252 3019 1314 3082 hac
1337 3027 1444 3084 aetate
1466 3041 1566 3102 quam
1588 3021 1694 3084 invito
1713 3029 1746 3084 et
1763 3021 1950 3086 reluctante
1968 3024 2099 3089 mundo
2117 3023 2158 3089 vel

145 3104 210 3170 alia
232 3112 283 3170 est
304 3105 402 3183 ratio,
432 3107 495 3170 nisi
522 3104 611 3188 quod
638 3104 763 3171 fictitiis
792 3102 860 3168 suis
882 3101 1010 3185 legibus
1033 3099 1126 3182 quid·
1181 3104 1288 3169 denuo
1309 3107 1454 3170 surrexit
1476 3106 1529 3171 vol
1552 3105 1660 3170 adhuc
1681 3108 1784 3171 floret.
1816 3105 1886 3171 Sua
1903 3108 2012 3190 igitur
2032 3112 2157 3185 virtute,

145 3212 243 3274 quam
276 3188 427 3275 derogari
455 3213 521 3256 non
553 3192 725 3258 sustinent.
772 3186 841 3254 Sed
868 3209 923 3253 eos
952 3207 1128 3269 suppressa
1178 3211 1246 3254 non
1268 3190 1441 3256 hominum
1462 3213 1563 3256 manu
1585 3193 1767 3256 sustinetur
1789 3192 1914 3276 religio.
1951 3194 2024 3260 Nec
2044 3197 2157 3261 frustra

147 3277 313 3342 doetrinae
336 3276 425 3356 luco,
459 3284 528 3342 tam
561 3279 759 3360 impotenter
787 3275 897 3339 furere
916 3273 1039 3338 mirum
1060 3292 1128 3337 non
1180 3277 1342 3360 evangelii
1369 3277 1540 3342 ministros
1561 3278 1719 3360 patientia
1741 3279 1845 3360 magis
1866 3289 1977 3343 armat
2000 3280 2155 3357 Christus,

146 3371 212 3441 est,
235 3384 375 3445 quorum
397 3362 579 3428 dominatio
599 3365 636 3428 in
658 3361 803 3430 confusis
826 3359 918 3427 verbi
936 3360 1000 3424 Dei
1023 3357 1128 3423 ruinis
1179 3382 1277 3444 quam
1298 3362 1443 3428 bellandi
1462 3363 1630 3429 facultate:
1654 3363 1731 3445 quia
1749 3365 1795 3428 sio
1812 3363 1978 3431 animatos
1997 3387 2072 3432 esse
2089 3389 2156 3432 eou-

145 3447 284 3513 fnndata
306 3456 369 3526 est,
399 3453 473 3527 [pag.
500 3455 552 3531 17]
575 3450 748 3532 atquibus
769 3467 844 3529 spes
867 3445 1023 3512 victoriae
1045 3465 1127 3508 non-

146 3535 210 3599 uisi
239 3534 275 3596 in
303 3534 447 3599 tenebris
480 3536 552 3600 sita.
605 3536 724 3618 Longe
756 3534 851 3598 aliter
886 3531 1022 3597 ecelesia
1051 3530 1126 3607 Dei,

147 3640 246 3702 quae,
281 3626 320 3683 ut
344 3619 420 3684 fidei
443 3642 521 3685 suae
544 3622 781 3686 confessionem
805 3640 848 3682 ex
868 3639 925 3682 ore
947 3617 1011 3680 Dei
1032 3615 1125 3698 petit,

145 3705 194 3770 ita
232 3703 275 3769 ad
307 3705 444 3770 eandem
476 3707 641 3791 regulam,
675 3727 717 3770 ne
749 3712 957 3787 praepostere
989 3702 1125 3780 feratur,

146 3791 253 3857 zelum
275 3812 373 3856 suum
394 3799 564 3875 temperat.
608 3790 712 3856 Nobis
734 3791 838 3874 igitur
859 3790 940 3872 quin
963 3787 1126 3852 servanda

145 3878 189 3943 sit
211 3883 327 3943 exacta
355 3884 426 3941 turn
447 3878 638 3960 prudentia,
667 3885 738 3941 tum
766 3872 999 3951 mansuetudo,
1032 3872 1126 3937 nulla

147 3963 307 4029 dubitatio
336 3972 402 4029 cst:
438 3961 556 4028 deinde
589 3965 669 4046 quin
700 3960 820 4027 iudicio
853 3961 981 4044 praeire
1009 3960 1126 4023 debeat

144 4049 274 4134 placida
305 4057 338 4114 et
368 4049 522 4133 religiosa
554 4049 722 4114 doctrinae
755 4047 907 4132 cognitio.
963 4045 1030 4112 Sed
1063 4045 1125 4109 hoc

146 4137 281 4200 minime
303 4134 470 4201 obstaculo
494 4143 546 4201 cst
568 4136 648 4219 quin
670 4135 885 4219 magistratus
907 4134 1050 4198 officium
1072 4132 1125 4210 sit,

145 4222 253 4306 gladio
276 4229 309 4286 et
330 4222 444 4303 poenis
467 4242 629 4299 coercere,
653 4222 725 4304 qui,
747 4241 848 4304 quum
871 4219 935 4302 ipsi
956 4219 1025 4284 sint
1047 4238 1125 4300 apo·

145 4315 250 4372 statae
272 4329 292 4371 a
314 4315 403 4372 recta
422 4307 500 4386 fide,
530 4307 610 4372 alios
634 4305 676 4372 ad
703 4307 916 4372 defectionem
938 4304 1123 4381 sollicitant,

146 4401 180 4458 et
218 4394 254 4458 in
294 4393 406 4459 Deum
446 4394 672 4459 contumeliosi
712 4393 850 4457 miseras
886 4391 1013 4456 animas
1051 4390 1124 4453 illa-

217 4701 245 4763 1)
267 4701 314 4756 Sic
331 4703 396 4756 labri
413 4701 488 4756 editi.
527 4701 625 4756 Gallus
643 4702 722 4756 bene:
738 4701 818 4755 d'une
837 4717 928 4756 cause.

215 4769 245 4837 2)
263 4771 337 4824 Add.
362 4770 412 4837 Qui
430 4772 491 4840 plus
510 4778 561 4838 est,
580 4786 631 4824 ven
650 4787 701 4839 que
720 4770 789 4824 Dieu
809 4769 965 4824 commanda
984 4771 1125 4824 estroicte-

146 4846 220 4893 maut
246 4841 262 4894 a
288 4839 390 4893 chacun
413 4840 569 4907 particulier
595 4839 628 4893 de
652 4840 764 4894 cercher
790 4855 821 4893 sa
847 4840 934 4893 verite
957 4855 1027 4907 pour
1052 4847 1124 4892 estre

146 4909 249 4962 certain
273 4915 301 4961 et
318 4909 409 4962 rcsolu
434 4909 467 4962 de
486 4924 517 4962 sa
535 4909 593 4976 foy:
618 4923 687 4962 ceux
710 4910 755 4977 qui
780 4915 828 4962 ont
851 4910 868 4962 a
891 4923 1045 4976 prononeer
1063 4923 1124 4961 sen-

146 4984 224 5031 tence
255 4992 289 5030 en
316 4977 452 5030 authorite
479 4977 608 5046 publique
628 4985 721 5031 serent
742 4976 776 5030 ils
800 4978 816 5030 a
839 4991 953 5031 excuser
977 4976 1065 5043 quand
1090 4977 1123 5031 ils

145 5043 271 5099 n'auront
288 5051 353 5098 tenu
371 5052 477 5113 compte
496 5045 586 5099 destra
605 5047 665 5099 bien
683 5046 790 5100 resolus
809 5060 842 5098 en
861 5061 891 5099 ce
910 5042 987 5113 qu'ils
1006 5044 1084 5098 font?

214 5113 244 5180 3)
263 5113 299 5167 ad
317 5113 439 5167 Vincent
456 5113 545 5182 Epist
561 5111 602 5166 48.

214 5180 244 5250 4)
267 5181 367 5237 Gallus
383 5196 509 5250 expresse
526 5181 694 5237 Donatistae
710 5182 842 5236 nominat.

1179 3448 1279 3526 venit,
1312 3456 1350 3512 ut
1372 3470 1471 3532 quam
1493 3449 1608 3533 lingua
1629 3458 1781 3514 asserunt
1803 3449 1998 3529 doctrinam,
2032 3454 2155 3536 proprio

1179 3535 1349 3617 sauguine,
1380 3536 1507 3617 quoties
1536 3556 1618 3618 opus
1639 3535 1747 3614 fucrit,
1781 3536 1956 3619 obsignare
1980 3559 2052 3602 nou
2074 3537 2155 3603 dubi·

1179 3626 1260 3684 tent.
1304 3621 1456 3685 Primum
1475 3641 1574 3687 verae
1596 3641 1758 3703 sanaeque
1781 3621 1949 3687 doctrinae
1967 3624 2154 3707 plerumque

1179 3704 1396 3772 adversantur
1418 3705 1533 3771 mundi
1555 3707 1728 3790 principes.
1774 3706 1904 3772 Deinde
1926 3710 2065 3789 multos,
2093 3711 2153 3794 qui·

1179 3791 1239 3856 bus
1260 3791 1303 3855 ad
1326 3792 1426 3857 breve
1446 3800 1578 3875 tempus
1599 3793 1717 3870 arrisit,
1748 3814 1808 3858 suo
1836 3794 1947 3878 rigore
1977 3803 2152 3880 exasperat

1177 3878 1280 3942 Pauci
1303 3885 1380 3942 sunt
1402 3879 1459 3961 qui
1481 3877 1614 3943 ferendo
1636 3878 1713 3962 iugo
1736 3880 1898 3945 cervicem
1921 3879 2069 3946 libenter
2087 3882 2152 3946 sub

1177 3963 1324 4026 mittant:
1348 3972 1382 4028 et
1403 3963 1677 4047 quemadmodum
1700 3964 1829 4030 delitias
1851 3965 1914 4030 sibi
1938 3966 2005 4048 ipsi
2028 3968 2151 4042 faciunt,

1177 4051 1224 4113 ita
1246 4049 1394 4114 doctores
1421 4057 1581 4133 appetunt
1608 4050 1745 4115 blandos
1768 4059 1801 4115 et
1822 4051 1978 4129 mellitos,
2015 4056 2073 4136 qui
2095 4075 2152 4119 ser·

1176 4135 1287 4198 viliter
1309 4135 1493 4200 adulentur.
1538 4136 1611 4201 Iam
1634 4136 1783 4203 videmus
1804 4158 1905 4219 quam
1926 4158 1996 4201 non
2016 4138 2151 4223 aequalis

1178 4221 1222 4284 sit
1254 4221 1440 4305 principum
1474 4224 1644 4299 successio,
1680 4222 1737 4287 sed
1772 4222 1853 4287 bene
1888 4226 2110 4309 compositum
2137 4244 2151 4286 a

1176 4313 1271 4388 patre
1294 4309 1448 4373 ecelesiae
1475 4318 1599 4373 stat-um
1621 4308 1709 4372 filius
1732 4310 1825 4390 quasi
1847 4309 1995 4374 violenta
2018 4310 2153 4394 procella

1177 4400 1312 4475 repente
1335 4395 1511 4459 subvertat.

1264 4480 1367 4561 Atqui
1389 4479 1552 4563 evangelii
1572 4481 1739 4544 ministres
1760 4480 1897 4545 minime
1918 4481 1961 4544 ad
1980 4481 2152 4564 quamlibet

1178 4585 1293 4628 auram
1326 4566 1486 4630 flexibiles
1521 4574 1639 4630 nutare
1676 4566 1781 4631 dccet:
1811 4588 1925 4629 vorum
1962 4586 2151 4651 quocunque

1177 4650 1336 4715 inclinent
1368 4650 1540 4716 hominum
1574 4652 1685 4731 animi,
1719 4659 1752 4716 et
1782 4651 1963 4734 quamlibet
1991 4652 2152 4719 dissimilis

1177 4736 1220 4801 sit
1240 4743 1426 4819 temporum
1454 4737 1605 4814 conditio,
1638 4745 1767 4803 rectum
1796 4758 1930 4802 cursum
1960 4747 2085 4818 tenere,
2117 4759 2152 4803 ne

1177 4829 1312 4887 aeterna
1334 4830 1367 4887 et
1389 4823 1602 4888 immutabilis
1624 4824 1689 4888 Dei
1710 4824 1842 4899 veritas,
1872 4844 1958 4906 quae
1986 4824 2078 4908 apud
2105 4844 2152 4889 eos

1176 4906 1326 4990 deposita
1348 4918 1407 4988 est,
1444 4909 1570 4993 perfida
1597 4931 1710 4974 corum
1736 4909 1872 4993 ignavia
1894 4909 2057 4976 concidat
2101 4909 2150 4975 Sic

1176 5002 1305 5059 veteres
1327 4995 1519 5078 prophetas,
1548 4995 1627 5060 licet
1652 4995 1801 5079 propitiis
1830 4995 2000 5060 interdum
2025 4996 2149 5080 regibus

1176 5080 1229 5144 usi
1250 5080 1325 5159 sint,
1348 5103 1526 5164 eorumque
1552 5081 1716 5164 pracsidio
1740 5086 1815 5161 [pag.
1842 5087 1896 5161 19]
1919 5081 2033 5162 adiuti,
2067 5081 2147 5147 vida·

1177 5186 1252 5231 mus
1273 5173 1386 5232 tamen
1408 5168 1508 5234 variis
1530 5166 1667 5234 subinde
1690 5167 1941 5249 tempestatibus
1969 5170 2070 5235 fuisse
2090 5169 2146 5232 iac-
