4620 5894
127 218 216 288 XIV
715 212 989 285 retornetis
1009 213 1307 305 ,mohofflffl
1328 213 1551 285 mouns.

125 426 264 475 omnes
283 442 343 486 -,
371 404 493 475 desinit
513 407 549 472 in
571 406 693 473 verbis:
724 415 763 472 et
785 405 877 490 quis
899 410 1062 472 avertet
1083 404 1191 471 eam?
1232 402 1334 491 (Edit
1357 412 1489 472 nestrae
1511 406 1603 471 Tem.
1626 406 1645 470 Ι
1666 426 1742 492 pag.
1766 404 1963 494 act—902.)
2007 406 2149 474 Adeunt

124 517 281 585 lectiones
302 515 440 585 editioni
461 516 687 585 Gerardianae
704 516 902 600 peculiares,
935 538 1002 582 uon
1031 537 1110 583 vero
1138 517 1269 582 numeri
1291 517 1472 585 sectionum
1501 517 1572 584 sive
1593 517 1890 603 paragrapherum,
1923 540 2006 604 quas
2029 528 2150 591 tamen

126 630 354 716 typographus
376 629 536 696 hacteuus
558 650 625 695 nen
647 628 833 714 neglexisse
851 627 1008 694 dicendus
1026 637 1084 707 est,
1109 627 1197 711 qued
1213 648 1429 713 unaquaeque
1447 630 1553 713 spatie
1572 630 1765 712 interposito
1783 650 1902 697 anova
1914 630 2002 698 linea
2015 631 2145 715 incipit

281 741 364 826 Peg.
388 746 429 806 90
461 742 542 807 haec
564 741 736 825 leguntur:
783 737 963 806 Christiane
992 737 1153 806 lectori&
1194 739 1298 821 Quum
1319 740 1400 806 buce
1421 741 1459 807 de
1482 739 1773 807 Praedestinetc'eae
1795 748 1824 808 et
1848 741 2055 809 Providentia
2076 742 2147 810 Dei

127 851 280 932 libellum,
301 872 364 918 coc
386 853 523 934 apposite
544 853 625 918 actis
645 852 787 918 desinere
809 855 837 915 et
857 852 993 917 nimium
1014 850 1131 917 multus
1145 853 1287 935 pepiuee
1307 872 1422 919 eccere
1443 851 1594 931 darem,
1614 852 1697 917 nibil
1711 854 1821 935 potius
1837 873 1903 920 ease
1924 854 2026 935 duci,
2045 874 2146 936 quam

125 965 158 1031 ei
178 964 265 1030 breve
286 963 339 1030 boc
360 963 412 1030 De
433 962 573 1029 libertate
597 961 780 1030 Christiane
800 962 992 1045 eptomadam
1011 963 1076 1030 eice
1097 962 1313 1046 suppleverat,
1336 962 1387 1030 illi
1408 963 1617 1047 ellenperem.
1652 963 1728 1030 Etsi
1750 964 1835 1030 enim
1851 984 1912 1031 noe
1934 970 1980 1031 est
2000 965 2145 1032 eiusdem

125 1095 264 1158 prorem
280 1075 465 1161 crpamenti,
489 1074 530 1140 cb
552 1095 585 1142 eo
607 1080 710 1140 tumen
726 1093 837 1157 pectere
857 1094 920 1139 coa
940 1074 1073 1141 mudma
1095 1072 1246 1141 obhorret.
1277 1072 1399 1142 Fruere
1420 1074 1527 1159 ipitur,
1550 1077 1649 1141 calc
1667 1075 1783 1156 Lector,
1807 1081 1835 1140 et
1856 1081 1995 1143 acetrum
2017 1081 2146 1161 erpcte

127 1186 381 1256 cccccccccc
401 1190 453 1253 tuo
473 1186 582 1269 fecem
603 1190 631 1252 et
652 1185 858 1253 benevolentia
873 1205 1072 1267 prosequere.
1124 1185 1212 1252 Vale.

280 1321 439 1407 Sequitur
467 1345 542 1408 pag.
566 1327 732 1389 91-112:
772 1301 857 1384 DE
888 1300 1097 1400 LIBER,
1125 1308 1131 1413 Ι
1158 1312 1250 1386 tate
1281 1300 1825 1408 Christiana‚lro.csuv1r1
1847 1335 2038 1392 ummcvs.
2068 1324 2143 1393 Sub

124 1457 188 1520 quo
219 1435 316 1501 titulo
343 1435 390 1501 Io.
415 1434 588 1518 Crispinus
615 1433 842 1503 Institutionis
867 1433 950 1519 Cap.
972 1434 1046 1499 XII
1077 1435 1170 1518 qnasi
1203 1434 1370 1519 singulare
1399 1433 1523 1518 aliquid
1555 1435 1760 1501 celeberrimi
1791 1437 1916 1502 autoris
1943 1437 2144 1520 opusculum

125 1547 332 1630 cupientibus
354 1547 460 1612 effert.
504 1546 628 1629 Incipit
648 1566 669 1609 a
689 1547 806 1612 verbo:
830 1543 1120 1624 Tractandum,
1144 1546 1234 1611 etin
1256 1546 1345 1612 idem
1367 1545 1497 1612 desiuit.
1536 1545 1641 1630 (Edit
1665 1553 1796 1614 nostrae
1815 1548 1907 1613 Tem.
1928 1548 1956 1614 L
1979 1570 2055 1634 pag.
2079 1551 2142 1614 829

125 1660 259 1744 -840.)

283 1769 381 1851 Quod
404 1770 433 1836 si
455 1770 528 1853 quie
548 1769 749 1852 quaesiverit
775 1790 818 1834 an
837 1767 997 1835 Calvinus
1016 1767 1088 1850 ipse
1110 1768 1192 1835 haec
1213 1769 1346 1835 maioris
1369 1769 1476 1852 operis
1498 1769 1639 1835 frustula
1661 1770 1839 1853 separatim
1859 1769 1978 1837 excudi
1999 1771 2139 1851 iusserit,

128 1902 316 1966 quanquam
337 1881 418 1948 certi
440 1880 524 1946 nihil
549 1879 589 1946 de
612 1901 651 1945 ea
673 1902 709 1946 re
731 1880 773 1946 ad
795 1901 855 1946 nos
876 1880 1039 1964 pervenit,
1062 1879 1206 1963 plurima
1226 1887 1338 1946 tamen
1360 1878 1490 1947 obstare
1510 1880 1666 1947 videntur
1687 1882 1861 1964 quominus
1881 1881 1947 1946 tale
1968 1883 2142 1949 consilium

127 1994 200 2060 viro
222 2015 352 2059 summo
373 1993 569 2059 tribuamus.
613 1991 684 2058 Cur
706 1993 794 2058 enim
814 1991 871 2057 alii
890 1991 1100 2076 typographo
1122 2008 1180 2057 aut
1202 1991 1321 2057 editori
1348 2013 1419 2057 rem
1441 1993 1659 2059 commisisset
1680 2013 1778 2076 quam
1800 1994 1831 2057 ei
1856 1994 1913 2076 qui
1933 1993 2141 2060 Institutioni

128 2104 339 2172 excudendae
359 2124 497 2189 operam
516 2104 707 2187 nuperrime
729 2102 933 2170 novaverat?
979 2101 1049 2168 Cur
1071 2103 1152 2169 haec
1174 2104 1239 2169 duo
1261 2105 1470 2188 potissimum
1493 2105 1616 2188 capita,
1644 2105 1733 2170 inter
1754 2125 1789 2169 ee
1812 2125 1877 2169 non
1899 2123 2068 2184 connexa,
2095 2112 2141 2171 tot

130 2215 204 2282 aliis
225 2216 429 2299 postpositis,
456 2215 634 2283 lectoribus
655 2215 813 2281 tenuioris
836 2213 1048 2294 conditionis,
1080 2215 1136 2298 qui
1161 2215 1285 2282 scilicet
1306 2217 1412 2282 maius
1429 2237 1510 2299 opus
1532 2236 1640 2281 emere
1661 2237 1728 2281 non
1750 2223 1918 2300 poterant,
1947 2215 2139 2284 obuhssect

129 2327 201 2395 Cur
222 2327 363 2392 alterurn
384 2326 472 2392 futili
494 2332 669 2410 praetextu
697 2346 779 2391 usus
804 2326 907 2409 priori
929 2325 1149 2406 adiunxisset,
1183 2348 1302 2411 nempe
1323 2347 1366 2392 ne
1387 2327 1509 2411 pagina
1531 2327 1683 2393 vacaret?
1729 2326 1814 2410 Quis
1834 2327 1947 2394 credat
1966 2329 2040 2413 ipso
2063 2336 2141 2396 teste

130 2445 164 2505 et
186 2439 317 2522 auspice
339 2438 404 2524 dici
425 2439 584 2521 potuisse,
607 2444 782 2505 hmtatirm
804 2437 844 2504 de
865 2438 1175 2504 Praedestinutione
1201 2459 1268 2504 non
1290 2439 1370 2505 satis
1393 2437 1542 2521 apposite
1563 2437 1733 2505 desinere?
1780 2439 1865 2521 Quis
1886 2439 2022 2506 demum
2044 2441 2141 2508 talem

130 2558 279 2617 autorem
300 2571 377 2617 suos
404 2550 534 2618 labores
560 2550 667 2616 alieno
690 2549 871 2634 patrocinio
897 2548 1141 2617 commendatos
1168 2551 1203 2615 in
1225 2550 1394 2634 publicum
1420 2549 1512 2616 exire
1533 2569 1667 2633 passum
1687 2551 1782 2616 esse?
1828 2551 1923 2632 Quae
1951 2552 1980 2617 si
2002 2573 2141 2637 perpen-

130 2661 240 2729 dimus
262 2662 319 2728 vix
342 2683 363 2727 a
384 2663 478 2729 nobie
499 2663 678 2744 impetrare
705 2680 882 2744 possumus
904 2668 943 2727 ut
964 2661 1156 2745 Crispinum
1178 2682 1198 2726 a
1218 2661 1343 2728 fraudis
1365 2661 1517 2742 crimine,
1540 2668 1579 2727 ut
1600 2662 1696 2728 hodie
1718 2662 1852 2746 quidem
1873 2663 1955 2728 talia
1975 2664 2140 2730 aestimari

130 2773 252 2853 solent,
280 2773 447 2842 vindicare
467 2794 623 2841 conemur
630 2797 638 2854 ;
671 2773 741 2854 vel,
777 2773 805 2840 si
825 2773 886 2841 hoo
916 2774 1016 2840 nimis
1042 2794 1157 2858 aspere
1180 2773 1305 2840 dictum
1326 2773 1493 2854 videatur,
1526 2773 1644 2840 saltem
1671 2775 1856 2842 inconsulto
1884 2781 2000 2840 autore
2029 2777 2143 2843 seciae

129 2891 322 2953 statuemus.

282 2997 465 3080 Exemplar
485 2997 585 3063 huius
606 2997 710 3064 libelli
732 2998 853 3063 nestris
874 2998 974 3082 copiis
998 2996 1184 3063 addendum
1211 2997 1335 3062 frustra
1363 2996 1471 3062 adhuc
1492 2997 1725 3081 quaesivimus.
1770 2995 1878 3063 Suum
1901 2998 1995 3065 nobis
2018 2999 2142 3064 exami-

127 3108 276 3174 nandum
296 3109 534 3176 humanissime
555 3110 717 3176 concessit
737 3110 800 3175 Vir
822 3110 974 3194 egregius
996 3109 1164 3176 Henricns
1186 3107 1365 3174 Lutteroth
1384 3109 1592 3187 Parisiensis,
1615 3108 1680 3174 alia
1700 3110 1767 3175 iam
1788 3109 1957 3177 occasione
1980 3109 2022 3176 de
2045 3109 2144 3177 simili

127 3220 234 3287 officio
255 3219 349 3287 nobis
371 3223 528 3305 praestito
550 3222 669 3288 merita
690 3242 766 3289 cum
787 3220 886 3287 leude
907 3231 1117 3287 memoratus.

912 3721 1116 3806 CAPUT
1148 3722 1365 3807 XXVIII.

516 3957 609 4052 DE
637 3957 798 4054 VITA
824 3957 1114 4055 HOMINIS
1143 3957 1545 4058 CHRISTIANI.
1603 3954 1752 4054 1550.

283 4209 378 4276 Idem
399 4209 575 4294 Crispinus
597 4209 697 4276 aliam
714 4211 814 4276 etiam
836 4212 1034 4297 particulam
1055 4213 1281 4280 Institutionis
1299 4214 1503 4281 calvinianae
1525 4216 1640 4282 eodem
1662 4235 1749 4280 anno
1771 4217 1949 4296 separatim
1972 4218 2066 4301 typis
2088 4239 2145 4283 ex-

127 4323 271 4405 scripsit,
300 4321 448 4387 libellum
470 4328 504 4386 et
525 4322 632 4405 quoad
654 4324 794 4388 formam
822 4332 855 4389 et
880 4325 987 4407 quoad
1009 4327 1178 4391 raritatem
1200 4326 1407 4409 praecedenti
1430 4327 1642 4392 simillimum.
1688 4326 1845 4392 Continet
1867 4334 1966 4408 caput
1988 4327 2145 4394 ultimum

128 4434 235 4514 operis
267 4435 402 4500 maioris
438 4435 507 4499 sive
540 4435 737 4518 vigesimum
769 4437 916 4520 primum
951 4458 993 4502 ex
1025 4437 1140 4503 eadem
1168 4438 1359 4504 recensione
1392 4459 1474 4521 quae
1507 4445 1579 4503 tum
1609 4438 1792 4503 novissima
1820 4448 1891 4502 erat
1920 4437 2144 4524 desumptum.

129 4542 260 4608 Titulus
282 4556 345 4611 est:

283 4661 367 4742 DE
406 4662 558 4745 VITA
594 4663 599 4767 Ι
633 4665 814 4748 hominis
855 4665 1085 4747 Christiani
1093 4674 1108 4770 ,’
1142 4663 1147 4767 Ι
1183 4667 1350 4777 insigne
1383 4667 1645 4777 opusculum.
1675 4673 1680 4776 Ι
1708 4688 1759 4751 ΙΝ
1782 4685 1879 4767 Qvo
1903 4686 1989 4752 VIR
2011 4688 2119 4756 Plvs
2136 4674 2151 4773 Ι

127 4790 332 4870 methodum,
356 4814 420 4875 qua
442 4795 484 4859 od
506 4803 634 4862 rectum
657 4798 904 4863 constituendae
927 4797 1014 4863 vitae
1033 4795 1038 4880 Ι
1057 4817 1192 4879 scopum
1215 4797 1408 4876 deducatur,
1432 4806 1465 4863 ct
1487 4799 1635 4882 regulam
1656 4798 1824 4880 quandam
1846 4799 1921 4863 uni·
1940 4800 1946 4882 Ι
1965 4801 2141 4879 uorsalem,

128 4901 171 4966 ad
193 4923 292 4985 quam
314 4904 421 4969 officia
442 4926 503 4970 sua
525 4907 653 4993 dirigat,
677 4909 784 4975 habet.
805 4908 810 4995 Ι
830 4910 955 4975 Ioanne
977 4907 1117 4974 Caluino
1140 4908 1286 4974 authore.
1310 4910 1566 4985 lCIINEVAE.
1588 4911 1592 4994 Ι
1617 4911 1663 4974 Μ.
1687 4911 1729 4975 Ι).
1753 4911 1793 4974 h.

283 5014 457 5080 Emblema
480 5018 628 5083 officinae
651 5039 715 5084 uon
735 5020 836 5086 adest.
882 5018 1087 5102 Subscriptio
1113 5020 1148 5083 in
1170 5021 1236 5083 fine
1259 5020 1356 5102 plane
1377 5020 1490 5085 elidem
1519 5043 1556 5086 ao
1578 5022 1611 5085 in
1635 5021 1843 5102 praecedenti
1867 5023 2039 5102 opusculo,
2065 5023 2140 5087 data

126 5130 240 5190 tamen
262 5125 351 5190 VIII
372 5125 509 5192 Calend.
531 5129 618 5193 Iulii.
664 5130 753 5195 Sunt
778 5132 1011 5214 quaterniones
1043 5138 1184 5212 quatuor
1216 5152 1290 5195 eum
1324 5149 1417 5215 parte
1445 5135 1548 5217 quinti
1577 5133 1721 5212 (et-E),
1755 5135 1894 5216 paginae
1918 5139 1968 5197 ov.
2014 5137 2137 5199 'sextus
