4620 5894
121 203 250 271 xvm
714 199 988 271 nancradus
1010 199 1304 269 THEOLOGIOI
1325 197 1547 287 umorue.

126 391 298 476 leguntur:
342 391 438 458 Ledit
458 391 532 456 tour
556 392 609 474 sut
635 390 754 474 appelit
782 413 820 458 en
841 393 876 458 lo
897 390 1112 474 cmprepotu'on
1143 388 1319 470 destrones
1341 387 1405 453 Me.
1430 387 1594 453 Hierosme
1615 387 1727 454 Bolseu
1757 389 1896 454 melecta
1917 389 2018 473 lequel
2045 393 2147 458 toucit

126 503 272 585 quelques
287 523 411 584 propos
431 522 559 586 espcrea
580 503 723 568 touclmnt
743 503 771 569 le
791 503 904 569 liberal
924 500 1040 568 ardue
1066 504 1094 566 et
1123 501 1155 564 lc
1177 499 1425 581 predestinotton
1451 505 1478 564 et
1501 501 1555 582 lup
1574 501 1626 582 fut
1646 501 1816 565 reumnstre'
1837 502 1988 566 eirenem
2004 524 2074 584 ραν
2093 503 2144 569 les

117 634 278 699 possopes
305 614 344 680 de
364 612 560 679 l’Escmture.
604 613 698 680 Ledit
729 613 895 679 Hierosmc
927 632 960 677 se
990 616 1129 677 monstro
1157 612 1222 694 fort
1253 611 1371 675 otsttnt
1400 612 1526 692 iusques
1554 613 1574 674 d
1604 632 1636 676 ce
1659 616 1749 692 qn’on
1782 612 1837 695 lup
1866 613 1928 678 uu
1954 614 2144 697 lepassnpe

124 724 311 792 d’Eaecln‘cl.
353 724 482 790 Eadem
503 724 654 809 pluribus
676 725 824 789 referunt
845 725 934 789 Beaa
955 730 989 789 et
1009 723 1209 789 Colladonus
1230 722 1266 787 in
1287 722 1368 786 Vita
1389 721 1529 801 Oalrini,
1553 724 1603 787 ira
1625 733 1735 788 tamen
1759 731 1792 789 et
1813 724 1940 790 invidia
1962 746 2039 790 enm
2061 747 2141 809 pro·

125 843 315 920 sequentes,
344 845 382 900 ut
402 836 497 900 facile
519 836 580 900 tibi
602 837 804 919 persuaseris
825 836 915 918 ipsos
936 836 1046 902 virum
1068 833 1173 899 multo
1195 835 1302 917 magis
1324 835 1459 917 nigrum
1482 835 1599 899 lesisse
1621 854 1719 916 quam
1741 836 1878 900 tortasse
1906 857 1942 900 re
1964 858 2044 902 vera
2066 847 2142 903 tum

127 949 238 1014 luerit
282 947 385 1012 Audit
406 966 464 1025 on,
487 947 595 1029 inquit
617 946 832 1026 Colladonus,
854 948 919 1011 rint
940 967 978 1011 en
1000 952 1077 1012 ceste
1098 946 1171 1012 cille
1190 966 1236 1010 un
1257 946 1377 1010 certain
1398 945 1518 1009 uommt
1541 944 1679 1009 Ierosme
1702 945 1826 1026 Belem,
1848 967 1893 1011 un
1907 969 1975 1028 peu
1996 969 2144 1028 anpara-

126 1065 203 1125 ccnt
223 1056 336 1124 Gonane
356 1059 395 1124 de
419 1057 535 1138 Poris,
564 1063 594 1123 et
616 1059 696 1140 puls
715 1058 852 1123 souduiu
878 1057 997 1123 decenn
1026 1058 1063 1123 de
1092 1056 1259 1141 tleolopicu
1287 1056 1423 1122 moderin
1446 1077 1487 1120 ou
1502 1057 1640 1136 plustost
1661 1057 1825 1123 trioclem:
1858 1058 1975 1140 Lequel
1999 1080 2084 1142 pour
2106 1080 2143 1125 sc

124 1170 210 1253 scire
230 1169 345 1249 cololr,
369 1174 509 1250 pensant
530 1175 608 1235 estre
629 1169 735 1236 amiud
755 1190 793 1234 en
812 1189 870 1234 sou
889 1167 1021 1235 Omlstre
1049 1174 1077 1234 et
1097 1189 1159 1235 uon
1179 1189 1218 1233 en
1237 1188 1298 1233 uoce
1319 1167 1429 1250 Eplise
1450 1168 1489 1232 ole
1511 1167 1597 1233 Dieu
1619 1169 1658 1234 de
1679 1169 1809 1249 laquelle
1836 1169 1862 1233 ll
1882 1171 2000 1235 u'ocoit
2020 1171 2150 1236 anaa-

122 1283 194 1346 re'en
215 1301 286 1346 scen
303 1301 362 1362 quc
377 1301 445 1364 ραν
465 1282 538 1348 onir
559 1283 637 1361 oltra,
657 1301 833 1362 commoneo
853 1282 875 1344 ὰ
895 1281 977 1345 tenir
993 1300 1059 1361 por
1078 1282 1108 1344 ci
1123 1299 1189 1362 ραν
1209 1278 1244 1343 ld
1265 1283 1292 1343 et
1314 1280 1404 1342 aussi
1425 1299 1463 1343 en
1478 1279 1586 1358 pletne
1607 1278 1832 1364 Goaprepotion
1853 1282 2001 1346 muccis
2016 1302 2142 1365 propos

124 1392 269 1459 touchant
288 1392 321 1456 lc
344 1393 480 1458 docutue
501 1393 539 1457 de
558 1392 592 1457 to
616 1391 805 1457 Provideucc
832 1396 862 1457 et
882 1390 1136 1457 Prcdestiuotlon
1162 1390 1301 1455 etunede
1322 1391 1360 1455 de
1381 1389 1478 1453 Dleu.
1525 1387 1637 1456 Oontre
1658 1391 1756 1472 lequel
1780 1391 1892 1456 Caluia
1913 1393 2048 1458 dentrde
2063 1414 2147 1476 ρνοΙΔ

126 1505 203 1572 cedo
224 1525 262 1568 en
281 1503 350 1570 telle
369 1508 452 1570 soree
473 1524 532 1586 que
552 1505 666 1570 c’estoil
686 1504 854 1568 seulement
867 1522 953 1586 pour
971 1503 999 1567 le
1020 1522 1164 1568 romanor
1185 1522 1229 1566 ou
1250 1503 1350 1567 droiet
1369 1500 1489 1567 olumtn
1510 1521 1588 1566 scus
1603 1501 1659 1584 lup
1673 1503 1790 1567 donner
1807 1505 1985 1569 matierede
1996 1506 2139 1590 domuin

131 1613 197 1682 cce
217 1616 243 1680 il
264 1636 297 1680 se
318 1621 457 1682 cemento
478 1616 516 1681 de
538 1615 593 1696 lup
613 1616 784 1695 respondeo
805 1613 955 1679 tellement
976 1635 1014 1679 en
1029 1614 1138 1696 public
1159 1634 1218 1695 pue
1240 1613 1269 1678 le
1283 1613 1399 1694 peuple
1419 1613 1476 1693 qul
1497 1615 1587 1678 estoit
1608 1613 1642 1677 ld
1663 1614 1812 1679 ossemblt
1828 1636 1866 1679 ue
1883 1618 1949 1680 s'cu
1962 1621 2141 1688 reomau

121 1727 214 1808 point
234 1725 368 1792 mbuoe'
388 1727 524 1792 d‘oucun
543 1745 661 1792 meur.
706 1725 752 1791 Et
778 1726 889 1792 c’estoit
909 1725 1046 1808 plustost
1064 1745 1149 1807 pour
1176 1725 1335 1790 redcasser
1361 1746 1393 1790 ce
1418 1746 1476 1808 cue
1497 1725 1610 1791 l'outrc
1628 1727 1711 1790 croit
1731 1726 1797 1792 mol
1818 1727 1865 1790 elit
1884 1746 1944 1807 que
1964 1748 2047 1807 pour
2067 1733 2140 1794 s’ot-

120 1837 226 1904 noter
247 1838 268 1901 ci
290 1837 322 1903 lc
338 1858 494 1920 personne
515 1837 662 1921 d‘u'celup:
695 1857 809 1903 comme
830 1838 920 1902 aussi
946 1837 973 1902 il
1000 1856 1033 1901 se
1051 1840 1190 1903 contenta
1212 1837 1249 1902 de
1270 1835 1397 1903 robatre
1418 1838 1463 1903 les
1484 1857 1579 1918 coups
1599 1856 1677 1902 sous
1698 1837 1725 1901 le
1746 1857 1920 1928 morpuer.
1949 1839 2139 1923 Daooutope

122 1950 149 2015 il
169 1949 222 2031 sut
240 1949 350 2030 cppelt
370 1969 408 2013 en
429 1950 604 2032 conference
618 1949 828 2029 porticullere
849 1968 922 2014 cccc
942 1949 1017 2014 ledit
1036 1945 1150 2013 Calain
1171 1953 1198 2011 et
1219 1967 1268 2012 ses
1290 1968 1497 2032 compopuons
1516 1948 1683 2014 Ministres
1704 1949 1741 2013 cle
1758 1948 1887 2031 l'Eple‘se
1908 1950 1940 2014 lei
1961 1950 2002 2015 ori
2024 1971 2065 2016 on
2085 1953 2138 2034 luy

125 2066 299 2127 remonstro
321 2080 410 2124 ossea
431 2060 622 2145 lenpuement
648 2064 677 2124 et
697 2080 765 2142 ραν
790 2061 895 2125 dicens
915 2079 1074 2142 possopes
1100 2061 1139 2124 ele
1161 2058 1347 2124 l’Escm'ture
1372 2064 1519 2125 comment
1541 2060 1566 2124 il
1587 2060 1744 2125 dobusoit.
1790 2058 1864 2126 Cela
1885 2061 1937 2141 fut
1959 2064 2089 2129 caenon
2110 2064 2138 2129 le

128 2175 182 2236 15.
201 2172 273 2234 leur
293 2173 332 2236 de
355 2171 444 2254 Mop.
490 2171 581 2237 Mais
601 2171 628 2235 ul
648 2191 681 2236 se
702 2177 843 2237 monstro
863 2172 927 2253 fort
950 2171 1067 2236 obstinet
1088 2171 1290 2249 ncontmolm,
1312 2170 1446 2236 cmnbion
1468 2171 1546 2252 pu’il
1567 2191 1607 2234 ue
1624 2173 1800 2252 respondes
1816 2174 1886 2237 rien
1898 2175 2137 2255 pertinemment

127 2287 156 2347 et
178 2303 235 2364 pue
257 2282 437 2365 lup-masma
457 2283 626 2365 confessost
647 2283 726 2363 pu’u'l
746 2303 785 2346 ue
806 2283 906 2347 soooe't
926 2304 984 2364 pue
1005 2281 1200 2364 repllpuerd
1221 2302 1267 2346 uu
1282 2303 1420 2365 possope
1441 2282 1620 2347 cl'Eeeclcicl
1641 2288 1733 2363 qu’ou
1754 2283 1809 2364 lup
1829 2285 1887 2348 mit
1909 2305 1946 2349 eu
1968 2293 2074 2352 occet.

280 2411 411 2475 Verum
438 2410 493 2474 hic
518 2410 673 2493 prologus
697 2418 828 2476 tantum
854 2411 918 2475 fuit
946 2409 1141 2493 tragoediae.
1186 2411 1263 2475 Mos
1285 2417 1356 2474 erat
1384 2412 1544 2475 ministris
1566 2411 1805 2494 genevensibns
1833 2413 1974 2496 singulis
1996 2415 2137 2480 Veneris

127 2521 242 2587 diebus
263 2523 297 2585 in
320 2521 444 2605 templo
466 2520 644 2585 convenire
666 2528 700 2585 et
721 2528 827 2587 certos
845 2521 1026 2605 scripturae
1048 2522 1134 2586 locos
1161 2542 1220 2604 per
1241 2520 1330 2586 vices
1354 2521 1482 2603 publice
1505 2542 1683 2603 exponere,
1713 2541 1831 2603 eosque
1854 2521 1971 2588 deinde
1993 2527 2082 2591 inter
2102 2548 2135 2592 se

123 2653 234 2699 coram
256 2633 379 2716 populo
401 2631 574 2697 elucidare.
620 2631 717 2696 'Pales
750 2651 919 2698 sermones
949 2633 1298 2715 congregationes
1329 2632 1500 2710 vocabant,
1534 2632 1666 2697 nomine
1694 2633 1734 2696 ab
1761 2633 1831 2714 ipso
1860 2643 1955 2699 coetu
1985 2638 2134 2719 repetito.

124 2745 180 2810 Ita
201 2744 320 2811 accidit
341 2750 381 2808 ut
409 2742 461 2807 die
491 2747 540 2808 16.
563 2741 719 2809 Octobris
750 2741 896 2809 eiusdem
924 2744 1004 2808 anni
1024 2744 1115 2810 locus
1136 2745 1198 2809 Ev.
1221 2744 1355 2809 Ioannis
1378 2764 1446 2826 cap.
1466 2749 1486 2808 8
1509 2767 1538 2808 v.
1562 2749 1619 2808 47:
1657 2744 1718 2825 Qui
1740 2765 1779 2808 eu
1800 2744 1870 2810 Deo
1892 2753 1939 2811 est
1960 2749 2054 2815 cerba
2074 2749 2137 2814 Dei

1 2850 17 2873 ²
122 2857 215 2922 cudit
236 2863 332 2923 caatt
354 2853 612 2922 eonndemndus
632 2861 871 2938 proponeretur
892 2855 932 2920 ab
954 2855 1079 2921 Ioanne
1101 2878 1121 2921 a
1142 2855 1178 2922 S.
1200 2854 1337 2921 Andrea
1354 2855 1486 2921 Calvini
1507 2854 1640 2938 collega.
1678 2853 1794 2921 Adfuit
1815 2864 1849 2922 et
1865 2858 2136 2945 Bolsecuszss„÷?Qui

128 2968 200 3033 sive
222 2969 399 3034 ambitione
418 2966 602 3032 monastica
622 2967 765 3052 percitus
786 2964 910 3046 (verbis
932 2965 986 3033 hic
1007 2967 1135 3032 utimur
1151 2969 1268 3045 Besae,
1291 2986 1359 3031 non
1378 2975 1415 3031 ut
1432 2989 1471 3032 ea
1488 2968 1681 3050 simpliciter
1698 2976 1813 3033 nostra
1830 2969 1997 3050 faciamus,
2021 2995 2137 3038 verum

125 3087 165 3146 ut
185 3079 326 3146 lectores
348 3077 549 3161 perspiciant
576 3097 641 3159 quo
669 3077 779 3143 animo
799 3099 875 3142 eum
896 3085 977 3143 tunc
994 3078 1159 3143 audierint
1180 3078 1348 3157 ministri),
1378 3080 1449 3145 sire
1477 3080 1518 3145 ab
1547 3079 1614 3144 illis
1640 3079 1783 3143 factiosis
1810 3081 2007 3164 iampridem
2040 3105 2137 3167 qnae·

124 3189 278 3256 rentibus
305 3211 366 3275 per
392 3210 489 3273 quem
507 3188 687 3256 Calvinum
707 3188 907 3256 lacesserent
927 3189 1097 3269 incitatus,
1130 3189 1240 3273 palam
1269 3211 1369 3255 ausus
1391 3197 1442 3254 est
1463 3197 1617 3255 aeternae
1638 3190 1945 3273 praedestinationis
1969 3193 2137 3261 decretum

127 3308 286 3380 evertere,
308 3299 442 3367 adiectis
464 3301 564 3367 etiam
582 3301 620 3364 in
640 3322 755 3368 veram
777 3298 957 3366 doctrinam
975 3301 1195 3367 contumeliis:
1219 3299 1317 3384 idque
1340 3322 1377 3365 eo
1396 3299 1561 3381 audacius,
1584 3302 1670 3385 quod
1692 3303 1776 3368 torte
1790 3303 1968 3370 Oalvinum
1989 3327 2050 3372 suo
2068 3307 2138 3374 loco

126 3433 194 3476 non
217 3411 386 3477 sedentem
408 3413 523 3477 abesse
544 3411 701 3479 crederet
746 3414 793 3480 Et
814 3415 926 3480 aberat
958 3412 1090 3497 quidem
1121 3413 1178 3478 ille
1210 3413 1322 3492 initio,
1357 3413 1414 3478 sed
1448 3434 1485 3478 eo
1517 3434 1701 3479 sermonem
1726 3413 1875 3499 ingresso
1900 3419 2139 3499 superveniens

124 3543 211 3606 pone
234 3523 315 3588 alios
337 3522 514 3588 nonnullos
535 3545 608 3589 sese
636 3525 831 3590 continebat.
859 3525 974 3590 Finita
995 3525 1149 3591 monachi
1172 3524 1321 3589 cranone
1339 3523 1500 3590 Calvinus
1522 3532 1656 3608 repente
1679 3545 1848 3608 apparens,
1872 3504 2024 3610 quamvis
2042 3530 2140 3613 plane

125 3633 209 3698 nihil
233 3639 330 3699 antea
352 3632 417 3697 tale
439 3632 627 3714 meditatus,
651 3642 723 3699 tum
746 3643 833 3700 certe
862 3636 890 3699 si
917 3656 1065 3718 unquam
1087 3635 1168 3700 alias
1198 3635 1255 3719 qui
1283 3635 1335 3700 vir
1357 3645 1445 3701 esset
1465 3635 1617 3701 ostendit.
1663 3634 1835 3719 Siquidem
1856 3638 1952 3702 illum
1977 3648 2027 3705 tot
2049 3643 2140 3710 verbi

127 3744 234 3810 divini
256 3744 469 3824 testimoniis,
501 3752 551 3809 tot
572 3745 751 3830 Augustini
782 3746 977 3827 praesertim
999 3746 1095 3824 locis,
1128 3755 1176 3811 tot
1208 3747 1348 3830 denique
1375 3756 1508 3831 tamque
1542 3747 1697 3832 gravibus
1720 3751 2139 3832 argumentiffconfutavit,

126 3856 278 3941 perculit,
300 3855 418 3933 obruit,
452 3863 490 3919 ut
523 3877 638 3922 omnes
670 3862 801 3939 praeter
832 3856 1011 3939 ipsummet
1043 3858 1215 3939 perfrictae
1248 3859 1365 3922 frontis
1398 3859 1596 3925 monachum
1630 3860 1732 3942 ipsius
1755 3860 1970 3927 vehementer
1991 3863 2140 3947 puderet.

126 3965 254 4032 Aderat
274 3968 311 4032 in
332 3967 404 4050 ipso
424 3967 630 4033 audientium
652 3975 745 4033 coetu
767 3988 970 4034 assessorum
992 3968 1152 4050 praetoris
1175 3989 1260 4033 unus
1279 3990 1418 4051 quorum
1437 3971 1472 4034 in
1492 3971 1571 4035 urbe
1589 3971 1640 4035 ius
1658 3970 1887 4053 prehensionis
1905 3982 1964 4039 est
1993 3974 2030 4042 Is
2048 3977 2140 4042 illum

128 4078 264 4145 dimisso
286 4086 381 4144 coetu
408 4085 566 4162 tanquam
595 4079 784 4146 seditiosum
810 4079 847 4143 in
875 4078 1056 4145 custodiam
1079 4078 1189 4143 tradit.
1233 4078 1323 4160 Quid
1345 4080 1460 4163 plural
1507 4082 1615 4146 Causa
1637 4081 1750 4146 multis
1773 4082 2053 4165 disputationibus
2074 4091 2139 4174 agi·

125 4196 212 4268 tata,
234 4188 380 4256 Senatus
401 4190 578 4255 Bolsccum
600 4199 638 4256 ut
660 4190 850 4256 seditiosum
870 4199 903 4255 et
924 4211 1014 4255 mere
1035 4189 1253 4274 Pelagianum
1276 4190 1306 4255 d.
1330 4195 1380 4256 23.
1397 4193 1590 4258 Decembris
1612 4193 1739 4274 publice
1763 4193 1955 4259 damnatum
1978 4200 2064 4265 urbe
2086 4223 2140 4266 ex·

121 4300 216 4383 pulit,
243 4301 441 4367 fustuariam
464 4322 605 4385 poenam
625 4301 770 4368 minatus
792 4304 820 4367 si
842 4301 877 4367 in
900 4301 1023 4367 ditione
1043 4302 1220 4386 genevensi
1240 4309 1326 4366 esset
1347 4302 1579 4385 deprehensus.
1616 4305 1707 4369 Haec
1729 4304 1819 4368 Beza
1841 4308 1875 4368 in
1897 4305 1979 4373 Vita
2002 4309 2139 4377 Calvini.

125 4411 195 4477 Noe
219 4411 260 4475 de
282 4412 409 4478 famosa
430 4413 494 4478 ista
516 4413 647 4479 Bolseci
669 4434 768 4479 causa
789 4414 885 4496 plura
905 4413 967 4478 hoc
988 4412 1058 4479 loco
1080 4434 1147 4477 non
1169 4412 1344 4493 addemus,
1366 4436 1467 4496 quum
1490 4415 1620 4497 integra
1641 4423 1726 4493 acta,
1750 4416 1785 4479 in
1807 4415 1925 4498 quibus
1947 4441 2018 4485 non
2040 4443 2143 4506 pauca

121 4528 201 4584 sunt
224 4520 363 4591 calvino
385 4525 493 4588 autori
516 4524 723 4605 vindicanda,
746 4547 789 4590 ex
811 4525 954 4592 archivis
978 4523 1219 4609 genevensibus
1241 4522 1434 4608 deprompta
1456 4527 1552 4591 edere
1574 4526 1852 4606 constituerimus,
1876 4529 1971 4594 velut
1994 4533 2141 4618 opusculi

119 4629 158 4695 in
180 4631 277 4696 titulo
300 4637 473 4699 memorati
496 4635 720 4719 appendicem.

289 4742 417 4823 Quibus
440 4747 629 4829 praemissis
652 4745 692 4812 ad
716 4767 755 4811 ea
777 4747 957 4812 transimus
980 4768 1063 4829 quac
1085 4745 1234 4828 proxime
1257 4745 1474 4828 adpraesens
1497 4758 1729 4833 argumentum
1750 4750 1930 4833 pertinent,
1959 4775 2084 4839 nempe
2106 4753 2150 4824 ad

126 4853 229 4918 libelli
254 4853 344 4919 illius
366 4855 536 4921 historiam
556 4859 656 4923 cuius
673 4858 807 4922 titulum
829 4879 929 4941 supra
951 4856 1193 4940 descripsimus.
1235 4855 1347 4937 Quum
1369 4860 1437 4924 fere
1464 4882 1523 4943 per
1545 4861 1701 4925 bimestre
1724 4860 1867 4943 spatium
1889 4861 2024 4931 Bolseci
2047 4889 2164 4936 cause)

126 4962 374 5031 Genevensium
386 4967 514 5031 animos
534 4969 570 5032 in
592 4968 723 5035 diversa
744 4967 937 5035 abeuntium
954 4989 1128 5051 suspensos
1147 4968 1290 5033 tenuerit
1307 4976 1340 5034 et
1360 4991 1424 5035 non
1445 4972 1541 5053 pauci
1559 4973 1669 5037 miseri
1688 4972 1807 5054 captivi
1825 4992 1879 5037 res
1905 4975 2161 5056 amplecteren‘

125 5083 192 5154 tur,
215 5076 302 5141 inter
323 5097 403 5159 quos
425 5076 563 5143 Iacobus
584 5079 734 5146 Falesius
758 5081 854 5165 (alias
871 5080 991 5163 laques
1011 5078 1051 5143 de
1069 5080 1281 5163 Bourgogne)
1306 5081 1357 5145 vir
1378 5082 1496 5147 nobilis
1519 5091 1553 5147 et
1573 5083 1639 5148 huc
1661 5103 1764 5167 usque
1783 5082 1922 5149 Calvino
1944 5088 2168 5156 coniunctis‘
