4620 5894
132 234 199 299 r1s
720 224 1576 299 slvnraamsromaanonhvmm
2104 212 2160 297 ab

227 420 323 503 Qnad
421 416 517 484 ’mum
537 434 657 485 nonum
677 416 823 503 siprmm:
846 415 935 499 Quod
944 414 1125 499 pastoritio
1170 416 1309 499 punitur
1345 414 1550 485 traditionem
1586 416 1836 503 hansprcdiens,
1875 438 1978 501 quam
2016 418 2074 501 qui
2102 440 2160 485 oer-

134 505 291 573 uanitatis
312 436 503 572 metuas
519 504 654 590 piadios,
676 502 792 589 pachus
811 522 927 585 corpus
943 502 1124 569 danimam
1146 448 1151 566 Ι
1174 502 1248 569 bum
1268 500 1343 569 Dei.
1475 588 1481 601 ι

135 592 255 661 accidit.
1269 587 1568 673 Quinquapesomum
1604 594 1744 657 manem
1781 590 1927 675 ciprum·
1971 589 2161 675 Contnuptus

217 676 533 761 ,Quinquapceimum
552 676 696 760 siynum
720 674 810 759 Quod
825 672 1126 757 ipsiusadorctores
1177 694 1276 741 sanae
1296 672 1462 740 doctrinae.
1509 674 1606 755 Tace,
1628 676 1734 757 aiunt,
1759 696 1799 743 nc
1818 677 1968 759 loquaris
1988 678 2025 742 in
2045 678 2161 745 nornine

132 763 422 847 pseudoprophetae
448 761 562 827 habent
592 762 656 829 duo
687 780 818 840 mutua,
850 761 934 827 duas
947 764 1125 843 panacea,
1176 760 1320 829 Domini.
1367 760 1505 841 Tempus
1525 759 1718 829 Amidam?
1738 762 1938 843 describitur,
1968 784 2032 847 quo
2052 784 2160 831 sanam

139 850 342 933 temporalem
362 854 392 914 et
411 848 622 931 mirituahms.
1180 846 1355 913 doctrinam
1375 866 1438 911 non
1454 846 1651 913 sustinebunt
1672 846 1718 934 (2.
1744 849 1878 915 Timoth.
1902 855 1951 927 4).

231 934 536 1019 Quinquepesimum
559 935 705 1017 primum
739 933 882 1017 siphum:
912 932 1001 1014 Quod
1021 930 1127 1014 phuri-
1268 930 1571 1015 Quinquapcsimum
1598 954 1714 999 nantem
1734 936 1878 1019 siphum.-
1919 932 2056 1003 &cumo
2081 934 2158 1001 iibri

138 1040 228 1087 mum
249 1022 317 1102 ipsi
337 1019 483 1087 laborant
509 1021 546 1085 in
567 1020 758 1103 defendendo
784 1018 899 1085 bestiae
919 1018 1127 1097 autoritatem
1182 1018 1241 1083 Tot
1259 1016 1381 1102 sipc‘tiis
1402 1018 1531 1085 clausus
1552 1023 1598 1083 cst
1617 1019 1696 1085 iiber
1707 1018 1782 1101 Dei,
1803 1027 1838 1087 ut
1854 1042 1917 1087 non
1936 1022 1991 1103 sit,
2012 1022 2160 1103 quintet

45 1138 48 1143 ·
138 1108 243 1191 ipnem
271 1106 507 1172 anathematum
534 1104 682 1188 (amentes
709 1106 747 1171 dc
773 1104 853 1171 coeio
874 1104 911 1169 in
937 1108 1055 1169 terram
1075 1103 1127 1169 de·
1179 1103 1265 1187 iipat.
1311 1102 1376 1169 Sed
1401 1123 1505 1189 aptus
1532 1106 1589 1187 pni
1617 1106 1736 1173 occisus
1757 1112 1816 1189 est,
1844 1127 1917 1173 euru
1946 1128 2034 1173 nunc
2055 1108 2159 1192 incipi

137 1192 294 1272 scandere,
327 1196 363 1257 ut
385 1192 527 1259 homines
547 1195 791 1271 concrementur,
819 1190 875 1274 qui
903 1188 1033 1256 bestiam
1054 1190 1128 1255 ado
1179 1190 1312 1273 aperire,
1333 1192 1408 1255 teste
1428 1189 1558 1255 Ioanne.

135 1296 212 1345 rare
232 1278 350 1344 noiant.
394 1276 531 1345 Ibidem.
1267 1273 1519 1359 Scruposincum,
1548 1276 1710 1357 ultimum,
1737 1282 1766 1343 et
1791 1279 1934 1345 omnium
1962 1280 2159 1346 deterrimum

73 1430 76 1435 .
229 1363 535 1448 Quinquapcsimum
572 1362 744 1428 secundum
781 1360 925 1445 sipnum:
966 1358 1127 1443 Susceptio
1178 1360 1322 1445 sipnum:
1361 1360 1477 1427 Bestia
1497 1363 1595 1427 uincit
1614 1368 1737 1430 sanctos
1762 1366 1926 1431 ctaccidit
1945 1386 1999 1431 eos
2022 1364 2159 1449 (Dant

135 1446 329 1515 meracioris
350 1449 510 1531 infucate
532 1448 744 1528 otmundus,
772 1452 809 1513 ut
828 1446 921 1515 liceat
941 1447 977 1513 iu
997 1447 1127 1513 ecclesia
1150 1398 1153 1545 i
1177 1452 1207 1511 et
1232 1446 1331 1529 Apoc.
1360 1447 1430 1531 13).
1484 1447 1555 1514 Imo
1586 1452 1740 1533 sanpuine
1772 1456 1958 1517 sanctorum
1991 1451 2159 1519 inebriatur

133 1534 404 1687 ,dewiaridictlta
428 1554 622 1687 popa3suos
645 1538 816 1609 consecrat,
849 1534 945 1599 etita
960 1532 1128 1617 praedicit
1177 1531 1290 1684 &apoc
1317 1538 1373 1704 151
1383 1538 1412 1598 et
1434 1533 1536 1686 wdet
1556 1533 1621 1705 {gd
1647 1537 1755 1603 audiet
1781 1536 1874 1603 Deus
1901 1536 2077 1605 clamorem
2100 1540 2158 1603 cui

158 1640 279 1689 oannes
363 1640 470 1687 oca.
540 1672 548 1685 .
1231 1638 1304 1683 rum
1431 1670 1439 1685 .
1597 1672 1604 1686 .

228 1641 533 1793 Quanqnapesd’nan
544 1706 673 1772 tertium
682 1704 826 1791 sipnum·
849 1702 1126 1771 Caucasoniarum
1265 1704 1341 1770 Non
1357 1640 1458 1771 sopt‘iccm
1474 1708 1647 1791 seuapiuta,
1664 1710 1720 1775 sed
1729 1709 1809 1789 ptus
1825 1729 1926 1792 quam
1942 1717 2091 1778 sexcenta
2101 1712 2158 1777 ahia

135 1792 339 1875 confiderum
366 1792 502 1859 surdus
529 1792 692 1871 immersa,
731 1793 812 1875 ptus
850 1810 948 1873 quam
985 1790 1125 1870 iudaica,
1177 1790 1272 1873 sipaa
1291 1790 1430 1875 coitipes,
1456 1812 1496 1858 ecc
1518 1792 1695 1875 Ieroboam‚
1717 1794 1842 1876 Achab,
1866 1795 2157 1874 Nabuchodonosor,

134 1878 291 1962 sacriiepa
310 1878 410 1959 furia.
1149 1918 1152 1973 Ι
1177 1875 1343 1957 Antiocho,
1367 1882 1395 1941 et
1416 1878 1494 1944 chiis
1515 1881 1643 1961 impiis:
1666 1901 1705 1945 eu
1726 1882 1833 1947 bestiis
1853 1881 1924 1946 iliis
1947 1884 1984 1948 in
2006 1881 2158 1967 Babylone

227 1964 533 2049 Quinquapesimum
554 1968 703 2047 quartum
725 1964 867 2047 sipreum:
898 1960 1126 2044 Multiph'catio
1175 1962 1305 2043 suturis,
1328 1984 1367 2028 ou
1382 1961 1653 2041 Choananaeorum,
1671 1966 1898 2050 Aeppptiorum
1920 1990 1959 2034 ac
1972 1970 2157 2051 reliquarum

122 2048 297 2115 'uitiorum
352 2050 511 2131 Quoniam
542 2050 716 2117 mundabit
747 2048 917 2129 antenctae,
950 2048 1127 2131 rofripescet
1149 1978 1152 2111 i
1176 2048 1317 2114 ornninm
1338 2050 1433 2115 idolis
1454 2056 1483 2115 rt
1501 2052 1793 2133 abominationibus,
1815 2074 1917 2135 usque
1927 2056 1974 2120 ad
1986 2054 2157 2122 Sodamiau

132 2136 265 2201 caritas.
325 2134 519 2202 Antichristi
559 2142 634 2215 [pag.
663 2140 739 2215 670]
780 2136 908 2218 sipnum
947 2133 1003 2200 hoc
1041 2134 1126 2199 dedit
1148 2122 1151 2255 i
1177 2138 1206 2198 et
1226 2134 1387 2218 Gipoutcs,
1410 2157 1491 2219 quae
1510 2138 1617 2204 murcia
1639 2144 1714 2205 sunt
1734 2140 1771 2203 iu
1787 2139 1991 2207 Antichristo
2013 2142 2156 2224 conpleta

134 2218 293 2287 Christus.
338 2220 387 2286 Et
415 2221 542 2287 Pauhus
574 2224 629 2302 ait,
657 2222 727 2303 sore
753 2222 948 2301 uoluptatum
974 2224 1151 2307 anoantes,;

130 2326 264 2388 avaros,
285 2306 461 2389 fastuosae,
490 2306 635 2373 habentes
660 2308 800 2390 sumam
814 2305 962 2389 pietatis,
988 2325 1124 2388 quorum

130 2390 225 2459 Deus
245 2396 350 2456 center
371 2398 423 2458 est.
1576 2396 1762 2463 Conclusio.

227 2477 534 2562 aninquapesimum
572 2478 716 2560 quintum
755 2478 897 2561 siphum
941 2476 1124 2559 Impostura

133 2562 372 2646 hypocritarum
388 2562 625 2645 prohibentium
636 2564 881 2645 matrimonium,
903 2568 931 2630 et
950 2564 1124 2629 iubuctium
1270 2566 1423 2648 Quisquis
1451 2588 1520 2633 uere
1547 2568 1659 2649 credit,
1680 2589 1804 2651 papam
1832 2588 1901 2635 esse
1922 2570 2156 2650 Arstichristuu,

136 2647 294 2715 abstinere
315 2671 337 2715 a
358 2650 437 2717 cibis
459 2652 505 2732 (1.
530 2649 664 2717 Timoth.
688 2650 734 2735 4).
1175 2671 1246 2717 uere
1275 2670 1394 2734 quoque
1419 2654 1535 2733 credet,
1551 2656 1750 2737 papisticarn
1770 2656 1963 2738 trinitatem,
1989 2658 2156 2739 paeriobap

229 2734 685 2821 Quinquaposimnmsccctum:
709 2736 797 2817 Quod
813 2734 984 2799 discrimen
1000 2734 1125 2819 redipis-
1175 2738 1306 2803 tismnm
1335 2743 1364 2803 ct
1397 2740 1468 2805 ahia
1499 2747 1643 2823 papatus
1669 2746 1867 2807 sacramenta
1909 2764 1982 2809 esse
2010 2746 2156 2810 doctrinas

132 2838 206 2885 sum
232 2820 358 2901 faciunt
379 2823 461 2886 inter
481 2822 565 2889 diem
586 2826 616 2885 et
637 2822 734 2902 diem,
761 2822 842 2887 inter
861 2821 1075 2886 vestimentum
1096 2826 1125 2885 ct
1147 2868 1150 2907 ,
1174 2824 1419 2890 daemoniorum.
1458 2823 1485 2891 0
1509 2824 1633 2895 chonen
1653 2826 1745 2907 Iesu,
1761 2827 1812 2908 fito·
1832 2827 1916 2909 Dei,
1938 2830 2092 2895 liberator
2109 2830 2154 2895 cto

131 2906 367 2985 uestimentum,
400 2909 484 2973 inter
514 2907 666 2989 capitum
692 2913 722 2972 et
742 2926 899 2973 rasuram.
945 2906 1125 2991 Reiipiosas
1175 2910 1380 2992 montissimc,
1409 2912 1466 2994 pai
1487 2914 1575 2979 toties
1590 2914 1745 2996 poputum
1766 2914 1806 2980 ab
1828 2918 1997 2999 anqustiis
2018 2917 2154 2994 liberasti,

133 2994 399 3077 thehcbpncmtcc
420 2998 508 3059 vocat
528 2992 664 3059 Paulus.
1177 2995 1277 3061 hibera
1297 3016 1354 3061 nos
1380 2998 1512 3063 miseros
1533 3000 1573 3063 ab
1593 3000 1652 3067 bac
1672 3000 1852 3085 babylonica
1874 3001 2076 3069 Antichristi
2094 3022 2154 3083 cap

228 3078 530 3164 Quinquepesimum
551 3080 735 3163 septimum:
761 3076 934 3145 Doctrinae
954 3076 1124 3157 teoruiuum,
1176 3081 1309 3163 tioitate,
1338 3083 1377 3149 ab
1407 3083 1568 3170 hypocrisi
1599 3088 1684 3168 cius,
1715 3087 1884 3171 tyrannide
1918 3094 1948 3155 et
1978 3088 2153 3155 idolotatria

131 3166 161 3228 ct
193 3164 383 3232 traditiones
414 3164 574 3233 humanae
605 3166 641 3229 in
671 3165 814 3231 nocuimo
839 3165 952 3249 pretio.
1002 3164 1126 3231 Acrius
1175 3165 1289 3233 Amore.
