4620 5894
144 238 189 343 li
978 234 1078 303 OUM
1100 231 1351 303 turmore.
1551 290 1555 297 .
2131 245 2171 309 18

144 420 338 489 videndum
354 420 416 488 boc
432 422 677 501 inconveniens,
697 423 783 508 quod
795 423 949 490 Christus
968 443 1036 489 non
1055 421 1138 488 bene
1190 442 1324 505 corpore
1352 431 1385 488 et
1412 423 1575 508 sanguine
1597 425 1724 493 Christi
1751 428 1913 509 pascitur,
1943 438 1980 495 ut
2000 430 2110 496 anima
2126 428 2170 497 de

141 515 305 575 caverat:
334 506 530 592 respondeo,
559 510 645 592 quod
672 508 827 576 Christus
854 510 937 575 bene
964 508 1136 592 praevidit,
1191 508 1290 574 Deos
1336 508 1452 574 'netur
1488 508 1803 594 ceramussense
1826 514 2171 583 verbaAmbrcsiire·

142 592 210 661 sed
239 594 361 659 tacuit:
389 594 467 677 quie
494 594 625 661 volebat
652 596 796 679 experiri
817 595 1013 679 sapientiam
1036 594 1138 661 eccle·
1190 595 1254 659 fert
1281 615 1301 659 a
1343 594 1562 660 Theodosium
1585 597 1830 679 imperatorem:
1855 598 2025 680 Quomodo
2055 602 2170 670 huius·

142 680 220 747 siae
249 700 333 746 suae
356 680 392 745 in
416 681 478 748 hac
499 690 601 765 parte.
645 682 710 747 Est
731 683 832 748 etiam
859 682 1001 748 alterum
1022 682 1137 748 incon·
1190 679 1278 744 modi
1312 681 1466 747 manibus
1498 702 1628 748 sacrum
1659 684 1799 749 Domini
1833 705 1952 768 corpus
1985 687 2167 773 suscipies?

142 766 303 833 veniens
349 765 438 848 Quia
469 767 567 832 debet
601 768 763 834 asservari
797 768 834 832 in
865 768 986 833 ciborio
1019 787 1137 852 corpus
1191 785 1257 849 qua
1274 765 1411 832 audacia
1432 767 1586 851 poculum
1608 769 1743 850 pretiosi
1767 771 1940 855 sanguinis
1962 774 2011 838 ori
2032 779 2091 839 tuo
2114 773 2171 840 ad·

143 850 293 918 Domini
311 851 353 917 ad
371 850 520 918 mudum
538 854 688 938 aegrotis.
725 852 764 920 Si
786 860 898 919 autem
916 854 1051 938 sanguis
1069 875 1137 920 ser-
1190 851 1360 918 movebis?
1409 852 1692 940 Hieronymus:²)
1733 853 1928 924 Sacerdotes
1961 860 2018 942 qui
2050 861 2171 928 eucha-

144 946 308 1018 varetur,
331 939 426 1004 fieret
448 945 591 1004 acetum:
615 948 648 1005 et
669 940 717 1005 ita
737 947 872 1023 propter
893 940 1138 1023 corruptionem
1190 937 1319 1002 ristiam
1355 939 1548 1017 conficiunt,
1590 947 1623 1005 et
1657 943 1853 1025 sanguinem
1882 942 2018 1009 Domini
2049 938 2169 1030 populo

143 1044 220 1089 non
241 1031 334 1091 esset
349 1025 492 1108 amplius
515 1026 659 1110 sanguis.
696 1025 768 1091 Imc
792 1024 978 1092 Lutherani
999 1046 1059 1091 nos
1081 1024 1138 1090 de·
1190 1020 1400 1089 distribuunt.
1445 1025 1532 1090 Item
1565 1024 1873 1111 chrysostomuszr)
1904 1030 1982 1095 Non
2015 1031 2099 1098 sicut
2131 1034 2168 1097 in

143 1108 312 1189 riderent,
335 1109 497 1176 dicentes:
517 1111 635 1177 Nonne
658 1112 742 1178 bene
761 1110 893 1178 videtur
915 1111 1002 1194 quod
1020 1119 1071 1176 est
1091 1110 1137 1174 ibi
1190 1109 1296 1174 veteri
1313 1108 1385 1194 lege
1408 1119 1536 1192 partem
1552 1113 1743 1178 comedebat
1764 1115 1925 1193 sacerdos,
1946 1123 2075 1198 partem
2092 1139 2170 1185 vero

145 1195 293 1263 unum?
340 1195 386 1261 Et
413 1197 461 1263 ita
483 1196 545 1264 hoc
572 1205 658 1264 esset
682 1203 797 1264 contra
819 1198 1006 1279 opinionem
1029 1204 1136 1262 trans·
1189 1194 1346 1279 populus:
1375 1194 1435 1261 sed
1456 1218 1495 1262 ca
1521 1218 1604 1279 quae
1627 1204 1706 1264 sunt
1728 1199 1956 1279 eucharistiae,
1980 1204 2169 1271 communia

143 1282 449 1349 substantiationis.
486 1284 606 1361 Tertio,
629 1283 691 1348 hoc
709 1292 760 1350 est
780 1283 952 1361 rationale,
975 1283 1062 1367 quod
1085 1302 1137 1349 sa·
1191 1290 1270 1345 sunt
1291 1282 1402 1346 omnia
1420 1283 1509 1348 inter
1524 1283 1726 1350 sacerdotem
1749 1292 1782 1349 et
1803 1286 1970 1369 populum.
2005 1285 2170 1357 Omnibus
2293 1295 2296 1301 '

143 1366 303 1435 cerdotes
325 1366 471 1435 habeant
493 1368 624 1451 aliquod
646 1369 857 1454 privilegium
887 1369 929 1434 ad
951 1369 1137 1452 deprimen-
1190 1388 1296 1431 unum
1329 1387 1447 1451 corpus
1470 1371 1680 1453 proponitur,
1714 1378 1748 1435 et
1776 1371 1861 1435 calix
1888 1393 1985 1438 unus.
2031 1371 2098 1440 Sed
2127 1377 2167 1442 dc

144 1453 227 1519 dam
250 1453 413 1521 laicorum
435 1454 634 1538 superbiam.
679 1454 823 1537 Quarto,
848 1457 910 1520 hoo
931 1456 1030 1520 etiam
1049 1455 1138 1521 valet
1190 1452 1417 1519 observatione
1429 1476 1496 1519 non
1507 1464 1557 1520 est
1574 1455 1809 1523 controversia:
1833 1478 2056 1539 quamomnes
2069 1460 2169 1527 talem

144 1538 190 1605 ad
208 1540 419 1639 probandam
435 1541 623 1624 opinionem
634 1541 675 1607 de
693 1542 960 1609 concomitantia:
980 1539 1138 1624 quidquid
1189 1538 1291 1603 luisse
1313 1539 1467 1606 fatentur.
1513 1539 1611 1621 Quod
1633 1550 1744 1607 autem
1762 1541 1809 1609 sic
1826 1544 1898 1608 fieri
1920 1545 2053 1610 omnino
2071 1567 2167 1630 opor·

144 1634 303 1778 gemant
322 1626 526 1726 Dutherani,
549 1627 636 1711 quod
659 1627 814 1728 debemus
836 1629 930 1711 sequi
950 1636 983 1693 ct
1004 1647 1138 1727 servare
1190 1631 1260 1688 tere
1285 1626 1490 1724 censuerint,
1520 1634 1648 1693 constat
1675 1649 1717 1693 ex
1744 1627 1880 1729 decreto·
1902 1628 2083 1730 Gelasii,⁴)
2111 1634 2168 1716 qui

174 1711 284 1777 hnstl
305 1711 593 1796 dispensationem,
616 1734 715 1796 quam
737 1734 809 1796 ipse
827 1735 886 1797 pro
908 1720 1023 1779 nostra
1044 1714 1137 1777 mtir-
1190 1730 1294 1776 arcem
1322 1710 1413 1776 iubet
1442 1720 1554 1778 atoto
1576 1720 1797 1793 sacramento,
1826 1736 1884 1798 qur
1905 1735 1926 1780 a
1947 1716 2045 1782 calice
2068 1718 2168 1785 absti-

145 1799 271 1864 mitate
288 1797 440 1864 instituit.
476 1798 574 1876 Item,
597 1809 684 1865 esset
705 1799 794 1865 aliud
812 1799 994 1883 periculum
1016 1800 1045 1864 si
1062 1821 1137 1864 san·
1189 1804 1279 1875 nent,
1303 1798 1456 1879 quoniam
1474 1797 1591 1864 divisio
1612 1800 1712 1866 huius
1730 1801 1891 1884 mysterii,
1913 1801 2027 1884 inquit,
2051 1805 2170 1888 grandi
2290 1828 2293 1833 ·

146 1884 225 1971 guis
256 1883 303 1951 ad
333 1883 513 1951 bibendum
543 1884 687 1951 daretur:
718 1887 796 1969 quia
825 1907 922 1969 sapor
950 1892 1060 1968 posset
1081 1906 1137 1969 ga·
1191 1881 1361 1965 sacrilegio
1397 1904 1465 1948 non
1500 1893 1618 1951 eareat.
1664 1884 1852 1971 Cyprianus
1861 1885 1890 1972 ὅ)
1929 1908 2009 1952 vero
2042 1890 2173 1957 fortiter

146 1991 273 2037 narare
294 1971 516 2054 suspicionem
536 1970 636 2050 laicis,
659 1970 745 2055 qnod
762 1979 849 2037 esset
870 1970 913 2036 ibi
931 1972 1057 2036 vinum.
1093 1972 1139 2035 Et
1190 1967 1373 2047 contendit,
1396 1968 1605 2036 nullomodo
1628 1971 1868 2037 admittendum
1891 1993 1962 2040 esse
1985 1972 2047 2041 boc
2071 1977 2172 2044 sacri·

147 2055 228 2122 inds
251 2056 364 2121 multa
391 2056 546 2123 scandala
568 2057 743 2123 orirentur.
789 2057 885 2140 Quod
914 2058 942 2122 si
968 2064 1137 2141 arguatur,
1189 2052 1360 2137 logium.⁰)

148 2142 330 2211 ecclesiam
352 2164 418 2208 non
440 2142 562 2210 habere
584 2151 782 2227 potestatem
805 2143 1020 2227 dispensandi
1040 2163 1139 2226 super

148 2228 284 2297 Christi
305 2236 499 2313 praecepta:
525 2228 723 2313 respondeo,
747 2229 835 2313 quod
858 2230 996 2295 verbum
1018 2228 1137 2307 Bibite,

149 2312 250 2381 debet
279 2313 387 2397 accipi
408 2315 445 2379 in
472 2314 569 2381 modo
598 2314 766 2381 hortandi:
795 2316 842 2379 ita
869 2316 931 2380 erit
956 2314 1138 2391 consilium,
1490 2278 1756 2348 ARTIOUI‘US
1779 2280 1876 2347 VIII·

149 2409 184 2467 et
199 2422 273 2467 non
291 2408 515 2486 praeceptum.
550 2400 619 2466 Vix
638 2401 741 2468 audeo
759 2401 903 2485 allegare
920 2422 1035 2478 unum,
1053 2399 1140 2483 quod
1344 2403 1411 2485 De
1443 2414 1658 2514 potestate
1670 2403 1697 2484 ⁷)
1730 2409 2011 2491 00n300randi.

150 2498 267 2554 tamen
301 2494 356 2552 eat
389 2486 486 2554 valde
511 2486 773 2572 ponderandum.
818 2487 906 2553 Nam
934 2494 1013 2553 sunt
1037 2486 1138 2570 aliqui

151 2573 309 2641 abstemii
345 2573 404 2655 qui
441 2575 556 2640 vinum
587 2595 653 2639 non
683 2573 814 2653 bibunt,
848 2574 906 2658 qui
933 2580 1043 2638 tamen
1073 2594 1141 2638 non
1283 2570 1396 2648 Porro,
1419 2569 1496 2634 eolis
1517 2570 1743 2650 amictibus,
1771 2574 1943 2639 seeucdum
1965 2575 2108 2642 oecleaoe
2129 2578 2175 2641 ri·

153 2666 267 2729 essent
301 2659 457 2744 privandi
497 2660 600 2725 altera
643 2660 759 2743 specio.
813 2659 886 2744 Ego
927 2664 1039 2725 autem
1079 2658 1141 2723 dit·
1194 2661 1261 2721 tasa
1282 2655 1546 2735 oratiototam
1563 2661 1608 2720 eat
1629 2679 1650 2721 α
1672 2654 1797 2722 Oitrieto
1812 2663 1952 2738 potestas
1972 2663 2174 2729 amarandi·

151 2746 303 2813 ferebam
329 2743 394 2811 hoo
415 2744 592 2824 adducere,
618 2747 695 2829 quia
717 2744 903 2811 Lutherani
925 2746 1140 2823 subsannant,
1193 2762 1301 2807 caum
1325 2739 1444 2809 certet
1465 2761 1589 2824 eorpus
1611 2746 1639 2808 ct
1659 2744 1696 2807 ia
1715 2744 1786 2824 foro
1804 2746 2007 2825 poenitentioe
2028 2769 2050 2813 a
2066 2768 2176 2830 pecca,

153 2832 320 2911 dieentes,
350 2831 438 2914 quod
465 2832 494 2898 si
519 2831 628 2915 opinio
656 2839 768 2898 nostra
796 2839 847 2898 est
874 2853 968 2912 vera,
996 2853 1063 2897 non
1090 2839 1142 2897 est
1192 2829 1235 2894 tis
1256 2827 1439 2894 &relocati-i.

155 2918 304 3005 amplius
327 2918 453 2998 vinum,
476 2915 535 2984 sed
556 2919 699 3003 sanguis.

1280 2998 1445 3066 Probatur
1467 3000 1528 3065 sic:
1552 2998 1641 3081 Quia
1664 2998 1745 3067 haec
1773 3001 1874 3068 verba
1900 3023 1959 3085 per
1987 3005 2175 3088 episcopum

1194 3087 1230 3150 in
1249 3085 1363 3150 ordine
1385 3083 1492 3150 dando
1509 3086 1735 3168 proferuntur:
1753 3086 1883 3152 Damus
1900 3088 1960 3154 tibi
1978 3099 2175 3173 potestatem

1195 3170 1423 3249 consecrandi,
1465 3179 1499 3235 et
1532 3170 1692 3237 offerendi
1726 3169 1800 3237 Deo
1821 3172 2009 3255 placabiles
2040 3177 2173 3244 hostias.

239 3261 443 3328 Mandatum
473 3267 524 3327 cst
552 3260 693 3328 Christi:
727 3259 838 3326 Bibite
865 3281 980 3325 omncs
1007 3261 1141 3345 (Matth.
1196 3256 1265 3325 Sed
1287 3258 1455 3340 quaeritur
1476 3255 1517 3322 de
1545 3279 1609 3340 quo
1632 3256 1786 3323 ecclesiae
1807 3260 1875 3324 ritu
1897 3261 2047 3345 magistri
2069 3264 2175 3329 nostri

159 3355 214 3429 26,
238 3350 310 3431 27).
359 3345 450 3429 Quin
488 3348 588 3412 etiam
619 3367 723 3430 quum
756 3346 798 3411 de
832 3367 917 3430 pane
949 3347 1144 3430 simpliciter
1195 3343 1398 3427 intelligant:
1426 3364 1528 3426 quum
1557 3344 1781 3409 caeremoniae
1800 3344 1918 3427 quibus
1941 3347 2079 3427 utimur,
2107 3368 2176 3413 non

160 3436 311 3503 dixisset:
350 3435 516 3518 Accipite,
550 3433 763 3512 manducate,
791 3454 894 3515 quum
929 3431 970 3497 ad
1009 3433 1143 3500 calicem
1194 3430 1319 3495 fuerint
1339 3429 1496 3494 factaein
1519 3429 1722 3513 apostolis,⁸)
1745 3449 1807 3494 nec
1828 3431 1997 3498 incorum
2018 3454 2176 3518 coaequa-

160 3528 296 3589 rentum
314 3526 376 3601 est,
400 3520 491 3586 iubet
509 3519 703 3585 nominatim
721 3526 760 3583 ut
777 3540 891 3585 omnes
909 3517 1031 3584 bibant.
1067 3520 1142 3585 Hoc
1195 3516 1290 3582 libus.
1336 3514 1390 3579 Ad
1413 3515 1474 3581 hoc
1497 3515 1693 3599 respondeo,
1715 3515 1803 3598 quod
1824 3517 2034 3602 privilegium
2056 3521 2119 3585 fuit
2136 3521 2176 3584 il·

161 3630 193 3676 se
215 3608 350 3691 Paulus
376 3603 553 3672 tradidisse
582 3605 779 3682 Corinthiis,
811 3605 896 3671 sicut
926 3613 1095 3691 acceperat
1123 3627 1143 3670 a
1195 3602 1236 3667 lis
1258 3600 1373 3666 datum
1392 3621 1452 3684 per
1474 3600 1651 3686 specialem
1673 3601 2000 3689 dispensationem.⁹)
2045 3604 2176 3689 Siquis

161 3696 316 3772 Domino,
351 3700 491 3759 testatur
520 3692 552 3777 (l
579 3690 654 3758 (lor.
679 3697 726 3772 11,
747 3690 813 3774 23).
858 3691 959 3756 Ratio
979 3711 1062 3775 quae
1085 3691 1141 3756 ad·
1195 3696 1307 3777 autem
1328 3687 1466 3770 replicet
1484 3687 1524 3752 de
1546 3687 1797 3767 successoribus,
1820 3690 1876 3772 qui
1894 3691 1995 3756 etiam
2012 3712 2072 3775 per
2090 3691 2176 3758 mul·

162 3780 232 3848 daei
259 3780 350 3847 solet
371 3778 413 3845 de
440 3777 709 3856 concomitantia,
739 3778 848 3844 locum
870 3777 925 3843 hic
946 3799 1012 3842 non
1033 3776 1139 3843 habet.
1195 3783 1245 3840 tos
1273 3794 1376 3839 annos
1410 3795 1476 3839 non
1503 3773 1639 3839 fuerunt
1666 3774 1773 3852 uncti,
1802 3795 1863 3841 nec
1890 3775 2031 3842 ordinati
2047 3788 2174 3845 'nostre

161 3867 274 3951 Neque
292 3866 386 3932 enim
414 3863 493 3948 quid
521 3865 615 3931 nobis
638 3863 693 3929 det
712 3863 867 3930 Christus
889 3863 1013 3928 intueri
1035 3863 1141 3929 solum
1194 3881 1285 3925 more
1306 3866 1364 3924 aut
1384 3859 1504 3937 forma,
1535 3858 1606 3927 dico
1628 3859 1716 3943 quod
1737 3859 1820 3925 illud
1842 3866 1948 3927 totum
1967 3873 2095 3947 tempus
2118 3864 2174 3929 de·

161 3952 329 4031 convenit,
360 3950 418 4018 sod
441 3950 540 4016 etiam
563 3949 719 4033 qualiter:
743 3957 814 4027 aut,
838 3949 868 4015 si
888 3949 1004 4028 mavis,
1025 3948 1141 4016 modus

163 4036 387 4124 inspiciendus
409 4044 469 4117 est,
492 4058 556 4120 quo
578 4037 742 4102 Dominus
761 4056 796 4102 se
818 4036 927 4118 ipsum
950 4034 1044 4102 nobis
1065 4035 1141 4102 vult

164 4125 414 4191 communicare.
464 4120 752 4204 Quemadmodum
779 4143 857 4207 ergo
884 4122 944 4187 sub
972 4142 1057 4206 pane
1085 4120 1142 4186 dat
1264 4136 1293 4200 1)
1312 4134 1385 4188 Libr.
1403 4133 1428 4187 3.
1447 4135 1543 4188 eccles.
1562 4134 1623 4191 hist
1643 4153 1665 4190 c.
1683 4132 1708 4189 8.

165 4212 251 4278 nobis
274 4230 407 4293 corpus,
435 4209 484 4274 ita
505 4209 604 4273 ctiam
626 4209 687 4275 sub
710 4208 808 4274 calice
830 4209 1034 4293 sanguinem.
1057 4208 1140 4273 Pro·
1264 4203 1343 4273 2)1n
1361 4202 1480 4272 Sophos.

166 4296 232 4363 inde
254 4296 343 4363 nihil
362 4295 459 4361 nobis
476 4293 566 4361 aliud
588 4301 700 4374 restat,
722 4295 787 4360 nisi
808 4301 846 4359 ut
857 4292 1046 4360 obediamus
1068 4295 1140 4358 eius
1262 4272 1294 4408 Ξ)
1312 4271 1441 4396 {affl
1458 4270 1521 4394 gg·
1539 4271 1724 4409 boiiperimus
1742 4339 1775 4395 ds
1794 4355 1914 4395 consecr.
1935 4338 1996 4393 dist
2014 4337 2039 4392 2.

167 4381 328 4459 mndata,
351 4382 479 4448 exeius
498 4400 600 4445 manu
618 4380 778 4447 sumendo
795 4382 890 4465 signa
907 4399 991 4463 quae
1000 4380 1141 4479 porrigit
1210 4423 1219 4443 0
1261 4411 1291 4477 5)
1310 4411 1399 4479 Epist.
1416 4408 1441 4465 2.
1460 4409 1492 4463 de
1511 4410 1604 4478 lapsis.

169 4468 270 4549 nobis,
297 4476 338 4535 ub
359 4488 473 4533 rorum
494 4468 634 4533 veritato
657 4468 816 4533 fruamur.
860 4466 948 4531 Nam
970 4486 1047 4549 qma
1069 4486 1141 4530 cor·
1262 4479 1293 4547 6)
1311 4480 1349 4533 Et
1367 4478 1395 4533 S.
1413 4479 1529 4547 Cypriae
1552 4478 1637 4532 debat
1658 4494 1708 4546 par
1732 4478 1806 4531 viras
1830 4476 1936 4531 raisons
1955 4491 2007 4544 que
2024 4475 2176 4532 nullemeut

169 4556 250 4635 moi
280 4575 412 4633 sumus,
446 4552 721 4636 quemadmodum
751 4551 1009 4639 Chrysogtomug
1024 4552 1049 4636 l)
1084 4550 1141 4617 ad.
1195 4569 1230 4605 on
1252 4566 1286 4603 no
1309 4544 1367 4604 doit
1391 4547 1484 4602 (leniel'
1508 4550 1525 4602 b
1547 4564 1584 4601 un
1609 4545 1752 4601 Chrestien
1776 4545 1801 4599 le
1826 4560 1893 4613 sang
1915 4545 1948 4600 (ie
1973 4544 2053 4600 Iesus
2076 4544 2174 4611 Christ,

170 4648 285 4719 monet,
321 4640 384 4706 sub
417 4638 617 4717 visibilibus,
651 4660 709 4722 pro
742 4645 842 4721 captu
868 4637 993 4703 moduli
1027 4637 1141 4717 nostri,
1194 4616 1368 4758 lie’quffiydoit
1390 4615 1524 4685 espandre
1548 4631 1597 4670 son
1620 4629 1721 4683 propre
1739 4627 1820 4682 sang,
1845 4628 1916 4682 pour
1934 4615 2026 4682 signer
2042 4613 2071 4668 la
2088 4614 2174 4669 verite

172 4725 347 4809 spiritualia
385 4726 480 4792 nobie
513 4724 690 4809 dispensat.
734 4725 800 4790 Hic
832 4724 916 4822 ritus
949 4725 1142 4790 observatus
1220 4704 1294 4821 ¹⁰e7)
1317 4752 1459 4808 qaum,
1487 4752 1577 4808 haber
1605 4750 1647 4806 De
1670 4750 1833 4819 immone,
1861 4749 1936 4821 qm
1964 4750 2002 4806 ad
2023 4755 2175 4820 ,emm

174 4808 228 4875 init
250 4813 286 4877 in
309 4810 447 4879 ccclesia
472 4810 562 4877 ultra
589 4832 693 4877 annos
720 4811 825 4890 mille,
860 4817 945 4876 sicut
977 4816 1141 4876 testantur
1195 4825 1341 4883 aesculum
1356 4823 1481 4891 patae.

177 4898 309 4963 mum
323 4905 460 4982 mmm
477 4898 607 4980 sepa
643 4896 737 4977 ΟΜ)
750 4894 1142 4981 aquemuensis
1213 4885 2062 5021 :stastatutatitttsluaalittt
2076 4888 2176 5013 se:

621 5005 624 5011 Ι
1197 4981 1232 5089 bs
1250 5030 1437 5102 parcillement
1454 5027 1494 5083 les
1514 4977 1605 5084 aunei
1624 4975 1762 5097 disqciples.
1780 4973 1798 5028 p
2130 4973 2174 5106 pf

240 5102 264 5167 1)
281 5103 377 5160 Hamil.
395 5103 438 5158 60.
456 5103 491 5158 ad
507 5103 601 5173 popul.
1265 5099 1296 5165 9)
1314 5096 1434 5155 ibidem:
1456 5098 1502 5167 qui
1519 5112 1553 5152 ne
1571 5102 1695 5167 compete
1713 5097 1790 5166 point
1807 5097 1824 5151 a
1840 5102 1904 5150 tous
1922 5099 1950 5148 et
1967 5091 2047 5162 qu’on
2064 5108 2099 5148 ne
2117 5092 2180 5148 dart

240 5168 321 5235 illle
339 5189 441 5228 rasum
460 5173 558 5228 carnis.
1197 5172 1263 5226 tirer
1280 5185 1315 5225 en
1333 5181 1519 5237 consequence
1539 5181 1609 5236 pour
1626 5182 1659 5222 en
1677 5165 1744 5221 faire
1763 5164 1808 5235 loy
1826 5177 1974 5219 commune.

273 5255 380 5313 &icini
396 5273 490 5328 opero.
532 5258 588 5313 Vol.
612 5256 679 5313 VII.
1949 5246 1966 5300 2

540 3139 767 3194 ANTIDOTUM.

1194 4028 1277 4036 .---
1289 4026 1399 4034 -——

182 5024 368 5041 Q———n—-u—
