4620 5894
143 228 205 289 411
804 217 927 283 ACTA
944 214 1126 284 SYNODI
1147 216 1468 282 uRIDEerNAu
1539 254 1542 260 ·
2093 216 2160 280 412

231 408 320 486 Item,
343 406 418 472 boec
438 410 635 470 sacrosancto
659 403 807 487 specus
828 402 1120 482 111111111111111-
1144 402 1147 485 1
1172 403 1359 470 carneam
1383 423 1450 470 esse
1473 402 1561 485 ferio
1589 405 1714 487 quitata,
1737 407 1814 484 1111
1839 402 2093 470 sacratissimum
2112 400 2160 483 fo·

142 497 195 576 eit,
211 496 235 580 ¹)
258 493 444 575 proximam
468 491 613 574 futurem
642 488 819 555 Sessiomm
846 490 1150 571 111111111111111
1175 494 1259 554 auor
1271 489 1296 574 ¹)
1321 489 1520 556 Pentecostec.

854 763 904 828 IN
927 761 1456 844 11111111111101111

232 923 339 988 Vetus
367 928 418 986 est
443 920 668 1003 proverbium:
703 916 849 983 Romani
875 916 1018 983 sedendo
1047 918 1122 982 vin-
1147 920 1150 961 ¹
1173 918 1320 985 fontibus
1341 919 1422 1003 ipsis
1443 926 1601 1002 peterent
1648 915 1776 982 Saltem
1803 938 1846 983 ne
1872 916 2011 1001 posthae
2032 916 2160 982 Roma·

146 1016 235 1077 cunt
269 1008 344 1073 Hae
364 1005 485 1071 fiducia
507 1006 686 1089 degeneres
707 1004 765 1069 isti
786 1024 825 1069 ae
846 1003 950 1087 spurii
969 1023 1124 1069 romanae
1174 1005 1333 1071 nensibus
1354 1005 1484 1070 molesti
1506 1004 1582 1082 sint,
1605 1003 1667 1069 hoe
1689 1002 1819 1069 decreto
1837 1001 1966 1068 abunde
1983 1002 2158 1154 8111111111

146 1094 243 1176 sedis,
262 1094 324 1160 hoe
342 1103 401 1171 111,
418 1112 560 1175 magnae
578 1090 760 1155 meretricis
778 1089 847 1168 filii,
866 1088 909 1153 ad
925 1088 1125 1154 vincendum
1176 1099 1234 1158 est
1278 1091 1398 1156 Nonne
1425 1090 1487 1157 hoe
1514 1099 1565 1155 est
1587 1089 1763 1156 Graeciam
1791 1098 1962 1171 totumque
2017 1089 2159 1154 rientem

128 1203 183 1249 se
205 1186 468 1263 composuerunt,
490 1176 615 1269 indicta
636 1177 735 1242 tertia
754 1176 906 1240 sessione.
934 1173 1125 1256 Quidenim
1175 1177 1348 1262 subigere?
1386 1177 1501 1243 Unum
1522 1175 1630 1240 adhue
1647 1174 1774 1240 deerat:
1799 1195 1928 1257 semper
1945 1175 2034 1239 enim
2051 1194 2159 1240 emer·

145 1265 312 1352 prohibet,
339 1264 517 1348 quominus
539 1271 646 1328 erecto
668 1262 843 1344 trophaeo,
865 1261 937 1325 voti
959 1269 1124 1344 compotes
1177 1273 1262 1347 gunt
1282 1262 1432 1328 homines
1454 1262 1584 1341 morosi,
1606 1261 1725 1345 quibus
1743 1262 1896 1326 satisfieri
1917 1259 2013 1326 ahter
2034 1259 2157 1343 nequit,

146 1353 278 1419 abeant:
307 1352 336 1416 si
362 1350 429 1415 illis
456 1348 647 1415 conceditur
674 1346 761 1431 quod
789 1368 856 1412 uno
884 1346 1014 1412 decreto
1036 1367 1124 1411 com·
1177 1350 1241 1414 nisi
1262 1350 1432 1432 seripturis
1450 1349 1607 1432 probetur
1629 1346 1715 1431 quod
1732 1349 1878 1412 vertitur
1898 1347 1935 1411 in
1956 1346 2157 1429 quaestione

145 1438 235 1522 plexi
268 1435 367 1501 sunt?
413 1434 563 1516 Quatuor
596 1444 707 1499 autem
740 1439 819 1498 sunt
851 1432 967 1515 capita
1012 1432 1125 1497 Primo
1178 1433 1268 1501 Sunt
1290 1435 1345 1500 1111
1367 1435 1508 1499 nimium
1529 1434 1743 1517 perspicaces,
1765 1434 1821 1516 qui
1844 1433 1944 1497 etiam
1965 1435 2000 1496 in
2022 1430 2160 1516 vulgata

147 1523 324 1600 definiunt,
354 1523 390 1586 in
412 1521 560 1586 doctrina
581 1541 649 1585 non
671 1519 749 1585 solis
772 1519 943 1602 seripturis
972 1517 1126 1584 standum
1177 1521 1395 1586 translatione
1414 1541 1508 1585 arma
1526 1520 1706 1602 reperiunt,
1728 1519 1847 1602 quibus
1865 1518 1907 1584 ad
1929 1517 2159 1585 lacessendum

145 1615 220 1691 [pag.
240 1614 295 1688 93]
318 1628 399 1686 esse,
423 1606 481 1673 sed
502 1606 631 1672 traditis
649 1607 750 1670 etiam
771 1626 831 1688 per
851 1625 970 1670 manus
988 1603 1125 1687 placitis.
1177 1615 1334 1691 papatum
1351 1607 1568 1672 instruantur.
1604 1605 1656 1670 Ne
1673 1604 1752 1688 quid
1768 1604 1845 1669 inde
1863 1604 2026 1688 accipiant
2036 1601 2158 1684 damni,

75 1700 86 1709 ’
145 1693 293 1773 Deinde,
321 1695 359 1758 in
382 1691 584 1759 conficiendo
612 1693 794 1774 scripturae
819 1691 981 1775 catalogo,
1011 1688 1127 1755 eadem
1178 1695 1340 1777 optimum
1361 1691 1544 1757 remedium
1566 1692 1763 1776 excogitant,
1787 1689 1868 1755 dum
1889 1690 1953 1755 sibi
1974 1688 2160 1774 legitimam

40 1796 48 1815 ·
147 1781 250 1846 libros
272 1801 386 1845 omnes
408 1786 498 1844 oreta
525 1779 694 1861 notantzf)
726 1783 759 1842 et
785 1777 991 1860 apocryphos
1013 1783 1128 1842 vetant
1179 1776 1368 1844 adiudicant
1402 1779 1583 1859 scripturae
1615 1776 1929 1861 interpretationem
1974 1773 2060 1855 Quis
2090 1773 2160 1840 ianr

148 1889 190 1932 ex
225 1866 364 1930 aliorum
401 1864 514 1930 ordine
542 1863 738 1929 submoveri.
783 1863 911 1940 Tertio,
945 1861 1127 1944 repudiatis
1180 1865 1265 1930 male
1298 1863 1450 1946 providos
1494 1862 1681 1928 existimet?
1731 1863 1788 1946 qui
1825 1883 1892 1926 uno
1938 1863 2045 1943 capite
2093 1859 2160 1926 hue

148 1952 222 2018 eliis
243 1951 491 2034 quibuscunque
512 1947 853 2032 interpretationibus,
882 1947 1055 2031 vulgatam
1075 1968 1127 2012 so·
1180 1951 1394 2035 perveniunt,
1418 1957 1456 2014 ut
1476 1947 1606 2032 quidvis
1627 1946 1770 2013 habeant
1791 1968 1834 2013 ex
1855 1948 2019 2031 scriptura
2041 1945 2160 2030 proba·

145 2038 214 2104 lam
225 2039 378 2115 retinent,
398 2058 435 2102 ae
452 2036 567 2101 iubent
584 2056 656 2101 1111
673 2035 908 2099 authenticam.
944 2035 1127 2113 Postremo,
1180 2046 1264 2101 tum:
1285 2044 1318 2100 et
1335 2035 1427 2100 nullo
1446 2037 1627 2119 scripturae
1645 2035 1832 2100 testimonio
1849 2032 2064 2117 quantumvis
2081 2051 2161 2096 eon-

148 2125 211 2190 sibi
237 2123 273 2188 in
298 2123 378 2187 locis
401 2122 553 2187 omnibus
575 2122 629 2186 vel
656 2121 820 2198 obscuris,
844 2120 901 2186 vel
922 2119 1046 2196 dubiis,
1076 2123 1128 2183 ius
1181 2122 1281 2187 trario
1309 2130 1498 2205 urgeantur.
1543 2121 1631 2185 Nam
1658 2122 1686 2185 si
1713 2119 1873 2185 confessio
1903 2116 2073 2202 probanda
2094 2123 2159 2183 est:

146 2208 426 2292 interpretationis
436 2205 615 2285 vindicant,
628 2207 751 2289 absque
761 2207 1000 2290 provocatione.
1037 2204 1129 2286 Qua·
1181 2210 1217 2273 in
1233 2216 1390 2292 promptu
1407 2208 1470 2272 erit
1489 2206 1584 2271 illud:
1607 2205 1781 2272 Ostendite
1804 2210 1878 2284 [pag.
1899 2210 1953 2283 95]
1971 2225 2030 2270 vos
2052 2222 2161 2268 saeer-

145 2302 221 2361 tuor
247 2295 320 2360 11111
348 2293 551 2373 constitutis,
580 2293 654 2377 quis
683 2301 783 2376 neget
804 2313 876 2357 1111
905 2290 1127 2358 debellatum?
1181 2295 1320 2361 dotibus.
1366 2292 1404 2361 si
1426 2302 1617 2376 quaeratur,
1647 2314 1690 2381 an
1715 2290 1755 2357 ad
1778 2301 1983 2356 mortuorum
2002 2290 2162 2357 intereos-

143 2381 278 2465 Itaque,
318 2399 542 2463 supervacuae
580 2379 688 2462 magis
721 2379 950 2443 ostentationis
981 2378 1127 2457 eausa,³)
1181 2382 1307 2449 sionem
1329 2379 1584 2463 confugiendum
1607 2380 1659 2456 sit,
1682 2377 1793 2442 statim
1815 2377 1897 2441 illud
1920 2383 2082 2442 occurret:
2106 2374 2162 2441 Ad

144 2477 261 2557 postea
287 2464 514 2550 disputarunt,
549 2485 648 2547 quam
675 2463 761 2547 quod
794 2465 842 2528 ita
869 2484 1002 2530 necesse
1034 2463 1127 2528 foret.
1181 2469 1322 2550 aliquem
1345 2475 1532 2532 sanctorum
1555 2473 1757 2531 convertere.
1798 2463 1898 2528 Item:
1922 2463 1989 2528 Pro
2006 2461 2070 2528 hae
2087 2480 2163 2527 ora·

145 2552 316 2636 Quidquid
333 2553 423 2618 enim
440 2550 647 2635 protulerint,
671 2550 700 2615 11
718 2549 811 2614 11111
829 2552 1012 2634 scripturae
1035 2557 1129 2614 auto·
1181 2556 1230 2620 bit
1256 2552 1298 2618 ad
1325 2567 1358 2617 to
1386 2554 1492 2618 omnis
1521 2560 1665 2617 sanetus.
1709 2550 1780 2616 Nec
1809 2549 2039 2633 purgatorium
2060 2545 2162 2613 desti-

146 2639 246 2704 ritate
275 2638 398 2703 fultum
432 2638 509 2715 erit,
544 2637 631 2702 inter
665 2634 859 2702 traditiones
888 2636 1127 2701 numerabitur:
1181 2648 1295 2704 tuetur
1321 2649 1410 2704 certo
1436 2637 1665 2715 fundamento,
1695 2636 1773 2718 quia
1799 2636 1961 2719 seriptum
1990 2641 2053 2699 est:
2083 2633 2163 2698 Non

91 2785 99 2800 ,
148 2745 229 2808 quas
251 2724 356 2788 nihilo
378 2724 489 2788 minus
509 2722 587 2788 fidei
608 2721 729 2788 habere
751 2721 876 2799 volunt,
899 2743 999 2805 quam
1021 2721 1130 2804 legem
1182 2726 1286 2791 exibit
1318 2723 1409 2803 inde,
1445 2725 1548 2790 donee
1580 2723 1717 2789 solverit
1749 2721 1904 2786 ultimum
1932 2719 2162 2804 quadrantem

148 2818 183 2876 et
210 2810 398 2893 prophetas.
443 2807 533 2889 Quid
564 2828 644 2874 vero
678 2809 744 2872 iam
775 2807 887 2873 licebit
919 2806 1128 2890 improbare?
1182 2811 1346 2894 Denique,
1368 2810 1478 2876 licebit
1495 2810 1657 2893 quidlibet
1674 2831 1716 2874 ex
1734 2806 1878 2892 quolibet
1894 2807 2011 2873 faeere.
2048 2803 2165 2887 Quum

147 2917 250 2980 quum
277 2894 408 2960 nullum
437 2896 482 2959 111
509 2902 577 2958 tam
604 2914 752 2960 erassum
780 2902 837 2958 aut
859 2893 946 2960 anile
968 2892 1129 2972 delirium,
1184 2897 1323 2963 antehae
1345 2895 1505 2961 eiusmodi
1528 2897 1714 2961 testimonia
1736 2894 1955 2978 proferebant,
1977 2893 2046 2958 iam
2068 2898 2165 2956 erant

148 2980 236 3068 quod
257 3002 324 3046 nen
354 2981 417 3045 hoe
443 2988 618 3064 praetextu
640 2978 827 3044 defendant.
872 2979 944 3045 Imo
967 2980 1059 3045 nulla
1081 2987 1131 3045 est
1184 2983 1295 3068 pueris
1318 3003 1447 3066 quoque
1475 2983 1557 3065 ipsis
1586 2981 1731 3046 ridiculi:
1761 3001 1850 3046 nuno
1876 2981 1930 3045 ius
1952 2978 2165 3044 authenticae

147 3075 216 3134 tam
248 3065 435 3151 prodigiosa
465 3067 671 3149 superstiti0,
703 3067 756 3131 eui
788 3087 854 3131 non
889 3066 992 3144 hune,
1025 3065 1132 3132 veluti
1183 3069 1464 3152 interpretationis
1485 3069 1678 3151 scrupulum
1700 3087 1845 3146 omnem,
1870 3067 1897 3132 si
1919 3065 1985 3132 illis
2006 3063 2164 3144 ereditur,

146 3153 259 3220 Aiacis
292 3152 459 3238 elypeum,
493 3152 673 3234 applicent,
707 3171 771 3235 quo
799 3153 977 3217 muniatur.
1023 3151 1129 3229 Adde,
1183 3155 1314 3220 eximet.
1349 3152 1446 3235 Quod
1469 3163 1580 3219 autem
1601 3164 1668 3217 tam
1692 3153 1817 3218 clarum
1840 3162 1898 3219 aut
1913 3153 2049 3217 firmum
2071 3150 2165 3216 testi·

146 3239 235 3324 quod
264 3237 327 3304 sibi
359 3260 447 3304 nova
473 3238 632 3321 suffragia
663 3245 871 3320 comparant,
898 3259 1001 3321 quum
1029 3237 1130 3303 libros
1181 3243 1330 3307 monium
1356 3241 1423 3305 illis
1450 3247 1566 3306 eontra
1592 3239 1780 3317 obiiciatur,
1808 3238 1895 3320 quod
1918 3259 1986 3304 non
2004 3233 2163 3303 eludent?

148 3324 355 3474 aficeryphos
377 3325 553 3390 autoritate
576 3323 764 3408 dignantur.
808 3324 863 3388 Ex
892 3323 1033 3389 seeundo
1055 3325 1130 3389 Ma·
1182 3329 1324 3410 Impune
1364 3327 1453 3391 enim
1489 3325 1707 3408 qualicunque
1746 3325 1862 3389 cavillo
1902 3346 1937 3390 se
1974 3322 2163 3408 expedient

148 3432 166 3476 e
191 3412 367 3476 abacorum
393 3418 428 3475 et
454 3411 682 3494 purgatorium
710 3409 915 3493 probabitur,
945 3418 1129 3476 11111111-
1154 3384 1156 3447 1
1183 3414 1353 3480 Adversus
1375 3415 1555 3478 contrarias
1575 3413 1721 3476 rationes
1742 3410 1836 3476 hice
1861 3411 1985 3493 positus
2008 3410 2073 3474 erit
2091 3429 2164 3474 mu·

149 3517 226 3560 rum
256 3496 458 3561 intercessio.
503 3497 558 3560 Ex
591 3495 708 3572 Tobia,
746 3497 1000 3575 satisfactiones,
1035 3519 1130 3563 exor·
1154 3490 1157 3599 1
1182 3524 1239 3567 rus
1261 3500 1424 3565 aheneus:
1455 3499 1506 3563 Tu
1528 3499 1602 3581 quis
1624 3519 1674 3576 es,
1702 3498 1758 3579 qui
1785 3433 2166 3580 1111111111111111111·

148 3582 295 3661 cismi:⁴)
320 3580 454 3663 etquid
477 3581 564 3646 non?
610 3582 662 3646 Ab
685 3582 915 3648 Ecclesiastico
938 3604 1003 3648 non
1026 3604 1131 3665 pauca
1154 3604 1157 3688 ἷ
1182 3588 1264 3651 tioni
1282 3584 1465 3667 obstrepis?
1510 3585 1583 3650 Hoc
1605 3585 1729 3650 seilicet
1749 3590 1809 3660 est,
1832 3582 1921 3665 quod
1939 3581 2071 3664 vulgari
2089 3600 2166 3665 pro-

147 3667 398 3732 mutuabuntur.
434 3666 532 3733 Unde
549 3667 637 3731 enim
655 3667 778 3731 faecem
794 3666 913 3732 melius
935 3668 1129 3734 haurirent?
1181 3673 1295 3738 verbio
1316 3674 1405 3736 inter
1432 3692 1467 3737 11
1489 3670 1696 3753 praedicant,
1727 3670 1924 3751 scripturam
1952 3688 2025 3734 esse
2046 3686 2166 3732 nasum

149 3751 349 3834 Quanquam
371 3772 439 3817 non
461 3754 490 3816 is
519 3774 591 3817 sum
616 3753 672 3834 qui
700 3758 775 3830 [pag.
795 3757 848 3832 94]
877 3752 1049 3818 lectionem
1071 3754 1126 3819 ho·
1182 3778 1327 3823 cereum:
1357 3758 1434 3839 quia
1460 3758 1606 3822 converti
1633 3755 1736 3839 possit
1756 3757 1791 3818 in
1812 3775 1927 3819 omnes
1950 3754 2080 3818 formas.
2125 3750 2166 3819 si

147 3859 225 3904 rum
247 3837 408 3904 librorum
436 3837 536 3903 velim
559 3858 692 3920 prorsus
722 3838 922 3920 improbare:
951 3838 1009 3904 sed
1031 3837 1131 3904 fidem
1182 3843 1340 3907 eiusmodi
1360 3842 1525 3925 postulata
1542 3841 1784 3907 mathematicis
1796 3840 1963 3918 darentur,
1982 3860 2051 3904 nen
2068 3837 2166 3908 modo

147 3924 215 3989 illis
237 3923 397 4002 tribuere,
427 3945 510 4006 quae
537 3923 699 3988 haetenus
727 3945 896 4005 nunquam
923 3924 1036 3988 habita
1057 3924 1129 4003 fuit,
1155 3914 1158 3994 Ι
1183 3949 1225 3992 ex
1247 3927 1355 3993 cubito
1378 3928 1524 4009 palmum
1547 3929 1706 3994 facerent:
1730 3926 1788 3991 sed
1811 3926 1953 3992 stadium
1975 3925 2168 3992 evincerent

148 4032 306 4095 quorsum
327 4010 496 4088 attinebat,
519 4009 585 4074 nisi
606 4018 645 4073 ut
666 4008 708 4072 ad
728 4008 919 4074 colorandos
941 4029 1020 4075 suos
1041 4031 1130 4075 erro·
1183 4012 1291 4080 oubito
1312 4013 1455 4091 brevius,
1477 4013 1580 4079 donee
1604 4015 1781 4078 miscerent
1802 4011 1929 4078 eoelum
1951 4010 2110 4095 1111111)

147 4117 201 4162 res
223 4095 409 4161 adulterino
431 4096 504 4161 fuco
526 4093 719 4159 uterentur?
767 4094 908 4173 Verum,
939 4096 1016 4178 quia
1034 4117 1131 4179 saepe
1269 4098 1360 4179 Quid
1377 4120 1456 4183 ergo
1475 4121 1549 4165 eum
1568 4100 1630 4165 hae
1641 4101 1783 4175 victrice,
1802 4106 1837 4162 et
1854 4099 1921 4162 iam
1934 4098 2028 4181 quasi
2047 4097 2166 4162 trium·

147 4204 191 4248 cx
212 4182 369 4248 hebraica
401 4191 460 4246 aut
486 4201 604 4265 graeca
637 4181 775 4245 veritate
802 4180 964 4246 refellitur
991 4182 1131 4246 istorum
1182 4181 2165 4269 111111111111111111111111111111111111111111111111

148 4268 279 4334 inscitia
299 4269 335 4332 in
353 4265 494 4333 citandis
512 4267 693 4349 1111111111,
712 4277 746 4329 11
765 4266 933 4332 temeritas
951 4268 1130 4348 cohibetur,
1155 4206 1158 4340 1
1184 4271 1400 4336 discutiamus
1422 4273 1503 4336 istos
1525 4272 1640 4336 fumos.
1686 4269 1784 4351 Quod
1806 4270 1848 4334 ad
1870 4267 2065 4335 traditiones
2087 4269 2166 4334 atti·

151 4350 295 4435 adeoque
323 4351 513 4418 retunditur
539 4353 728 4418 thrasoniea
749 4352 920 4418 iactantia:
949 4353 1028 4420 huie
1051 4375 1130 4436 quo·
1155 4343 1158 4407 1
1183 4366 1256 4422 net:
1280 4359 1346 4423 seio
1368 4357 1502 4422 illarum
1524 4377 1593 4421 non
1612 4379 1723 4422 raram
1745 4356 1817 4421 fieri
1839 4357 2042 4420 mentionem
2066 4376 2087 4421 a
2107 4374 2166 4421 ve-

151 4458 215 4522 que
231 4437 326 4504 mode
344 4439 515 4523 ingeniose
533 4444 721 4515 occurrunt,
737 4436 817 4502 dum
835 4445 995 4519 statuunt,
1012 4447 1048 4504 ut
1061 4441 1131 4506 sola
1183 4444 1280 4510 tustis
1314 4444 1541 4527 scriptoribus:
1574 4443 1632 4508 sed
1664 4465 1730 4507 non
1763 4463 1801 4506 co
1833 4440 1983 4520 consilio,
2015 4448 2054 4505 ut
2084 4439 2166 4507 fides

150 4521 193 4587 ad
210 4522 310 4589 fidem
334 4525 443 4590 valeat
460 4525 597 4610 vulgata
625 4523 807 4589 translatio.
853 4525 944 4589 Eunt
965 4548 1053 4592 nune
1075 4527 1132 4609 qui
1184 4534 1259 4608 [pag.
1283 4534 1337 4609 96]
1359 4539 1472 4594 111111
1490 4539 1585 4594 extra
1607 4529 1786 4611 scripturas
1804 4535 1969 4604 excurrat,
1991 4525 2165 4610 inquibus

151 4608 296 4673 multum
323 4631 440 4692 operae
464 4611 687 4694 temporisque
711 4619 987 4694 consumpserunt
1008 4611 1044 4676 in
1068 4613 1131 4678 lin·
1183 4616 1290 4697 ipsam
1318 4625 1476 4698 perpetuo
1503 4613 1686 4680 includunt.
1731 4614 1830 4678 Ritus
1851 4623 1982 4678 tantum
2005 4613 2165 4695 quosdam

151 4714 293 4779 guarum
314 4696 438 4774 studio,
467 4704 504 4761 ut
524 4698 707 4781 genuinum
733 4697 917 4780 scripturae
936 4718 1068 4764 sensum
1090 4721 1133 4764 ex
1184 4701 1338 4784 apostolis
1371 4702 1521 4766 referunt
1553 4710 1718 4784 acceptos:
1751 4720 1892 4783 quorum
1918 4718 1996 4781 para
2023 4697 2067 4764 ab
2098 4699 2165 4765 illis

221 4880 252 5016 11
271 4882 454 5005 1111ῗῖ11111
470 4968 566 5019 passer
583 4968 634 5021 par
652 4969 688 5006 un
706 4951 833 5008 fidelium.
1254 4957 1283 5020 1)
1309 4957 1407 5012 festum
1429 4958 1588 5026 proximum.
1630 4957 1752 5011 Indictio
1773 4958 1887 5023 futurae
1909 4955 2041 5011 actamnis
2064 4955 2163 5026 legitur

221 5018 252 5085 3)
271 5034 323 5088 par
340 5019 426 5072 forme
445 5017 488 5074 d’a
522 5022 561 5075 uit
579 5028 608 5074 et
643 5037 675 5074 ar
693 5025 852 5077 ceremonia.
1187 5029 1218 5081 ia
1235 5027 1277 5080 ed.
1298 5024 1472 5094 Gottr'apenei
1494 5026 1558 5080 Tem
1577 5025 1621 5079 11.
1638 5043 1665 5094 p.
1683 5025 1725 5080 20.

221 5085 251 5154 4)
271 5087 479 5142 enchantemens
515 5103 531 5142 e
549 5038 705 5143 1111111111
723 5092 836 5146 benitas.
1252 5093 1284 5161 2)
1303 5094 1381 5149 Haec
1394 5102 1535 5164 1111111111
1551 5097 1687 5150 11111111
1705 5095 1904 5164 1111111111.
