4620 5894
255 1404 383 1470 VERA
407 1401 728 1470 cualsulnNAn
750 1401 1130 1469 PACIFICA'PIONIS
1152 1403 1213 1468 ΕΤ
1234 1401 1497 1470 uacuuslau
1520 1401 1882 1469 REFORMANDAE
1905 1402 2097 1486 RATIO.¹)

257 1592 450 1678 Speciosam
495 1590 604 1658 uidem
627 1613 748 1656 nomen
770 1599 821 1657 est
841 1592 931 1675 pacis
946 1591 1072 1742 dimit
1088 1591 1153 1656 Hi·
1205 1600 1303 1671 stum,
1327 1599 1364 1657 ut
1385 1591 1509 1658 nullam
1529 1594 1657 1658 interea
1674 1589 1844 1658 doetrinae
1861 1590 1967 1674 ipsius
1984 1599 2117 1674 partem
2135 1587 2189 1657 vel

169 1677 325 1765 larius)²)
353 1687 387 1744 et
408 1678 485 1762 pulc
509 1698 547 1742 ra
574 1678 684 1762 opinio
705 1678 854 1743 unitatis.
900 1676 945 1744 Se
991 1679 1063 1761 quis
1086 1699 1154 1743 am·
1205 1698 1272 1743 non
1294 1678 1479 1759 obscurent,
1502 1679 1556 1746 vel
1578 1699 1644 1743 non
1666 1676 1776 1761 aliqua
1796 1676 1959 1742 mendacii
1980 1675 2054 1742 labe
2075 1696 2190 1760 asper·

168 1765 269 1851 bigat,
292 1785 367 1831 eam
388 1763 492 1830 solam
514 1764 647 1829 unicam
667 1762 822 1829 ecelesiae
842 1783 957 1848 paoem
978 1785 1050 1829 esse
1067 1785 1152 1846 quae
1204 1771 1294 1848 gant.
1347 1765 1457 1848 Atque
1489 1765 1552 1831 hoc
1580 1762 1813 1828 deformandae
1847 1762 1979 1845 pietatis
2011 1762 2191 1829 artificium

169 1849 296 1918 Christi
316 1848 387 1916 est?
432 1849 547 1935 Digna
574 1849 719 1934 profecto
742 1849 921 1929 sententia,
950 1870 1034 1932 quae
1057 1848 1152 1914 nobis
1203 1849 1445 1917 reformationis
1476 1850 1584 1930 titulo,
1601 1849 1627 1933 ¹)
1668 1849 1695 1914 si
1734 1849 1806 1914 Deo
1840 1847 1962 1931 placet,
2002 1846 2188 1915 venditant

168 1937 205 2002 in
236 1943 381 2002 mentem
414 1936 527 2001 veniat
559 1936 685 2020 quoties
720 1935 761 1999 de
796 1935 1026 2001 constituenda
1062 1935 1152 2000 inter
1203 1935 1322 2001 Itane?
1346 1943 1501 2019 utquam
1520 1958 1580 2002 nos
1599 1935 1715 2000 furtim
1733 1933 1930 2000 abducente
1950 1934 2042 2018 pacis
2060 1939 2189 2013 autore,

168 2022 377 2088 Christianos
398 2041 476 2104 pace
494 2021 732 2104 concordiaque
754 2021 876 2106 agitur:
899 2042 937 2087 ac
955 2021 1150 2105 praesertim
1203 2021 1316 2087 fucum
1338 2021 1432 2089 nobis
1454 2023 1584 2101 faciant,
1608 2041 1723 2105 paoem
1745 2021 1870 2085 frastra
1891 2018 2099 2102 pollicendo?

168 2108 227 2176 ubi
257 2107 427 2191 quaeritur
454 2108 490 2172 in
512 2106 660 2173 doctuna
688 2127 875 2172 consensus.
920 2106 1009 2171 Nam
1032 2107 1110 2190 quia
1131 2128 1178 2175 a¹
1290 2106 1489 2190 Quanquam
1518 2105 1704 2173 simulando
1734 2125 1907 2191 nunquam
1941 2110 2074 2170 tantum
2112 2124 2190 2189 pro-

169 2193 312 2261 dissidiis
333 2193 381 2276 pii
403 2200 437 2256 et
457 2192 619 2258 moderati
641 2192 791 2258 homines
809 2191 997 2271 abhorrent,
1017 2198 1151 2258 conten·
1175 2182 1178 2295 Ι
1202 2193 1324 2272 ficient,
1346 2194 1427 2276 quin
1448 2200 1584 2276 pateant
1605 2194 1752 2276 ipsorum
1772 2190 1916 2257 consilia.
1947 2188 2096 2275 Sperant
2112 2210 2190 2275 pro·

167 2281 274 2346 tiones
295 2299 374 2346 vero
397 2287 432 2344 et
452 2278 635 2345 certamina
656 2277 873 2343 detestentur:
902 2279 975 2344 fieri
998 2277 1056 2344 vix
1077 2285 1151 2362 pot-
1175 2298 1178 2407 i
1202 2278 1366 2358 ouldubio,
1390 2279 1419 2344 si
1439 2279 1603 2360 ecelesiae,
1626 2297 1709 2362 qnae
1730 2277 1898 2362 puriorem
1919 2275 2047 2342 Christi
2067 2275 2190 2344 doetri-

168 2372 233 2447 est,
263 2366 343 2449 quin
363 2363 548 2448 plausibilis
571 2364 623 2442 eit,
651 2364 758 2446 primo
786 2363 916 2443 auditu,
939 2384 1151 2447 quaeeunque
1202 2385 1280 2431 nam
1303 2364 1475 2448 amplexae
1496 2370 1589 2444 sunt,
1613 2363 1714 2430 semel
1736 2362 1986 2442 declinaverint,
2008 2381 2190 2447 passasque

168 2452 209 2519 de
230 2451 297 2517 illis
319 2448 473 2516 sedandis
494 2449 636 2515 habetur
663 2448 777 2514 oratio.
821 2450 868 2514 Et
889 2451 977 2532 quie,
1000 2450 1065 2515 nisi
1087 2449 1150 2514 hu·
1203 2451 1326 2516 fuerint
1347 2451 1459 2534 ahqua
1480 2472 1522 2515 ex
1544 2458 1638 2535 parte
1659 2469 1695 2516 se
1713 2448 1890 2532 corrumpi,
1908 2447 2012 2527 facile,
2031 2446 2121 2532 quod
2136 2469 2191 2517 re·

167 2537 336 2605 munitatis
365 2556 500 2620 expers,
529 2536 557 2601 si
584 2534 805 2618 pacificandae
833 2535 988 2602 ecelesiae
1016 2556 1097 2602 vera
1118 2542 1152 2600 et
1202 2536 1330 2620 liquum
1358 2537 1422 2601 erit
1450 2536 1540 2616 boni,
1569 2557 1646 2602 mox
1675 2535 1871 2618 perditurae.
1914 2533 1985 2600 Nec
2011 2554 2091 2600 eene
2118 2534 2190 2601 oi·

168 2624 255 2691 serie
280 2624 339 2688 fiat
365 2622 506 2701 mentio,
539 2642 607 2686 non
627 2619 768 2687 libenter
796 2642 910 2687 aurem
938 2621 1151 2705 animumque
1202 2622 1300 2687 nione
1328 2622 1500 2688 falluntur.
1549 2623 1643 2688 Haec
1670 2622 1760 2686 enim
1781 2627 1815 2686 et
1842 2619 2023 2687 iustissime
2044 2625 2121 2686 ete
2163 2620 2190 2671 ‘-

168 2707 413 2778 accommodati
469 2706 576 2773 Nemo
604 2707 694 2773 enim
723 2714 787 2786 est,
821 2707 875 2774 vel
908 2707 1033 2774 modice
1065 2705 1150 2773 dun-
1202 2709 1297 2773 naria
1318 2717 1368 2773 est
1389 2708 1455 2774 Dei
1475 2707 1571 2774 ultio:
1599 2716 1639 2773 ut
1661 2709 1717 2791 qui
1744 2711 1985 2772 sacrosanctam
2013 2725 2110 2772 suam
2131 2726 2189 2775 ve-

166 2801 261 2862 taxet
281 2792 412 2879 pietatis
434 2812 534 2859 sensu
555 2791 742 2876 praeditus,
765 2814 863 2876 quem
884 2813 952 2859 nen
974 2792 1149 2872 excruciet,
1201 2795 1334 2860 ritatem
1356 2795 1494 2861 scientes
1516 2816 1554 2862 ac
1575 2794 1725 2861 volentes
1746 2792 1861 2860 sinunt
1876 2791 2056 2859 mendaciis
2077 2792 2115 2859 in
2136 2792 2190 2858 ai·

166 2904 205 2948 ao
226 2898 375 2948 moerore
401 2880 552 2946 conficiat
577 2876 672 2945 foede
701 2879 799 2959 haec,
828 2878 1058 2962 horrendeque
1079 2900 1150 2945 cor·
1202 2879 1286 2960 nari,
1308 2880 1394 2944 tanti
1415 2881 1491 2946 boni
1509 2880 1714 2965 possessione
1731 2880 1766 2944 in
1784 2886 1892 2944 totum
1910 2883 2086 2943 exuantur.
2153 2898 2188 2944 e·

165 2967 256 3052 poris
277 2964 403 3033 Christi
424 2963 589 3031 laceratio.
628 2965 676 3030 At
698 2984 898 3048 veroquam
921 2965 1023 3032 astuti
1045 2964 1150 3030 homi-
1203 2986 1266 3048 que
1287 2966 1377 3031 enim
1398 2986 1451 3032 res
1472 2976 1523 3033 est
1541 2965 1621 3033 adeo
1644 2965 1800 3050 vulgaris,
1824 2970 1862 3029 ut
1882 2963 1939 3030 vel
1959 2963 2100 3030 minima
2116 2965 2188 3032 eius

165 3073 225 3120 nes
245 3052 308 3119 hoc
330 3072 366 3119 se
388 3056 563 3135 praetextu
584 3069 653 3116 non
671 3071 747 3117 raro
764 3049 943 3131 insinuent,
964 3049 1042 3115 dum
1060 3049 1151 3116 adul-
1203 3051 1429 3131 diminutione,
1450 3052 1536 3136 quod
1557 3052 1831 3136 protiosissimum
1858 3049 1990 3117 ducitur
2016 3049 2107 3116 inter
2127 3050 2188 3117 ho-

166 3144 274 3206 terare
294 3138 414 3204 volunt
435 3138 596 3204 sinceram
620 3135 747 3203 Christi
769 3136 967 3203 doctrinam:
997 3137 1070 3220 quis
1092 3157 1149 3201 ne-
1202 3138 1317 3218 mines,
1339 3136 1457 3203 redimi
1480 3137 1605 3205 debeat.
1645 3135 1809 3221 Equidem
1831 3137 1899 3203 seio
1920 3135 2039 3220 impios
2059 3141 2095 3202 et
2110 3155 2188 3222 pro·

166 3231 223 3311 got
253 3222 435 3308 prudenter
468 3222 797 3306 circumspiciendum
826 3243 912 3304 θεεθ,
945 3222 1052 3373 qualis
1083 3241 1150 3306 pax
1202 3224 1297 3290 fanos
1326 3223 1490 3304 homines,
1513 3245 1579 3290 non
1602 3245 1644 3290 ex
1665 3223 1731 3289 Dei
1752 3221 1874 3288 iudicio
1895 3221 2084 3302 aestimare,
2106 3221 2188 3308 quid

166 3309 260 3376 nobis
287 3308 468 3392 afferatur?
522 3308 610 3374 Nam
638 3309 734 3375 sicuti
762 3309 882 3391 ubique
910 3309 1003 3374 nois
1035 3328 1150 3392 pacem
1202 3310 1350 3376 flaturum
1380 3309 1472 3394 sit²)
1523 3309 1591 3376 Sed
1617 3329 1752 3376 oausam
1778 3309 1962 3375 nescientes
1991 3306 2032 3373 de
2060 3315 2187 3376 eventu

164 3395 327 3479 imprimis
349 3391 557 3460 commendat
577 3393 740 3474 Christus,
762 3395 809 3459 ite
832 3394 994 3480 evangelii
1016 3395 1068 3462 sui
1093 3417 1149 3460 ve·
1174 3470 1177 3477 Ι
1202 3404 1289 3463 reete
1311 3395 1467 3461 iudicant.

166 3482 301 3548 ritatem
318 3481 453 3547 unicum
471 3479 648 3545 esseillius
666 3480 839 3545 vinculum
857 3479 958 3546 docet.
993 3479 1149 3560 Proinde,
1290 3488 1364 3562 [pag.
1389 3487 1442 3562 77]
1472 3482 1575 3566 Atqui
1597 3483 1719 3547 mirum
1746 3488 1813 3560 est,
1842 3478 2001 3564 quosdam
2022 3500 2095 3547 esse
2116 3485 2188 3546 tarn

165 3588 234 3633 non
255 3574 306 3631 est
327 3587 386 3632 our
408 3565 503 3631 nobis
524 3565 635 3630 fucum
657 3565 780 3630 faciant
796 3565 988 3632 concordiae
1006 3567 1148 3648 nomine,
1201 3568 1306 3647 leves,
1336 3590 1379 3633 ne
1402 3567 1508 3633 dicam
1530 3578 1640 3634 mente
1660 3568 1831 3646 alienatos,
1860 3566 1918 3650 qui
1945 3564 2045 3630 fidem
2066 3565 2188 3631 talium

165 3653 269 3738 quia
301 3652 429 3717 sincera
455 3672 538 3717 evan
580 3650 618 3714 lii
645 3650 845 3734 professione
874 3656 948 3731 [pag.
969 3656 1022 3730 76]
1047 3651 1148 3718 abdu-
1201 3653 1373 3718 hominum
1395 3653 1492 3720 dietis
1513 3655 1665 3719 habeant.
1694 3653 1808 3738 Neque
1829 3672 1910 3719 vero
1932 3672 1985 3716 me
2006 3651 2090 3716 latet
2106 3650 2188 3737 quid

165 3761 240 3808 cere
262 3759 322 3804 nos
344 3743 481 3802 tentant.
527 3671 619 3818 (idid
638 3736 737 3822 ergo?
768 3734 922 3820 Optanda
943 3736 1076 3820 quidem
1098 3746 1149 3805 est
1202 3760 1239 3805 oo
1264 3741 1360 3803 'tentt
1390 3739 1419 3804 si
1445 3738 1617 3823 paululum
1644 3761 1732 3805 nunc
1754 3739 1930 3809 cesserint.
1963 3738 2106 3804 maiores
2128 3736 2187 3804 de·

164 3847 241 3911 pax,
262 3842 456 3906 summoque
478 3820 586 3888 studio
607 3820 801 3906 quaerenda.
831 3821 900 3888 Sed
921 3823 1148 3907 potiusquam
1173 3854 1175 3859 ·
1200 3825 1236 3889 in
1261 3845 1279 3891 θ
1299 3845 1489 3908 progessus,
1512 3824 1621 3890 oblata
1643 3826 1825 3904 occasione,
1859 3845 1894 3890 εθ
1916 3824 2070 3890 facturos.
2115 3821 2187 3890 Sed

164 3910 346 3979 redimatur
367 3908 437 3974 ulla
458 3909 591 3991 pietatis
606 3909 742 3990 iactura,
765 3907 894 3975 coelum
910 3916 1028 3989 terrae,
1051 3911 1080 3976 si
1101 3911 1149 3976 ita
1200 3909 1290 3976 unde
1307 3910 1414 3977 subito
1430 3909 1497 3990 illa,
1515 3930 1614 3995 quum
1631 3912 1693 3977 sibi
1711 3911 1917 3994 promittrmt,
1935 3910 2061 3976 occasio
2078 3929 2188 3975 emer·

164 4019 247 4084 opus
269 4004 328 4075 est,
351 3995 537 4061 misceatur.
1224 3995 1280 4061 et?
1325 3993 1432 4062 Video
1452 4018 1542 4063 nuno
1564 4018 1619 4063 ees
1641 4019 1661 4063 a
1681 3998 1739 4063 via
1761 3995 1922 4063 recedere.
1961 3994 2108 4061 Proinde
2129 3995 2186 4061 ni-

249 4083 366 4166 Neque
393 4100 473 4147 vero
499 4079 555 4147 hie
583 4080 665 4146 mihi
692 4080 749 4147 vel
775 4102 851 4146 oum
882 4081 1001 4148 'Parcis
1031 4102 1068 4146 ae
1091 4081 1147 4146 Iu·
1200 4017 1384 4149 hilnnnue
1406 4082 1615 4167 sperandum,
1639 4104 1739 4168 quam
1760 4089 1798 4148 ut
1819 4079 1960 4147 errando
1982 4080 2024 4146 ed
2046 4101 2187 4167 scopum

165 4170 257 4236 ducis
289 4167 466 4252 disputatio
494 4173 560 4246 est,
593 4167 650 4250 qui
686 4187 807 4232 nomen
836 4165 962 4233 Christi
990 4175 1148 4251 cuperent
1200 4169 1403 4252 perveniant.
1455 4167 1546 4252 Quin
1573 4170 1681 4252 potins
1709 4167 1892 4234 timendum
1920 4172 1985 4247 est,
2014 4187 2056 4233 nc
2078 4168 2185 4249 Deus,

166 4256 300 4341 penitus
327 4253 542 4332 exstinctum,
571 4251 628 4318 vol
654 4273 732 4318 cum
754 4252 969 4319 crassioribus
990 4253 1148 4336 Papistis,
1201 4254 1374 4320 dimidium
1396 4256 1458 4322 hoe
1480 4253 1567 4338 quod
1584 4256 1728 4320 retinent
1746 4253 1932 4334 auferendo,
1951 4260 2021 4319 tam
2037 4252 2187 4338 perfidae

168 4339 226 4425 qui
248 4345 395 4424 apertam
417 4361 515 4406 verae
538 4338 708 4404 doctrinae
735 4337 988 4422 abnegationem
1011 4339 1147 4405 anobis
1200 4338 1390 4408 defectionis
1424 4341 1512 4406 ultor
1544 4348 1711 4426 appareat.
1762 4340 1890 4406 Verum
1921 4338 2187 4442 qualemcunque

167 4425 332 4576 Ηεῖξθηθξ
353 4423 411 4492 sed
430 4447 509 4524 oum
529 4425 788 4526 fuffssifflfflqflqill
803 4425 896 4524 cuius
914 4426 1147 4525 pacificationis
1199 4427 1262 4527 sibi
1294 4448 1397 4528 spem·
1414 4429 1560 4512 fingant,
1589 4427 1730 4492 nimium
1758 4432 1886 4507 tamen,
1913 4425 2053 4526 euplus
2080 4446 2186 4528 nrmrq

167 4532 222 4579 are
259 4517 361 4590 tectis,
384 4532 440 4595 qur
462 4510 620 4577 nob1s1ta
641 4510 815 4576 d1m1d1um
837 4510 1027 4595 rehnquunt
1048 4510 1147 4577 ohn-
1200 4513 1262 4578 s1b1
1293 4520 1508 4597 permittunt,
1547 4533 1648 4596 quum
1680 4511 1721 4577 de
1755 4518 1889 4577 aeterna
1917 4518 1952 4576 et
1984 4510 2187 4578 immutabrh

1199 4599 1264 4664 Dei
1296 4599 1433 4665 veritate
1460 4599 1687 4684 paciscuntur,
1720 4619 1888 4682 quousque
1915 4596 2027 4664 valere
2054 4596 2185 4666 debeat

1250 4749 1404 4756 -.—-—-—

205 4832 212 4846 ι
235 4764 265 4828 1)
283 4763 326 4818 La
343 4780 392 4847 vra
409 4780 425 4820 e
442 4765 523 4834 faqon
534 4767 575 4847 'de
592 4767 724 4824 reformor
742 4766 853 4839 l'Eglise
869 4768 1039 4824 chrestienne
1058 4775 1086 4823 st
1097 4785 1146 4837 ap·

167 4840 275 4915 pemter
291 4831 478 4969 leqmmessqs
495 4851 542 4914 ‘m
551 4836 778 4973 ffqgnfeillg.
786 4836 1147 4962 ῶξθὲἑωῶεαεέθῃεοὲἕ-
1197 4836 1388 4963 ἰοωὲὲοεῗθι·
1409 4838 1472 4895 bien
1494 4839 1600 4895 coloret
1617 4853 1670 4894 une
1688 4837 1882 4907 anomaliae,
1905 4837 1942 4892 ila
1960 4834 2123 4908 l‘appallcnt
2140 4852 2184 4895 re·

164 4916 393 5031 :coemam
649 4919 676 4974 θ’
948 4945 954 4958 ⁸
1270 4974 1300 5042 2)
1318 4975 1348 5030 Ie
1366 4989 1415 5045 say
1441 4992 1493 5046 que
1518 4975 1598 5031 telles
1621 4991 1688 5045 gens
1733 4990 1836 5031 comme
1859 4974 1896 5030 ila
1920 4989 1950 5030 so
1968 4974 2129 5045 gaudisscnt
2147 4975 2182 5032 de

234 5038 267 5109 2)
283 5039 317 5094 de
335 5039 469 5096 Concilus.
1200 5043 1279 5114 Dion,
1297 5043 1449 5100 u’estiment
1465 5061 1516 5114 pas
1534 5060 1587 5115 quc
1605 5044 1665 5101 cele
1682 5018 1769 5114 dayes
1786 5044 1864 5100 venir
1880 5042 1914 5099 de
1931 5057 1963 5099 sa
1979 5043 2086 5101 iustioe.
