4620 5894
118 240 177 303 sar
979 236 1264 309 1111111111.
1451 208 1455 215 ’
2069 262 2134 324 aaa

113 434 153 494 ut
181 428 288 506 aiunt,
312 425 492 511 quaerere?
536 428 587 492 Ac
614 446 657 490 ne
680 424 762 489 mihi
789 424 825 489 in
852 425 939 490 hanc
965 436 1094 511 partem
1148 431 1345 516 perrumpit;
1368 438 1403 497 ct
1419 431 1498 500 hino
1514 434 1593 501 inde
1611 435 1747 503 verbula
1764 440 1924 521 quaedam
1944 443 2122 529 decerpens

114 514 269 580 insistere
307 531 441 578 necesse
479 513 579 589 foret,
619 510 759 577 Carolus
798 510 869 593 ipse
907 513 1095 577 antevertit
1148 535 1268 599 parum
1288 515 1381 583 abest
1407 519 1488 600 quin
1509 541 1544 585 se
1572 521 1809 607 philosophum
1830 548 1902 593 csse
1924 500 2133 611 persuadent:

115 601 257 667 Fatetur
285 599 374 664 enim
404 597 445 664 ad
472 605 658 663 extremum
686 598 720 661 in
751 596 952 662 confessione
980 597 1096 664 haberi
1148 602 1196 667 Et
1216 601 1311 684 quid,
1336 604 1364 669 si
1386 603 1448 668 hac
1473 607 1648 690 praecipue
1671 628 1771 675 causa
1791 611 1946 680 inductus
1968 616 2067 682 fuerit
2088 617 2131 684 ad

114 684 202 837 qpod
231 683 274 749 ad
301 684 433 769 plenam
461 684 706 767 expressionem
735 683 888 760 sufficiat,
915 683 980 747 nisi
1008 683 1096 767 quod
1149 686 1358 754 scribendum
1379 688 1536 769 libellum,
1560 702 1597 756 111
1618 714 1654 759 se
1676 695 1847 762 hominem
1868 700 1993 766 multae
2015 710 2049 767 et
2070 725 2131 769 va·

162 772 253 839 bium
290 770 446 853 relinquit
473 769 635 853 numquid
663 791 705 834 ex
732 768 842 832 animo
871 768 1001 850 loquuti
1028 769 1097 834 sint
1149 773 1218 838 riae
1247 773 1395 841 lectionis
1424 796 1495 841 esse
1525 780 1731 845 ostentaret?
1777 781 1861 863 Quis
1889 786 2132 855 1111111111ῑί1-

116 865 274 923 auctores.
319 857 393 940 Ego
414 877 494 922 vero
515 877 582 920 non
605 875 661 919 ero
688 862 758 918 tam
779 853 945 939 malignus
974 862 1014 919 ut
1034 875 1096 937 par
1149 859 1243 925 culus
1266 866 1326 924 aut
1347 860 1529 928 monachus
1557 883 1599 928 ex
1617 865 1687 930 eius
1714 868 1902 965 gregalibus
1930 875 2132 940 punctatim

114 947 190 1030 pari
210 945 361 1022 referam,
384 940 441 1008 sed
462 949 565 1007 testor
582 942 693 1009 Deum
710 949 744 1004 et
761 940 920 1019 homines,
939 938 1097 1006 Carolum
1149 945 1312 1014 exclamet
1344 944 1496 1013 divinum
1529 970 1602 1015 esse
1636 950 1820 1032 hommem,
1862 964 1897 1021 et
1935 957 2131 1026 eruditionis

115 1041 186 1097 tam
208 1051 249 1097 ex
272 1031 383 1095 animo
411 1029 498 1093 hanc
520 1048 654 1093 causam
676 1047 773 1110 agere
795 1046 894 1107 quam
916 1026 1094 1105 Lucienus,
1147 1031 1350 1111 reconditae,
1377 1034 1433 1116 qui
1462 1053 1578 1101 omnes
1600 1036 1848 1107 Platonicorum
1875 1040 1976 1110 libros
1998 1045 2129 1112 evolve-

113 1119 207 1183 1111
229 1116 343 1182 inferis
365 1114 582 1192 excitaretur,
609 1113 808 1178 christianae
830 1113 961 1194 pietatis
984 1110 1095 1176 defen·
1147 1115 1214 1181 rit?
1264 1117 1363 1184 Certe
1401 1117 1634 1186 declamitandi
1672 1126 1847 1191 materiam
1886 1149 1928 1193 ex
1966 1127 2131 1197 industria

114 1204 241 1270 sionem
262 1203 450 1283 susciperet.
1145 1204 1325 1286 quaesiisse
1346 1213 1493 1288 apparet
1537 1205 1666 1273 Verum
1688 1209 1750 1275 hcc
1775 1213 1914 1294 profecit
1935 1213 2070 1281 tandem
2092 1227 2131 1282 ut

198 1288 277 1353 Alio
309 1302 420 1352 tamen
452 1287 590 1353 crimine
623 1286 750 1349 interea
781 1283 952 1348 Farellum
981 1282 1092 1350 Calvi-
1146 1309 1261 1354 omncs
1281 1290 1491 1356 mediocriter
1511 1289 1598 1358 docti
1625 1295 1824 1362 corniculam
1850 1296 1980 1364 rideant
2011 1300 2130 1368 alienis

111 1395 259 1458 numque
286 1381 418 1458 gravat,
452 1374 519 1436 imo
547 1379 580 1435 et
608 1378 714 1435 totum
742 1376 896 1434 senatum
924 1376 1092 1452 totamque
1143 1373 1267 1456 plumis
1292 1373 1452 1441 indutam.
1498 1374 1668 1461 Quidquid
1698 1383 1789 1446 enim
1818 1392 1976 1466 tanquam
2006 1408 2129 1471 magno

109 1460 283 1527 eeclesiam
304 1460 528 1535 Bernensem,
557 1455 644 1540 quod
668 1455 749 1520 alios
771 1456 858 1538 passi
887 1457 955 1520 sint
975 1477 1091 1538 perpe·
1144 1460 1266 1541 labore,
1288 1461 1396 1545 longis
1419 1462 1552 1546 vigiliis,
1575 1467 1698 1530 eximia
1715 1470 1884 1548 memoria,
1908 1471 2041 1536 assidua
2062 1473 2128 1540 100.

108 1568 184 1613 ram
205 1546 305 1628 loqui.
350 1544 418 1611 Sed
440 1543 501 1609 hoc
525 1543 612 1621 dicit,
635 1562 702 1606 non
724 1540 850 1624 probat.
891 1540 992 1606 Fides
1012 1561 1091 1625 ergo
1143 1547 1250 1625 tione,
1277 1568 1320 1611 cx
1346 1548 1461 1614 multis
1488 1548 1568 1614 locis
1591 1553 1813 1634 conquisitum
1841 1566 1876 1619 et
1897 1566 2127 1623 coacervatum

109 1633 155 1699 sit
181 1653 285 1716 penes
313 1642 478 1708 autorem,
514 1648 702 1712 quanquam
730 1626 792 1692 hoc
819 1626 996 1692 observatu
1018 1625 1090 1711 dig·
1143 1633 1270 1711 recitat,
1293 1654 1335 1697 ex
1358 1632 1529 1717 duabusp
1576 1636 1582 1648 '
1611 1637 1637 1702 's
1656 1639 1838 1722 Augustini
1856 1638 1993 1707 Stcuchi
2011 1645 2127 1728 Euge·

109 1740 191 1784 num
210 1728 270 1797 est,
293 1716 380 1801 quod
398 1717 450 1782 sui
468 1716 589 1781 oblitus
608 1722 713 1779 totum
732 1711 886 1777 decorum
904 1710 1089 1794 perturbat:
1142 1718 1212 1784 bini
1241 1719 1371 1784 furatus
1395 1727 1454 1784 cst,
1499 1656 1691 1806 Mffimergo
1714 1745 1850 1807 operam
1872 1747 1967 1792 guam
1989 1729 2126 1795 0911002.

109 1803 403 1887 namquumcrcdi
422 1801 505 1867 velit
527 1800 758 1884 dialogismum
781 1820 877 1863 suum
889 1799 1089 1864 Lausannee
1142 1805 1204 1883 vit,
1243 1826 1345 1888 quum
1377 1805 1481 1890 plagii
1513 1807 1729 1889 ignominiam
1762 1831 1823 1892 pro
1857 1821 1988 1894 sperata
2020 1814 2127 1898 gloria

109 1891 262 1959 habitum
278 1890 387 1965 fuisse,
410 1889 612 1956 confessione
630 1886 665 1949 in
688 1905 807 1949 manus
829 1891 971 1966 accepta,
998 1884 1089 1950 hisce
1140 1890 1307 1955 relaturus
1329 1891 1380 1956 sit.

108 1977 236 2056 verbis,
265 1977 301 2041 in
324 1977 395 2041 cius
417 1974 665 2048 refutationem,
695 1992 792 2035 usum
815 1990 850 2036 sc
878 1972 983 2054 fingat
1005 1990 1089 2051 quae
1227 1975 1404 2041 Calumnia
1431 1982 1542 2041 autem
1569 1979 1717 2043 omnium
1740 1982 1945 2047 atrocissima
1974 1992 2041 2063 ost,
2068 1984 2131 2061 ubi

109 2063 219 2129 libello
242 2062 433 2145 complexus
462 2069 525 2126 est:
556 2059 724 2135 hocloco,
753 2067 913 2138 tanquam
934 2055 1046 2139 procul
1061 2077 1090 2154 ,1
1141 2061 1228 2128 hanc
1256 2061 1456 2127 sententiam
1477 2063 1665 2147 impugnat:
1696 2065 1868 2132 Christum
1889 2089 2019 2152 semper
2040 2092 2061 2136 a
2082 2091 2119 2138 se

110 2148 235 2235 synodo
264 2156 426 2225 remotus,
462 2146 589 2212 reducit
622 2146 656 2209 in
684 2142 877 2207 memoriam
909 2141 988 2224 quid
1021 2141 1088 2207 illio
1141 2149 1214 2232 ipso
1244 2148 1400 2213 habuisse
1429 2157 1466 2213 ut
1492 2156 1592 2229 esset;
1619 2150 1656 2213 in
1684 2173 1748 2234 quc
1777 2174 1853 2216 eum
1881 2155 2033 2220 nonnulli
2055 2155 2122 2235 alii,

109 2250 218 2302 actum
240 2236 348 2300 fuerit
392 2235 480 2311 Vos,
504 2232 626 2314 inquit,
649 2231 684 2294 in
706 2227 833 2313 synodo
856 2228 1087 2325 Lausanncrrsi
1141 2235 1237 2298 nihili
1259 2233 1394 2318 quidem
1417 2234 1578 2314 hominos,
1602 2232 1660 2301 sed
1681 2237 1892 2321 improbitate
1911 2261 1971 2305 sua
1991 2242 2121 2307 molesti

110 2343 175 2387 non
197 2320 458 2405 reprehendistis
481 2318 656 2384 Calcsium.
703 2313 792 2396 Quid
814 2314 873 2391 ais,
895 2311 1086 2396 arreptitio?
1141 2320 1235 2386 bonis
1262 2320 1360 2399 viris,
1392 2321 1524 2403 sequuti
1553 2330 1646 2386 sunt:
1681 2344 1698 2386 e
1727 2343 1867 2406 quorum
1900 2347 2039 2391 numero
2071 2336 2124 2393 cst

108 2408 158 2472 'fu
180 2428 243 2473 nos
264 2408 359 2472 initio
380 2404 482 2472 libelli
504 2406 718 2469 Lausannam
738 2420 846 2478 vocas,
868 2400 1033 2484 profiteris
1055 2406 1088 2464 te
1140 2406 1273 2488 quidam
1306 2406 1441 2471 furcifer
1470 2405 1520 2470 illi
1552 2407 1741 2473 simillimus
1774 2411 1831 2491 qui
1864 2432 1899 2475 sc
1933 2410 2122 2479 Cortesium

108 2495 142 2558 in
162 2493 291 2580 synodo
312 2493 371 2558 illa
393 2491 516 2557 sedere.
550 2491 746 2571 Proponunt
768 2486 829 2550 sihi
851 2485 989 2552 lectores
1008 2508 1087 2570 syn·
1139 2494 1296 2571 nominat.
1334 2491 1402 2557 Sed
1422 2491 1501 2575 quid
1523 2492 1612 2557 aliud
1634 2514 1731 2576 quam
1751 2495 1919 2578 insignem
1938 2499 2122 2580 nequitiam
2193 2545 2195 2549 «

108 2580 206 2646 odom
235 2580 343 2658 illam;
377 2579 486 2663 parati
521 2582 601 2640 sunt
634 2573 756 2639 audire.
801 2572 853 2637 Tu
883 2578 994 2637 autem
1022 2572 1087 2638 alio
1139 2599 1216 2644 cum
1244 2579 1317 2662 pari
1338 2577 1469 2642 inscitia
1495 2580 1705 2644 coniunctam
1724 2578 1891 2662 produnt?
1937 2580 2122 2649 81111111-

108 2666 295 2733 transrolas
324 2673 358 2730 ct
379 2664 498 2729 Metim
525 2662 654 2726 delatus
676 2679 792 2724 narras
822 2679 863 2722 ex
886 2666 944 2723 tua
964 2660 1086 2742 popina
1139 2685 1238 2747 quam
1255 2664 1381 2730 obieeta
1391 2662 1504 2730 Caroli
1522 2663 1647 2730 diluere
1665 2665 1848 2749 aggrediar,
1867 2667 2121 2750 explicationem

106 2753 184 2837 quid
212 2754 412 2819 Leusonnae
446 2757 557 2816 actum
591 2756 668 2810 ante
700 2765 806 2810 annos
840 2749 914 2824 [pag.
941 2750 995 2823 56]
1027 2765 1086 2810 sex
1139 2751 1210 2816 eius
1232 2749 1311 2816 dicti
1333 2749 1511 2816 aCalvino
1532 2755 1606 2830 [pag.
1626 2756 1680 2830 60]
1703 2752 1771 2816 iem
1788 2759 1868 2819 tunc
1890 2753 2047 2820 traditam
2068 2756 2120 2820 111-

106 2840 212 2905 fuerit.
257 2837 419 2905 Eiusdem
446 2843 497 2902 est
523 2832 653 2918 generis
682 2831 769 2916 quod
792 2829 832 2896 de
854 2829 979 2916 synodo
1002 2831 1086 2897 Ber·
1137 2857 1247 2903 serere
1277 2836 1383 2902 satius
1417 2835 1489 2901 crit
1534 2834 1592 2902 Sic
1618 2846 1730 2903 autem
1756 2837 1858 2904 habet
1890 2839 1933 2904 ad
1966 2841 2119 2907 verbum:

106 2926 215 3004 nensi,
250 2944 335 3008 quae
367 2930 481 3007 postca
513 2928 652 3004 sequuta
687 2926 751 2996 est,
785 2924 944 3000 tanquam
977 2917 1017 2982 de
1050 2941 1086 2984 re
1138 2922 1251 3003 Quum
1277 2922 1318 2988 de
1347 2921 1475 2988 Christi
1502 2919 1676 2988 divinitate
1709 2945 1817 2989 sermo
1844 2931 1909 3004 est,
1942 2946 2027 3008 quac
2054 2926 2120 2993 Dei

105 3012 284 3095 praeterita
304 3009 465 3092 loquitur;
493 3021 526 3073 et
552 3030 592 3072 ea
614 3005 722 3072 dicere
748 3002 810 3069 sibi
838 3002 1000 3086 permittit
1028 3004 1086 3069 ad·
1130 3011 1271 3093 propria
1292 3016 1386 3087 sunt,
1415 3009 1489 3074 iure
1518 3008 1699 3074 omniailli
1722 3007 1926 3089 deferuntur,
1949 3013 2120 3094 quietum

106 3118 221 3163 versus
247 3106 400 3163 senatum
422 3095 644 3169 Bernensem,
675 3111 758 3173 quae
786 3111 828 3154 ne
848 3089 992 3173 cogitare
1015 3091 1085 3172 qui-
1137 3097 1173 3160 in
1191 3096 1290 3161 unius
1308 3096 1374 3160 Dei
1392 3095 1570 3160 essentiam
1588 3095 1770 3177 respicitur,
1788 3097 1966 3178 praeterita
1984 3095 2118 3163 distinc-

106 3182 178 3250 dem
201 3205 302 3250 ausus
324 3191 419 3248 esset
464 3181 598 3246 Norunt
624 3178 713 3242 enim
734 3195 848 3240 omnes
869 3195 968 3257 quam
989 3177 1085 3241 meti·
1139 3182 1238 3246 tionis
1265 3181 1450 3258 mentione,
1480 3200 1563 3262 quac
1592 3187 1643 3245 cst
1668 3182 1758 3245 inter
1785 3189 1914 3265 patrem
1940 3189 1974 3246 ct
2001 3182 2118 3249 filium

106 3268 236 3336 culcsus
258 3269 302 3335 sit
323 3267 430 3346 canis,
453 3267 510 3332 ubi
532 3265 618 3331 serio
639 3284 694 3329 res
717 3261 835 3346 agitur,
858 3261 916 3344 qui
937 3261 1027 3327 solus
1050 3263 1086 3326 in
1138 3266 1215 3348 Qua
1235 3269 1364 3333 11111111
1382 3286 1460 3332 vero
1482 3265 1611 3344 dicitur,
1629 3265 1802 3332 Christum
1824 3287 1896 3333 esse
1913 3267 2027 3333 Deum
2043 3269 2119 3334 11111-

105 3376 160 3421 suo
183 3355 393 3439 sterquilinio
411 3362 481 3418 tam
498 3352 626 3417 fortiter
647 3364 681 3415 ct
703 3348 847 3412 animose
869 3369 957 3413 nunc
974 3347 1085 3413 latrat
1110 3358 1115 3437 l
1138 3374 1215 3419 cum
1243 3360 1277 3418 et
1303 3359 1490 3430 aeternum,
1527 3372 1609 3417 ase
1643 3351 1715 3435 ipsc
1748 3352 1955 3419 existentem.
2000 3353 2119 3438 Neque

104 3439 287 3526 Expungat
306 3441 411 3526 igitur
432 3440 521 3504 hunc
543 3438 660 3515 locum,
683 3435 749 3499 nisi
766 3431 867 3498 rideri
888 3433 970 3498 velit
986 3434 1086 3499 etiam
1138 3439 1215 3506 huic
1237 3438 1422 3504 sententiae
1450 3435 1539 3502 istud
1559 3435 1681 3518 obstat,
1712 3437 1798 3521 quod
1826 3460 1902 3505 vore
1924 3460 2054 3525 quoque
2075 3440 2117 3509 ab

105 3528 219 3594 111111.
1138 3524 1368 3594 ecclesiasticis
1389 3522 1603 3606 scriptoribus
1625 3529 1676 3589 eet
1696 3523 1871 3590 traditum:
1895 3525 2036 3592 verbum
2057 3548 2117 3594 seu

187 3613 269 3679 Alia
290 3611 455 3679 calumnia
473 3618 524 3675 est
545 3608 640 3693 quod,
664 3627 767 3690 quum
786 3614 939 3671 asserunt
958 3606 1084 3671 confes-
1137 3612 1245 3677 filium
1265 3610 1332 3676 Dei
1355 3615 1488 3692 epatre
1509 3630 1596 3688 esse,
1622 3610 1723 3676 etiam
1744 3609 1926 3684 secundum
1947 3621 2118 3679 aeternam

106 3700 206 3766 sionis
233 3708 367 3765 autores
396 3704 524 3782 patrem
547 3702 581 3760 et
608 3692 714 3758 filium
739 3704 772 3755 et
800 3690 955 3773 spiritum
978 3712 1085 3756 unum
1137 3719 1233 3765 suam
1254 3697 1446 3774 essentiam3
1476 3695 1632 3778 quoniam
1652 3696 1735 3764 haec
1754 3717 1971 3780 personarum
1991 3699 2118 3766 notatio

106 3807 174 3852 esse
189 3786 312 3863 Deum,
335 3791 470 3851 veretur
492 3802 533 3847 ne
555 3780 689 3844 unicam
711 3778 747 3842 in
770 3776 892 3842 deitate
909 3797 1084 3860 personam
1137 3784 1246 3850 locum
1267 3783 1382 3864 habet,
1410 3781 1467 3847 uhi
1489 3779 1656 3848 distinctio
1683 3783 1743 3848 tilii
1763 3803 1784 3848 a
1804 3790 1898 3866 patre
1920 3804 2118 3851 commemo-

106 3880 262 3939 statuant.
288 3869 357 3936 Sed
372 3868 522 3935 undehic
540 3863 673 3931 metus?
700 3863 878 3930 Certcncn
892 3883 912 3928 a
928 3862 1084 3947 loquendi
1137 3878 1240 3936 ratur.
1273 3867 1364 3934 Illud
1385 3874 1505 3947 autem,
1529 3867 1616 3950 quod
1637 3870 1741 3952 posui,
1770 3877 1822 3934 est
1843 3868 2026 3935 divinitatis
2048 3869 2116 3935 elo-

104 3958 216 4023 fcrma
262 3955 347 4038 Quis
369 3957 458 4022 enim
480 3951 739 4019 orthodoxorum
761 3949 894 4016 nonita
914 3949 1083 4034 loquitur?
1137 3959 1245 4042 glum,
1273 3954 1359 4039 quod
1388 3973 1455 4019 non
1482 3954 1592 4019 minus
1620 3961 1750 4036 patrem
1774 3961 1808 4020 et
1834 3954 1988 4039 spiritum
2015 3975 2115 4053 qqam
2241 3990 2245 3995 ·

106 4041 171 4110 Sed
200 4062 334 4109 caueam
363 4040 497 4107 adducit
524 4037 610 4122 quod
638 4037 851 4121 pertinaciter
872 4035 1003 4120 fugiant
1024 4057 1083 4102 no·
1135 4043 1242 4109 filium
1265 4039 1501 4123 complectitur.
1538 4037 1595 4105 Sic
1618 4039 1766 4124 Cyrillus
1778 4041 1803 4124 ¹)
1826 4041 1883 4123 qui
1904 4040 2035 4123 saepius
2055 4061 2115 4124 pa·

104 4133 193 4195 mina
215 4128 375 4194 trinitat-is
397 4134 430 4192 et
456 4144 678 4210 personarum·
728 4122 857 4187 Verum
879 4143 923 4186 an
952 4144 1019 4188 11011
1041 4122 1083 4186 ed
1135 4136 1222 4194 trem
1243 4127 1304 4192 filii
1325 4124 1525 4208 principium
1552 4145 1671 4191 vocare
1693 4126 1790 4202 solet,
1820 4146 1881 4209 pro
1904 4124 2115 4224 1181111111-

105 4214 317 4282 eximendum
342 4214 431 4280 hune
459 4231 615 4295 sorupum
641 4209 791 4275 sufficere
818 4215 960 4290 poterat,
995 4206 1083 4290 quod
1135 4212 1237 4279 surdo
1259 4213 1357 4290 ducit,
1380 4210 1445 4276 nisi
1465 4210 1553 4275 filius
1570 4212 1676 4278 vitam
1697 4233 1718 4275 a
1739 4233 1775 4277 se
1796 4212 1867 4293 ipso
1889 4217 1923 4276 et
1943 4218 2115 4277 1111111111-

105 4316 181 4368 ante
213 4301 325 4369 testati
352 4309 463 4378 erant,
492 4308 561 4363 tres
589 4317 660 4362 esse
689 4294 859 4358 distinctas
887 4293 1082 4376 hypostases
1134 4301 1263 4365 litatem
1292 4297 1414 4363 habere
1439 4296 1599 4362 credatur.
1645 4296 1740 4362 Idem
1762 4295 1870 4374 docet,
1902 4296 1932 4362 si
1952 4296 2115 4363 ineffabili

106 4387 139 4453 in
156 4389 285 4455 Decet
306 4384 559 4454 subsistentias?
590 4382 629 4448 Si
651 4380 691 4445 dc
703 4377 871 4444 vocabulis
888 4379 993 4443 rixari
1013 4380 1083 4462 pla·
1134 4394 1275 4450 naturae
1296 4383 1465 4467 proprium
1487 4390 1597 4448 estut
1618 4403 1639 4447 a
1659 4403 1694 4449 sc
1714 4383 1787 4465 ipsa
1807 4383 1865 4460 sit,
1892 4381 1928 4445 in
1950 4381 2057 4448 filium
2079 4383 2116 4449 id

106 4492 162 4553 cet,
185 4475 376 4561 hypostasis
395 4473 540 4555 profecto
556 4469 674 4533 melius
694 4467 851 4549 exprimit
870 4463 956 4546 quod
973 4464 1081 4529 1111111-
1132 4473 1205 4537 iure
1227 4477 1420 4554 competere.
1465 4466 1681 4549 Quinetiam
1707 4468 1790 4533 libro
1817 4467 1964 4533 thesauri
1987 4467 2114 4539 decimo

108 4559 151 4626 (ht
171 4561 329 4637 Carolus,
360 4579 459 4642 quam
481 4577 630 4640 persona.
676 4552 781 4618 Addit
801 4559 974 4634 practerea
995 4551 1081 4633 quod
1133 4558 1362 4635 ratiocinatur,
1396 4563 1526 4638 patrem
1553 4576 1573 4620 a
1599 4576 1636 4620 se
1662 4556 1734 4637 ipso
1763 4551 1849 4619 nihil
1876 4552 2015 4634 habere,
2048 4555 2115 4621 nisi

107 4662 227 4733 negent
264 4646 439 4712 Christum
476 4663 519 4708 ex
558 4640 741 4706 substantia
777 4637 882 4722 patris
921 4639 1079 4721 genitum.
1132 4642 1220 4709 filius
1243 4643 1344 4708 etiam
1366 4663 1386 4708 a
1407 4661 1443 4706 se
1464 4641 1537 4724 ipso
1559 4640 1687 4706 habeat
1733 4639 1827 4704 Haec
1848 4637 1958 4706 brevis
1980 4639 2113 4723 quidem

108 4730 175 4800 Imo
198 4734 319 4800 diserte
341 4732 404 4796 hoc
431 4749 560 4814 quoque
586 4728 687 4792 habet
707 4725 881 4804 confessio,
909 4724 1015 4789 filium
1038 4747 1079 4790 ex
1133 4738 1167 4795 et
1194 4729 1285 4794 nuda
1314 4735 1366 4793 est
1393 4725 1583 4809 explicatio,
1620 4724 1678 4791 sed
1706 4745 1771 4808 qua
1799 4745 1853 4789 ma
1878 4725 1905 4790 is
1935 4724 2113 4792 dilucidam

109 4834 198 4900 petre
224 4820 376 4905 genitum
407 4837 478 4881 esse
513 4825 591 4879 ante
625 4812 771 4890 saecula,
805 4831 911 4892 noque
944 4811 1080 4878 alterius
1133 4814 1244 4880 nullus
1277 4813 1438 4878 moderati
1471 4811 1597 4896 ingenii
1635 4820 1670 4876 et
1703 4812 1777 4877 sani
1809 4812 1844 4876 iu
1870 4811 1921 4876 'cii
1953 4812 2109 4897 requirat.

110 4904 320 4983 substantiae,
343 4901 402 4968 sed
423 4901 577 4967 eiusdem.
623 4897 712 4980 Quid
734 4918 812 4980 ergo
834 4896 897 4961 sibi
920 4898 994 4964 vult
1015 4899 1079 4964 ista
1132 4899 1230 4982 Quod
1252 4901 1281 4965 si
1302 4921 1415 4964 omnes
1433 4897 1609 4964 candorem
1631 4897 1799 4964 adferrent
1816 4905 1850 4963 et
1872 4898 2113 4964 humanitatem

111 4990 190 5056 furia
208 4993 245 5057 in
267 4990 365 5056 rebus
387 4996 456 5054 tem
478 4988 600 5071 apertis
623 4994 657 5050 11
677 4983 786 5067 planis
808 4990 933 5046 motum
951 4992 985 5046 ot
1006 5006 1078 5049 sus·
1288 5069 1307 5073 --

113 5078 247 5158 piciones
257 5075 434 5160 fingendo?
468 5075 580 5156 Atque
598 5074 660 5151 hic,
680 5068 791 5134 siDeo
808 5068 925 5150 placet,
944 5079 1079 5154 accepto
1132 5070 1191 5076 ’
1209 5069 1261 5075 ’”

115 5164 264 5248 evagandi
275 5163 452 5240 occasione,
468 5161 503 5224 in
514 5156 784 5244 philosophorum
794 5153 924 5225 scholas
935 5161 1009 5235 [pag.
1022 5163 1076 5236 oe]
1200 5176 1230 5242 1)
1248 5175 1364 5244 Dialogc
1382 5171 1407 5227 1
1427 5172 1460 5227 de
1480 5171 1623 5227 Trinitate.

207 5268 420 5336 1111111111
459 5261 520 5319 voa
545 5260 615 5316 VII.
