4620 5894
713 1416 998 1500 SEQUUNTUR
1019 1416 1246 1487 semem
1266 1415 1621 1484 CONSENSIONIS.
1634 1417 1660 1501 ¹)

264 1613 339 1688 [pag.
358 1612 392 1688 t]
414 1606 442 1672 Ι.
474 1605 586 1672 Totum
607 1604 750 1673 mesiae
770 1605 916 1689 repimen.
929 1605 1099 1689 spirituale
1116 1605 1160 1672 od
1211 1626 1446 1692 regeneramur
1477 1605 1513 1670 in
1546 1625 1666 1671 novem
1698 1604 1819 1670 vitum:
1858 1627 1923 1689 quo
1955 1607 2128 1673 reformati
2159 1606 2196 1673 in

54 1712 61 1721 ·
180 1692 341 1762 (Μιιιιιιι
362 1713 418 1760 nos
438 1693 532 1760 ducit.
578 1689 692 1773 Quum
713 1690 867 1758 Christus
894 1691 939 1757 sit
961 1693 1038 1759 finis
1066 1691 1159 1776 legis,
1211 1693 1391 1778 imaginem
1426 1692 1506 1757 stris
1519 1691 1676 1771 eoelestis,
1690 1691 1797 1757 reteri
1810 1690 1940 1758 homiui
1954 1692 2194 1761 ronuneiemun

177 1779 310 1846 eteius
337 1778 482 1864 eognitio
490 1779 518 1862 ²)
550 1784 655 1844 totam
682 1778 717 1842 in
745 1798 781 1844 so
809 1778 974 1862 evangelii
996 1798 1161 1846 summam
1297 1778 1358 1845 IV.
1414 1776 1536 1845 triens
1553 1778 1706 1845 swan.
1742 1775 1890 1845 osseus
1905 1799 1971 1844 rex.
2004 1777 2060 1844 Ite
2078 1777 2196 1845 Ohris-

177 1864 450 1950 eomprehendat‚
480 1885 546 1930 non
574 1862 710 1929 dubium
738 1872 803 1944 est,
832 1863 911 1947 quin
940 1864 1006 1931 huo
1033 1870 1161 1948 spectet
1211 1872 1266 1930 tus
1285 1864 1322 1929 in
1344 1883 1444 1929 earne
1465 1884 1527 1929 sue
1554 1861 1811 1929 considerandus
1838 1870 1889 1928 est
1914 1863 2009 1930 nobis
2032 1863 2195 1943 seoerdos,

176 1959 284 2019 totum
304 1951 476 2037 spirituale
498 1949 654 2017 eoelesiae
675 1950 839 2034 regimen,
864 1957 901 2015 ut
922 1950 964 2016 ed
987 1949 1161 2018 Ohristum
1212 1951 1268 2035 qui
1289 1956 1424 2033 peeoete
1444 1956 1557 2015 nostre
1578 1948 1676 2015 unieo
1698 1949 1814 2014 mortis
1841 1970 1920 2015 sune
1947 1950 2109 2016 neurilieio
2141 1970 2198 2016 ex·

176 2059 238 2105 nos
259 2035 372 2104 duent:
402 2037 497 2104 siouti
519 2057 579 2118 per
606 2056 684 2100 enm
706 2035 813 2101 solum
841 2033 883 2100 ud
904 2037 1015 2102 Deum
1042 2056 1160 2120 perve-
1235 2037 1326 2114 iavit,
1349 2036 1405 2119 qui
1426 2055 1541 2101 omnes
1563 2043 1694 2101 nostres
1706 2034 1896 2118 iniquitates
1908 2034 2031 2102 delerit
2040 2056 2103 2103 sue
2119 2036 2197 2104 obo-

177 2124 286 2203 nitnr,
320 2124 376 2206 qui
403 2123 543 2189 ultimus
572 2130 622 2187 est
650 2120 766 2187 beatae
793 2121 883 2188 vitae
915 2123 999 2187 finis.
1044 2123 1161 2204 Itaque
1237 2121 1346 2200 entia,
1367 2121 1426 2205 qui
1446 2122 1625 2205 perfeetum
1643 2120 1738 2187 nobis
1752 2123 1775 2202 ¹)
1798 2121 1960 2187 iustitiam
1980 2121 2195 2205 oompsrevit,

177 2208 328 2294 quisquis
355 2208 435 2274 hine
460 2207 514 2274 vel
535 2206 710 2272 minimum
737 2206 902 2285 deflentet,
929 2227 1099 2291 nunquam
1121 2205 1162 2273 de
1213 2208 1270 2292 qui
1291 2213 1379 2274 nuno
1398 2205 1572 2274 intersedit
1592 2228 1653 2291 pro
1674 2204 1777 2287 nobis,
1800 2213 1840 2271 ut
1860 2216 2011 2273 neeessus
2032 2207 2131 2274 nobis
2158 2203 2201 2273 ed

177 2294 258 2363 ullis
279 2293 345 2361 Del
365 2301 528 2360 rustrtutrs
548 2299 611 2359 nte
633 2293 687 2359 vel
709 2292 857 2376 opposite
877 2292 1039 2377 loquetur.
1214 2295 1325 2361 Deum
1346 2301 1466 2379 petent
1511 2291 1777 2359 Considemndus
1805 2299 1857 2358 est
1878 2299 2035 2377 tanquam
2062 2292 2202 2360 vietimn

265 2379 312 2446 IL
350 2379 622 2446 Seoromentomm
647 2379 779 2462 counitio
804 2399 895 2460 uero,
928 2400 966 2445 ee
993 2380 1163 2465 oysteno
1214 2381 1392 2464 expiatrix,
1420 2401 1485 2464 que
1506 2379 1654 2462 planetus
1675 2386 1726 2446 est
1748 2379 1840 2445 Deus
1861 2378 1994 2445 mundo.
2038 2377 2202 2446 Oonside·

179 2464 310 2534 Olwieti
355 2464 469 2548 Quum
496 2471 607 2531 eutem
635 2471 841 2531 seersments
867 2465 934 2530 sint
960 2464 1126 2550 evangelii
1134 2466 1162 2550 ⁸)
1215 2465 1339 2533 raudus
1361 2474 1412 2532 est
1433 2466 1548 2546 freter,
1574 2465 1631 2548 qui
1652 2486 1712 2531 nos
1735 2486 1777 2531 ex
1800 2470 1875 2546 [pag.
1894 2470 1928 2546 8]
1951 2465 2084 2533 miseris
2104 2464 2201 2533 Adue

178 2551 386 2638 appendisse,
394 2553 425 2637 ⁴)
446 2553 475 2618 is
498 2550 631 2617 demum
653 2557 687 2616 et
699 2558 775 2635 apte
788 2556 821 2616 et
836 2550 964 2617 utiliter
987 2551 1028 2618 de
1049 2572 1164 2618 eorum
1214 2552 1293 2619 filiis
1326 2552 1436 2619 effeeit
1465 2552 1577 2618 beatos
1605 2548 1673 2617 Dei
1700 2550 1794 2618 lilios.
1849 2550 2120 2617 Considerandus
2149 2557 2202 2619 ost

179 2647 318 2719 notura,
341 2639 385 2717 vi,
408 2638 515 2705 offieio
536 2643 571 2702 et
591 2637 703 2703 fruetu
726 2636 877 2716 disseret,
907 2639 964 2720 qui
987 2660 1007 2704 a
1028 2637 1163 2703 Christo
1214 2645 1400 2722 reparator,
1433 2637 1491 2722 qui
1518 2638 1654 2722 spiritus
1682 2637 1734 2704 sui
1768 2637 1893 2704 virtute
1920 2637 2078 2705 reformet
2127 2634 2201 2705 uid·

178 2724 377 2791 exordietur.
411 2724 529 2807 Neque
550 2722 585 2788 id
606 2722 713 2802 modo,
735 2730 774 2788 ιιι
784 2721 891 2789 obiter
900 2722 1029 2791 Christi
1041 2743 1164 2789 nomen
1216 2724 1295 2809 quid
1315 2726 1351 2790 in
1372 2725 1466 2791 nobis
1494 2731 1544 2790 est
1565 2723 1738 2803 vitiosum,
1767 2731 1806 2788 ut
1826 2721 1949 2788 mundo
1976 2724 2091 2790 virere
2104 2658 2202 2795 lesi·

178 2811 337 2895 attingat,
367 2807 426 2876 sed
451 2818 491 2875 nt
517 2829 595 2877 vere
616 2815 745 2888 teneat,
774 2829 930 2892 quorsum
951 2811 1046 2877 nobis
1069 2808 1164 2876 dutus
1215 2832 1335 2878 numus
1358 2818 1393 2878 et
1413 2811 1513 2890 nurui,
1537 2831 1575 2876 ee
1592 2810 1685 2875 Deus
1707 2810 1777 2893 ipse
1798 2808 1835 2873 in
1856 2808 1953 2874 nobis
1973 2808 2078 2876 ιὶιιιι.
2111 2807 2202 2878 Gon·

177 2897 388 2980 sitepatre,
410 2901 445 2961 et
466 2893 662 2980 quidnobis
686 2894 846 2961 bonorum
867 2896 1063 2977 attulerit.·⁵)
1216 2895 1412 2964 siderandus
1432 2904 1482 2964 est
1503 2918 1579 2976 nex,
1595 2895 1665 2979 qui
1692 2894 1783 2960 omni
1810 2893 1972 2961 bonorum
1991 2915 2118 2980 genero
2139 2916 2201 2967 nos

266 2987 341 3062 [pag.
361 2987 394 3062 ι]
422 2981 487 3047 ΠΙ.
527 2979 668 3067 Oopoitio
691 2979 811 3048 Christi
838 2982 953 3064 quotis.
999 2980 1057 3048 Sie
1084 3001 1163 3066 ergo
1217 2983 1315 3063 ditat,
1338 2983 1396 3067 qui
1422 3003 1483 3048 nos
1505 2981 1670 3067 gubernat
1690 3002 1751 3046 suo
1771 2981 1909 3060 virtute,
1932 3002 1971 3048 ao
1992 2987 2119 3061 tuetur,
2141 2981 2201 3067 qui

177 3066 367 3134 habendum
389 3077 450 3147 est,
469 3067 658 3148 Christum,
687 3088 791 3151 quum
812 3076 968 3135 aeternus
990 3076 1078 3135 esset
1098 3067 1164 3133 Dei
1216 3069 1443 3152 spiritualibus
1465 3090 1526 3135 nos
1548 3069 1649 3132 armis
1671 3067 1822 3147 instruit,
1844 3074 1882 3132 ut
1902 3066 2064 3135 adversus
2085 3064 2201 3135 disbo-

176 3152 281 3233 filius,
310 3153 456 3220 eiusdem
482 3173 559 3220 oum
584 3163 678 3238 petre
706 3154 868 3220 essentiae
890 3162 924 3221 et
945 3154 1082 3256 glories,
1111 3153 1163 3218 in-
1215 3155 1285 3220 lum
1304 3165 1338 3220 et
1363 3154 1526 3220 mundum
1555 3153 1671 3219 invioti
1692 3153 1855 3236 stemus²)
1884 3154 1941 3236 qui
1963 3173 2023 3218 nos
2044 3154 2087 3220 nb
2107 3153 2202 3221 omni

176 3238 288 3307 diesne
309 3259 442 3306 eernem
464 3247 621 3320 nostrum,
643 3247 683 3306 ut
703 3241 775 3307 iure
797 3239 997 3324 adoptioms,
1019 3240 1054 3305 id
1075 3237 1165 3324 quod
1215 3261 1302 3307 noxe
1322 3240 1450 3321 liberet,
1473 3241 1529 3324 qui
1550 3240 1617 3304 oris
1639 3240 1691 3305 sui
1713 3246 1842 3322 seeptro
1865 3259 1926 3305 nos
1947 3237 2144 3305 moderatur
2163 3258 2202 3307 no

176 3335 299 3392 notura
309 3325 479 3408 proprium
488 3326 639 3406 habebat,
651 3326 745 3393 nobis
755 3329 1021 3406 eommunieuret,
1033 3346 1161 3410 nempe,
1214 3327 1308 3411 regit
1353 3328 1465 3410 Atque
1486 3326 1535 3392 ite
1554 3324 1820 3405 considerandus,
1841 3333 1879 3390 ut
1899 3324 1941 3389 ed
1963 3345 1998 3392 se
2011 3323 2126 3393 Deum
2143 3347 2201 3393 ve-

177 3418 217 3476 nt
244 3412 346 3476 simus
374 3411 435 3476 filii
458 3412 531 3477 Dei
576 3410 675 3492 Quod
702 3414 756 3489 fit,
785 3410 864 3476 dum
892 3413 958 3478 fide
979 3412 1097 3479 inserti
1125 3413 1162 3477 in
1214 3435 1306 3492 rum,
1337 3422 1372 3479 et
1393 3412 1436 3479 ed
1456 3421 1585 3497 petrem
1613 3432 1673 3477 nos
1700 3411 1871 3491 evehat:³)
1895 3410 1997 3476 donee
2020 3409 2202 3495 impleatur

177 3517 297 3580 eorpus
309 3495 443 3575 christi,
466 3497 565 3580 idque
586 3497 722 3580 spiritus
735 3498 841 3562 saneti
859 3499 992 3578 virtute,
1015 3498 1162 3582 primum
1213 3497 1305 3577 illud,
1328 3499 1414 3582 quod
1436 3497 1570 3565 tandem
1593 3498 1741 3563 futurum
1759 3503 1818 3577 est,
1841 3517 1968 3581 nempe,
1992 3503 2031 3561 ut
2046 3494 2201 3566 sitDeus

177 3581 259 3648 iusti
280 3602 454 3648 oensemnr
474 3582 620 3666 gratuite
632 3583 779 3648 iustitiae
790 3582 1018 3665 imputatione,
1042 3583 1161 3649 deinde
1213 3585 1325 3650 omnin
1344 3585 1382 3649 in
1402 3583 1564 3650 omnibus.

1299 3669 1340 3735 V.
1350 3671 1379 3752 ⁴)
1432 3670 1586 3753 Quomodo
1622 3667 1767 3734 Christus
1804 3688 1837 3735 oe
1867 3667 1956 3734 nobis
1987 3670 2201 3738 wmmuoieet.

1215 3846 1418 3853 --—-.--———-

247 3889 277 3952 1)
296 3889 488 3946 consensionis
507 3889 607 3959 copiis.
641 3888 716 3943 Edd.
737 3888 836 3944 Ornet.
855 3904 948 3944 emm
966 3888 1074 3959 (Orsep.
1095 3888 1161 3945 Gal·

177 3959 226 4014 lus
246 3959 325 4026 Ber.)
350 3964 376 4012 rt
392 3959 479 4013 Διιιιι.
498 3957 636 4012 Numeros
664 3958 845 4013 artimlorum
872 3959 904 4012 ιἰι
931 3959 1028 4013 latinis
1051 3959 1161 4028 quidem
1283 3960 1313 4026 1)
1331 3961 1410 4016 nobis
1427 3959 1578 4029 perfeetum
1598 3958 1696 4013 Oeneo.
1713 3964 1790 4013 cusu.

176 4027 380 4097 compluribus
397 4026 474 4081 Besa
488 4029 599 4096 primus
615 4028 755 4096 apposuit,
772 4033 946 4096 questurum
964 4034 1056 4095 etone,
1074 4044 1160 4100 quau
1281 4028 1312 4093 2)
1332 4030 1390 4084 Pro
1407 4030 1516 4084 instruit
1532 4027 1592 4082 oola
1610 4029 1697 4082 Amet.
1721 4027 1800 4081 tutet
1821 4027 1945 4082 instituit
1984 4024 2063 4095 Quae
2080 4043 2201 4100 emm·

176 4113 259 4168 quam
276 4098 401 4166 alioquin
418 4095 552 4151 sassones
571 4096 743 4151 authentum
756 4096 882 4164 μιιιὲιιι
899 4102 1045 4165 sequemet
1062 4099 1093 4150 ιἰι
1111 4098 1160 4151 leo·
1212 4105 1272 4153 tur:
1291 4106 1321 4153 ut
1339 4099 1468 4152 adversus
1486 4097 1623 4152 diabolum
1641 4105 1669 4151 et
1686 4095 1813 4150 mundum
1828 4096 1920 4150 invicti
1938 4102 2050 4163 stemus,
2069 4095 2201 4166 lepontroe

176 4173 266 4222 urus·
293 4165 461 4220 commodum
484 4163 635 4218 mundos
659 4164 796 4218 dommus.
834 4163 974 4220 Rutrieus
991 4166 1161 4234 morpinales
1212 4167 1321 4223 insola
1336 4168 1462 4235 princepe
1485 4164 1635 4219 Turioensi.

177 4234 400 4316 modestinus
417 4240 571 4314 remmom
587 4235 700 4316 corpori
717 4235 872 4302 empturas
889 4236 1037 4288 inserimur
1054 4234 1103 4288 sed
1120 4240 1160 4304 ty·
1281 4235 1312 4300 3)
1330 4253 1400 4290 nous
1412 4236 1512 4315 eslieve
1526 4237 1591 4314 ιιι
1608 4233 1721 4313 molesto
1739 4231 1828 4285 divine
1846 4237 1874 4311 et
1891 4234 1908 4287 t
1925 4232 1993 4287 celle
2012 4230 2046 4286 de
2059 4234 2203 4317 sonlfsre.

174 4318 223 4372 W
238 4301 840 4445 offirldlewplboellloptlioenllipw'llllleensem
857 4371 937 4426 habet
973 4387 1059 4442 noque
1076 4371 1160 4427 codes
1215 4298 2203 4450 GalolslussolllBllllilJerwsllommlllllllilalolslller‘lesffiom.„gil

182 4436 281 4494 orne.
300 4437 351 4494 145
368 4441 419 4495 uti
432 4441 481 4507 sel.
498 4439 533 4495 86
551 4445 661 4523 enatant
677 4441 870 4522 annotationes
894 4440 932 4493 ud
951 4389 1160 4523 lloqrmnooem
1213 4444 1284 4523 enirn
1308 4443 1355 4522 ille
1378 4442 1417 4495 ad
1439 4442 1512 4495 tuno
1535 4441 1563 4493 ιἰι
1584 4456 1624 4508 ep.
1644 4437 2050 4519 d.26.1omreorttst,oniur
2068 4445 2201 4509 antepro-

178 4512 301 4562 somam
321 4509 414 4562 Caroli
432 4510 579 4566 Ionm'llues
596 4515 830 4578 manuscriptae,
854 4509 903 4562 sed
926 4514 957 4563 ιιι
978 4509 1088 4564 ridetur
1105 4510 1161 4564 dte·
1210 4513 1286 4581 plion
1303 4511 1422 4566 utdmus
1443 4509 1541 4563 Gener.
1561 4504 1868 4576 Ood.107s.sol.13:
1890 4505 2003 4573 Qurdum
2025 4515 2201 4591 monuerunt,

179 4582 255 4630 tante
280 4575 408 4644 Caluino,
435 4579 485 4648 qui
506 4581 613 4647 etipse
636 4581 756 4648 propria
778 4594 862 4632 manu
884 4577 1019 4647 quaedum
1042 4579 1160 4632 addidit.
1215 4583 1237 4636 si
1260 4580 1367 4649 quando
1398 4582 1425 4634 in
1448 4579 1585 4647 publicum
1612 4579 1698 4631 exuet
1723 4574 1906 4644 (emensio),
1931 4591 2020 4643 panos
2046 4575 2200 4633 desiderem

183 4643 260 4713 Quos
276 4646 355 4711 infru
372 4647 489 4714 einpulio
503 4649 630 4702 annulis
646 4649 830 4702 subiiciemue.
859 4645 1058 4702 Corteraeedd.
1071 4663 1163 4703 omnes
1234 4666 1311 4718 osse,
1353 4665 1403 4703 une
1423 4649 1444 4702 si
1463 4646 1627 4701 adderentur
1645 4645 1747 4714 aliquid
1769 4645 1837 4698 lucis
1856 4650 1885 4698 et
1901 4644 1979 4698 simul
1996 4646 2103 4713 grasse
2121 4659 2200 4702 ecoe·

178 4713 291 4769 tamt:
310 4714 437 4795 agnino„
457 4714 504 4797 lta
521 4731 628 4786 quoque
645 4717 687 4770 bie
705 4718 736 4770 ιἰι
753 4717 866 4770 rotrico
885 4723 937 4770 ort.
957 4715 1002 4769 II.
1213 4667 1298 4771 leret.
1332 4666 1463 4783 lrimum,
1487 4716 1532 4768 ubi
1555 4715 1682 4782 dicimus,
1705 4713 1840 4768 Christum
1856 4713 1883 4766 iu
1902 4727 1983 4793 cerne
2007 4728 2058 4767 sne
2076 4714 2198 4796 renude-

248 4781 279 4843 3)
297 4781 438 4851 Evangelii
457 4791 511 4838 sint
531 4784 630 4838 Gener.
648 4791 726 4840 coett
1214 4786 1327 4839 randum
1346 4801 1406 4840 esse
1426 4783 1604 4849 sacerdotem,
1622 4798 1712 4852 regem
1731 4790 1782 4836 eto.
1808 4789 1865 4834 tum
1884 4788 2011 4835 eontrnuo
2034 4789 2101 4850 post
2118 4783 2198 4839 subn·

247 4849 279 4911 4)
298 4849 488 4920 dependentes
507 4860 535 4907 et
553 4855 728 4910 necessoires.
1215 4855 1311 4908 cimus:
1336 4853 1414 4907 Haeo
1431 4852 1586 4919 spiritualis
1607 4857 1647 4906 est
1665 4850 1872 4905 omnmunieotio
1890 4889 1897 4903 .
1916 4889 1923 4902 .
1942 4889 1949 4903 .
1968 4889 1975 4902 .
1993 4849 2048 4904 hoc
2066 4857 2142 4906 certe
2158 4852 2198 4907 ni·

247 4918 278 4987 5)
298 4918 831 5046 cl.Calvin.1nstitCep.16[{20]z
855 4921 886 4975 In
905 4920 1019 4976 eundem
1036 4922 1063 4975 in
1081 4936 1161 4988 quem
1214 4923 1264 4977 mis
1288 4929 1330 4976 est
1352 4923 1503 4990 abruptum.
1539 4920 1644 4989 Corrigi
1668 4927 1759 4974 eutem
1781 4918 1860 4998 facile
1890 4919 1988 4999 vitium·
2006 4926 2104 5000 posset
2127 4920 2197 4975 henr

179 5004 397 5046 ....uecesse
422 4996 472 5042 est.
508 4989 617 5044 Ionrell.
636 4991 653 5043 l.
671 5007 693 5046 c.
758 5005 823 5045 ocus
846 4995 937 5044 rudet
958 4991 989 5043 ιἰι
1006 4989 1048 5044 ed.
1064 4994 1162 5045 nostra
1215 4991 1375 5045 sententium
1399 4988 1556 5044 inserendo:
1581 4989 1670 5043 Porro
1690 5031 1695 5043 .
1715 5030 1721 5041 .
1739 5029 1771 5042 ..
1794 4987 1871 5054 fucit.
1906 4986 1938 5040 In
1960 4987 2004 5041 lus
2026 4987 2117 5043 verbis
2140 4989 2195 5043 seio

185 5058 214 5114 T.
235 5058 305 5127 Lp.
322 5055 383 5111 953.
1214 5060 1280 5114 nihil
1299 5076 1359 5114 esee
1383 5058 1456 5128 quod
1479 5074 1532 5113 uon
1556 5058 1632 5114 robis
1657 5057 1784 5112 arrident.
1820 5056 1858 5110 Et
1881 5056 1989 5110 omnino
2016 5055 2072 5111 tale
2096 5055 2195 5126 etque
