4620 5894
977 245 1348 313 PROLEGOMENA.
2028 249 2168 318 XLVII

145 438 331 505 diiadhore
352 445 478 523 qoeood
513 440 600 522 Quae
620 440 830 520 suspicionem
850 436 999 520 fortassis
1013 435 1093 518 pios
1113 454 1227 520 capae
1247 455 1344 518 quom
1365 435 1482 502 enare
1497 439 1676 518 pdueraat,
1697 457 1794 520 qaum
1811 457 1864 522 eoo
1885 437 1940 503 boe
1956 459 2055 504 onom
2076 460 2168 522 quoe·

146 570 222 616 ram
242 555 279 616 sd
299 551 440 634 suspicio
460 555 563 629 cessei,
586 569 682 633 qaum
703 549 828 615 oideom
845 568 902 614 nos
918 569 952 613 re
973 548 1047 628 ipso
1063 547 1252 630 paraenesi
1272 545 1356 612 citt
1376 546 1532 613 dissidere
1553 554 1581 613 et
1602 547 1783 628 dissentire,
1802 554 1840 613 et
1858 548 1952 631 foede
1981 551 2017 615 ire
2043 570 2079 615 re
2099 572 2167 618 cose

146 662 258 728 venire
271 681 369 746 posse
387 663 419 728 si
439 664 475 728 in
497 662 621 728 dicendi
641 661 730 727 modo
749 660 898 743 famatis
913 660 1084 742 possimos.
1130 657 1258 740 Quibus
1280 658 1469 742 praemissis
1491 657 1639 743 singulos
1661 661 1824 744 percurrit
1846 660 2001 728 articulos
2023 683 2166 746 suasque

146 772 455 840 anhuadversioues
482 772 581 838 modo
609 771 790 856 longiores,
818 771 915 836 modo
945 769 1155 836 brevissimas
1182 771 1352 854 proponit,
1382 789 1620 853 nonnunquam
1649 774 1750 838 etiam
1774 771 1969 856 simpliciter
1995 794 2166 839 assensum

143 885 333 970 matur.
377 884 452 950 Has
475 904 604 968 quoque
625 904 701 949 cum
722 884 859 949 caeteris
882 881 1086 949 documentis
1113 881 1237 964 publici
1266 881 1348 948 iuris
1376 880 1483 947 facere
1506 880 1726 963 decrevimus,
1757 884 1819 949 etsi
1847 884 1985 950 minoris
2007 870 2166 951 momenti

143 997 255 1063 fuisae
281 1017 349 1062 non
376 997 586 1081 ignoramus,
616 1016 717 1079 quum
746 996 935 1060 Beruenses
962 994 998 1058 in
1031 1000 1098 1058 toto
1128 992 1190 1058 hoc
1219 993 1441 1059 consensionis
1463 994 1708 1076 promovendae
1735 996 1865 1080 negotio
1896 1006 2008 1080 partes
2037 997 2164 1081 aliquas

143 1108 319 1192 suscipere
340 1108 555 1193 pertinaciter
574 1107 769 1188 recusarint,
792 1108 893 1173 etiam
914 1112 1088 1190 postquam
1111 1104 1224 1172 ll'urici
1245 1105 1333 1170 inter
1352 1114 1496 1170 caeteros
1517 1115 1726 1173 convenerat.

308 1217 413 1287 Sexto
434 1219 505 1286 loco
527 1220 589 1284 tibi
610 1217 771 1298 dabimus,
793 1217 952 1284 benevole
973 1216 1085 1298 lector,
1109 1215 1345 1283 confessionem
1366 1217 1474 1282 Vireti
1498 1216 1702 1283 calvinianae
1724 1238 1894 1301 coaevam,
1923 1242 2050 1302 verum,
2079 1223 2166 1306 quod

143 1330 300 1411 mireris,
327 1332 380 1398 sin
401 1331 513 1397 minus
541 1351 658 1411 sensu,
686 1330 792 1395 forma
813 1337 924 1395 tamen
952 1328 993 1395 ab
1022 1326 1137 1393 eadem
1166 1326 1339 1395 diversam.
1384 1327 1579 1394 Invenimus
1607 1349 1680 1393 eam
1707 1330 1744 1394 in
1772 1328 1970 1399 bibliotheca
1992 1334 2166 1401 Tumcensi

143 1442 236 1528 Epp.
260 1443 354 1509 Tem.
376 1440 491 1523 XLV,
514 1464 589 1528 pag.
613 1445 673 1506 231
697 1463 785 1526 seqq.
808 1462 884 1508 cum
904 1440 963 1505 illa
984 1440 1087 1506 altera
1107 1441 1144 1504 in
1166 1439 1355 1524 Bullingeri
1377 1461 1474 1506 usum
1495 1440 1536 1506 ab
1558 1441 1751 1506 amanuensi
1773 1440 1979 1528 descriptam.
2019 1444 2166 1512 Iussus

144 1555 256 1621 enim
290 1560 384 1620 arat
412 1552 617 1639 (Bullingeri
642 1559 722 1619 sant
748 1552 851 1621 verba
881 1553 989 1617 textui
1017 1552 1212 1636 praemissa)
1247 1550 1424 1616 Viretus
1458 1573 1478 1615 a
1513 1550 1659 1635 synodi
1691 1552 1922 1622 Bernensis
1956 1555 2166 1640 deputatis

144 1663 365 1734 doctrinae
386 1687 486 1732 suae
508 1664 555 1731 de
576 1663 807 1730 ministerio
829 1663 943 1732 verbi
964 1671 1004 1729 et
1025 1663 1304 1730 sacramentis
1327 1662 1590 1728 summariam
1612 1665 1961 1748 comprehendere
1984 1674 2022 1733 et
2045 1669 2166 1734 exhi·

143 1776 241 1845 bere
265 1777 587 1858 confessionem,
610 1799 659 1842 ex
680 1796 758 1861 qna
780 1775 981 1860 colligere
1004 1774 1151 1841 liceret
1172 1773 1270 1858 quid
1292 1775 1445 1840 sentiat
1467 1793 1509 1840 ac
1532 1774 1689 1856 deccat,
1712 1777 1809 1861 quid
1832 1777 2009 1862 denique
2031 1778 2079 1845 de
2100 1779 2166 1846 his

144 1887 339 1956 inlibris
362 1889 448 1954 suis
470 1887 641 1973 gallicis
664 1886 854 1954 ediderit
889 1885 1024 1954 Scilicet
1042 1885 1159 1953 eadem
1175 1886 1328 1969 suspicio,
1351 1886 1582 1969 quanalvini
1600 1888 1851 1972 propositiones,
1874 1896 1987 1973 utpote
2005 1892 2165 1970 extranei,

144 2000 202 2067 val
223 1999 343 2066 audire
364 2000 547 2080 recusabat,
571 1998 694 2066 nedum
715 2000 870 2082 recipere,
892 1998 1055 2077 Viretum,
1079 1997 1212 2063 ditionis
1229 1999 1380 2081 propriae
1402 1997 1593 2064 ministrum
1615 1999 1760 2083 adeoque
1780 2001 1992 2086 magistratui
2001 2002 2166 2070 Beruensi

146 2112 351 2192 subiectam,
379 2110 565 2179 doctrinam
591 2132 686 2179 suam
715 2110 825 2196 palam
848 2117 882 2176 et
903 2110 1004 2176 latine
1034 2129 1199 2192 exponere
1229 2110 1349 2194 coegit,
1378 2130 1420 2174 ne
1448 2109 1502 2174 cui
1522 2110 1607 2177 forte
1636 2111 1744 2177 fraudi
1767 2121 1879 2179 essent
1899 2134 1985 2197 quae
2010 2102 2166 2180 idiomate

146 2222 320 2308 plen'sque
341 2223 544 2307 reipublicae
566 2223 691 2290 civibus
713 2223 826 2307 ignoto
848 2230 919 2288 tam
940 2244 983 2287 ex
1005 2227 1164 2306 suggestu
1186 2241 1285 2304 quam
1309 2219 1402 2287 libris
1430 2220 1527 2286 otim
1549 2221 1680 2289 tradere
1702 2224 1836 2291 solebat.
1881 2223 2043 2291 Edidcrat
2064 2227 2166 2292 etiam

145 2355 235 2402 mne
266 2338 353 2401 1548
381 2336 542 2419 seriptum
569 2333 610 2401 de
638 2335 765 2420 origine
793 2334 969 2399 ministerii
996 2334 1089 2400 verbi
1110 2331 1177 2398 Dei
1203 2338 1238 2398 ct
1265 2338 1561 2413 sacramentorum,
1589 2341 1724 2418 propter
1751 2335 1838 2420 quod
1866 2336 1953 2419 apud
1975 2337 2165 2404 Beruenses

147 2447 236 2514 male
258 2446 430 2526 audiebat,
458 2452 556 2530 atque
577 2445 659 2512 haee
680 2466 810 2530 quoqne
832 2446 895 2511 fuit
915 2467 1014 2512 eausa
1036 2465 1095 2510 cur
1117 2443 1268 2510 debuerit
1288 2442 1488 2526 peculiarem
1509 2445 1637 2529 syuodo
1665 2446 1785 2512 offerre
1806 2446 2073 2529 declarationem,
2096 2470 2165 2515 non

148 2560 236 2627 eirca
258 2558 332 2625 sola
353 2564 568 2637 sacramenta,
598 2579 714 2625 verum
736 2557 777 2624 de
800 2558 873 2623 aliis
893 2566 1064 2642 praeterea
1085 2556 1252 2623 doctrinae
1274 2555 1438 2635 articulis,
1467 2576 1549 2640 quos
1571 2556 1788 2626 Genevenses
1809 2581 1871 2645 pro
1893 2568 2041 2645 tempore
2064 2561 2165 2626 attin·

148 2692 227 2757 gare
254 2671 452 2753 neutiquam
479 2669 543 2735 sihi
569 2683 818 2754 proposuerant.
863 2670 1016 2751 Denique
1045 2670 1144 2734 etiam
1173 2666 1246 2733 ideo
1273 2666 1359 2732 hane
1380 2667 1489 2733 Vireti
1517 2669 1755 2735 confessionem
1781 2672 1961 2755 praeterire
1988 2672 2164 2753 noluimus,

148 2780 236 2867 quod
256 2788 371 2862 autor,
400 2782 553 2865 quamvis
575 2782 694 2846 intima
717 2803 793 2848 cum
815 2780 956 2847 Oalvino
979 2786 1013 2845 et
1037 2778 1170 2845 Farello
1193 2779 1336 2844 amicitia
1357 2780 1565 2859 coniunctus,
1593 2783 1771 2847 consensui
1792 2784 1950 2849 turicensi
1971 2783 2165 2868 paulopost

147 2893 330 2962 constituto
352 2889 473 2959 nomen
496 2913 594 2959 suum
616 2893 821 2960 subscribere
843 2913 910 2958 non
931 2892 1039 2976 potuit
1060 2890 1173 2958 invitis
1195 2889 1430 2957 Bernensibus.

310 3003 385 3071 Iam
405 3005 541 3070 ineunte
561 3025 674 3070 mense
696 3005 786 3071 Maio
809 3003 970 3071 Calvinus
993 3002 1098 3070 literis
1120 3001 1161 3068 ad
1183 3000 1418 3087 Bullingernm
1445 3000 1545 3083 datis,
1573 3023 1713 3086 quarum
1743 3006 1972 3090 autographon
2000 3012 2109 3072 exstat
2129 3006 2165 3071 in

147 3116 309 3186 Amnius
330 3115 487 3183 ecclesiae
498 3116 782 3200 TurieensisEpp.
805 3117 842 3181 tl.
866 3115 999 3194 XXIV,
1022 3136 1054 3200 p.
1079 3119 1128 3194 11,
1151 3114 1357 3198 gratissimas
1379 3114 1442 3180 sibi
1465 3135 1520 3180 eas
1542 3113 1644 3181 luisse
1666 3119 1817 3196 testator,
1841 3117 1959 3200 quibus
1980 3138 2088 3201 nuper
2108 3117 2166 3182 ille

148 3227 423 3315 quamproxime
445 3227 488 3293 ad
509 3228 612 3313 ipsius
634 3227 833 3295 sententiam
856 3226 1009 3294 accedere
1031 3247 1067 3292 se
1088 3226 1319 3294 affirmaverat
1362 3224 1550 3291 Plurimum
1572 3247 1608 3292 sa
1633 3227 1777 3312 gaudere
1799 3228 1854 3308 ait,
1882 3227 1970 3312 quod
1990 3229 2059 3294 fere
2080 3227 2165 3294 nihil

148 3350 251 3409 restet
272 3341 359 3426 quin
386 3338 495 3406 verbis
523 3340 623 3405 edam
650 3341 737 3406 inter
766 3360 801 3405 se
830 3339 1048 3406 consentiant.
1093 3339 1140 3403 Et
1168 3358 1247 3402 saue
1275 3343 1348 3402 erat
1375 3337 1461 3420 quod
1488 3336 1663 3423 gauderet,
1691 3360 1793 3423 quum
1819 3338 2069 3426 Bullingerum,
2099 3340 2163 3406 nisi

148 3454 259 3520 minus
281 3470 420 3535 asperae
441 3450 561 3517 indolis
581 3451 707 3532 fuisset,
726 3451 865 3536 epistola
885 3471 1000 3517 mense
1021 3449 1177 3514 Ianuario
1199 3448 1320 3532 scripta
1342 3447 1384 3513 ad
1407 3447 1539 3532 quidvis
1556 3447 1645 3514 alind
1667 3452 1893 3534 potiusquam
1914 3449 1956 3518 ad
1973 3452 2164 3519 concordiae

149 3563 299 3632 madium
320 3562 483 3646 potuisset
503 3563 650 3629 incitare.
684 3561 784 3646 Quid,
808 3561 894 3648 quod
915 3563 1054 3627 fortasse
1074 3561 1234 3626 Nostrum
1255 3559 1396 3644 scriptae
1417 3561 1612 3643 poenitebat
1658 3561 1771 3643 Addit,
1794 3564 1822 3629 si
1844 3563 1892 3629 ita
1909 3561 2064 3647 expedire
2086 3583 2163 3628 cen-

149 3686 218 3744 ssat
238 3676 309 3754 ille,
332 3693 371 3739 se
391 3694 459 3740 uon
481 3682 710 3742 recusaturum
732 3674 809 3740 data
830 3695 930 3757 opera
939 3672 1098 3740 Turicum
1120 3672 1244 3751 venire,
1267 3678 1305 3736 nt
1324 3671 1476 3738 omnibus
1496 3672 1599 3737 animi
1615 3675 1667 3739 sui
1685 3674 1835 3741 sensibus
1853 3675 1970 3741 melius
1988 3674 2164 3758 compertis

147 3789 183 3854 in
203 3785 349 3855 solidam
371 3807 485 3871 pacem
509 3785 643 3852 taudem
665 3786 857 3854 coalescant.
902 3785 1016 3850 Etiam
1036 3783 1199 3863 Farellus
1227 3804 1298 3849 rem
1320 3804 1430 3850 coram
1453 3791 1487 3848 et
1508 3785 1599 3850 inter
1619 3793 1810 3869 praesentes
1831 3785 1962 3853 facilius
1984 3792 2164 3853 tractatum

148 3898 189 3966 in'
209 3906 326 3979 rattrs,
357 3899 461 3965 amico
482 3905 521 3963 ut
542 3899 606 3964 iter
628 3899 810 3984 susciperet
831 3902 947 3963 auctor
963 3897 1081 3962 iuerat.
1126 3894 1190 3961 Oui
1213 3894 1389 3975 Calvinus,
1418 3894 1535 3989 eodem?
1554 3897 1623 3963 fere
1644 3902 1793 3981 tempore
1814 3918 1878 3982 quo
1899 3897 2104 3982 Bullingaro,
2127 3918 2163 3963 se

148 4011 284 4077 omnino
305 4018 460 4094 paratum
481 4031 554 4076 csse
575 4009 698 4090 scribit,
720 4010 866 4076 laborem
888 4008 1016 4075 itineris
1038 4029 1106 4073 non
1127 4008 1288 4092 refugere,
1312 4027 1430 4073 verum
1450 4007 1556 4073 multa
1577 4007 1707 4075 obstare
1735 4010 1911 4092 quominus
1938 4016 2006 4074 tam
2028 4009 2163 4092 longam

149 4122 386 4207 profectionem
413 4141 529 4188 secure
556 4121 662 4188 adeat.
707 4121 791 4204 Quis
817 4121 902 4186 foret
928 4119 1016 4204 apud
1044 4125 1195 4185 senatum
1222 4127 1428 4202 praetextus,
1456 4140 1477 4185 a
1505 4139 1570 4204 quo
1599 4120 1743 4203 petenda
1770 4121 1815 4186 sit
1844 4118 1978 4186 missio?
2023 4117 2062 4184 si
2083 4115 2163 4203 quid

151 4234 307 4321 tingeret,
341 4231 377 4297 id
404 4230 447 4297 ad
472 4253 595 4317 paucos
624 4240 756 4298 tantum
784 4231 853 4298 dies
881 4231 955 4297 illos
983 4232 1199 4315 placaturum.
1244 4231 1354 4317 Magis
1382 4232 1484 4298 etiam
1511 4253 1547 4297 se
1575 4231 1706 4298 Bernae
1732 4240 1886 4317 respectu
1914 4230 2085 4296 deterreri:
2114 4229 2161 4296 ibi

153 4347 277 4413 mimos
298 4343 400 4413 valde
421 4351 642 4428 exasperatos,
666 4366 704 4411 ao
723 4343 906 4413 verendum
928 4364 972 4407 ne
990 4362 1127 4427 gravem
1156 4343 1217 4408 sibi
1245 4342 1448 4428 tragoediam
1474 4350 1639 4410 moveant
1685 4342 1794 4410 Simul
1817 4350 1917 4426 atque
1938 4339 2105 4406 audierint
2125 4363 2162 4411 se

152 4456 225 4526 illuc
245 4456 450 4544 profectum,
478 4455 610 4540 quidvis
632 4458 743 4540 potius
766 4458 988 4540 suspicatums
1010 4473 1108 4536 quam
1131 4452 1217 4536 quod
1240 4455 1302 4519 sibi
1325 4456 1368 4519 sit
1393 4455 1429 4518 in
1452 4454 1571 4519 animo.
1615 4455 1768 4538 Denique
1793 4461 1828 4518 et
1854 4454 1942 4538 ipsos
1963 4453 2161 4520 Turiceuses

155 4568 212 4635 abi
230 4590 301 4636 nou
323 4575 435 4635 certos
454 4567 570 4648 videri,
592 4586 731 4652 quorum
754 4566 821 4631 alta
841 4572 974 4650 pectora
994 4563 1133 4630 mulceri
1154 4563 1288 4648 quidem
1309 4586 1345 4632 se
1366 4565 1619 4650 literispassura
1641 4566 1717 4646 sint,
1740 4564 1832 4630 nullo
1846 4571 1930 4630 teste
1942 4586 2003 4631 nec
2015 4565 2161 4646 consci03

156 4700 266 4748 varum
287 4679 439 4747 adventu
460 4700 521 4746 suo
542 4679 626 4745 forta
647 4698 733 4747 vano
755 4676 863 4761 aliquo
888 4683 982 4742 metu
1005 4675 1111 4760 abripi
1133 4697 1168 4742 se
1188 4675 1310 4741 sinant.
1353 4676 1448 4742 'l'alia
1476 4686 1510 4744 et
1536 4677 1633 4761 plura
1659 4677 1696 4742 in
1724 4676 1814 4745 hunc
1843 4696 1976 4743 sensum
1998 4675 2161 4743 calvinus

159 4788 196 4856 ad
211 4791 386 4858 Farcllnm
406 4791 444 4856 in
467 4791 604 4876 epistola
625 4790 719 4857 cuius
741 4788 969 4875 autographon
992 4788 1224 4872 descripsimus
1247 4808 1288 4852 ex
1311 4786 1391 4854 (lod.
1416 4788 1544 4856 Genev.
1568 4792 1627 4852 107
1651 4810 1681 4868 a,
1704 4787 1758 4854 iol.
1781 4792 1810 4854 8.

300 4902 531 4970 Nihilominus
553 4901 667 4969 ecdem
688 4922 803 4967 mense
816 4901 907 4966 Maio
930 4907 1087 4986 vergente
1098 4899 1193 4965 ambo
1205 4899 1317 4965 Trunci
1336 4898 1516 4965 adfuerunt
1537 4907 1571 4964 et
1590 4901 1679 4965 iutra
1700 4920 1822 4985 paucos
1844 4898 1913 4966 dies
1934 4906 2042 4965 totum
2063 4919 2160 4964 suum

164 5014 358 5095 sericeam
379 5013 561 5098 negotium.
608 5014 729 5097 Accipe
751 5011 829 5097 quid
851 5012 923 5097 ipse
944 5011 1107 5080 Calvinus
1124 5009 1165 5077 de
1187 5011 1249 5078 hoc
1270 5010 1390 5076 itinere
1412 5009 1454 5076 ad
1475 5011 1670 5096 Myconium
1690 5012 1875 5097 scripserit,
1905 5031 2004 5096 quam
2025 5017 2160 5094 propter

166 5120 321 5194 bruniam
338 5124 590 5193 Basilaeusibus
611 5123 805 5192 inconsultis
817 5124 931 5191 Turici
953 5124 1166 5208 compositam
1183 5120 1335 5189 nonnihil
1355 5121 1518 5188 offensum
1535 5125 1723 5191 resciverat
1760 5122 1849 5190 Inter
1864 5141 1913 5188 me
1928 5126 1956 5188 d
1971 5118 2015 5187 D.
2031 5120 2160 5187 Ballio·
