4620 5894
149 221 211 284 66
563 270 569 282 .
901 210 1426 282 666666666666666
1666 299 1668 303 y
2115 217 2175 279 66

144 407 285 494 gloriam
305 427 371 490 pro
392 403 531 488 imperio
554 401 725 467 tutandam
749 400 902 484 suscepit,
931 409 971 464 ut
998 398 1043 498 ad
1068 398 1160 519 im-1
1186 400 1239 466 dio
1273 400 1345 467 sine
1377 401 1508 468 delectu
1540 412 1672 486 recepta
1694 403 1829 488 quaevis
1862 403 1922 468 re‘
1950 403 1981 467 'o
2013 403 2051 467 in
2084 411 2173 469 statu

144 495 233 577 piam
251 495 323 559 eius
343 490 604 575 profanationem
622 488 820 555 conniveant
837 486 943 551 saneti
955 493 1130 569 magistra·
1184 508 1244 553 suo
1265 494 1409 553 maneat:
1433 488 1492 554 sed
1512 489 1689 555 tenendam
1710 510 1784 555 esse
1805 496 1924 555 conten
1950 490 2039 554 ‘mus
2061 487 2171 573 legem

144 579 221 646 tus?
266 600 304 646 ao
326 600 392 644 non
413 576 522 660 potius
545 575 598 640 his
619 572 784 639 Dominus
807 572 867 638 sub
889 571 1021 657 profani
1042 571 1130 655 regis
1184 573 1342 639 divinitus
1362 575 1554 656 praefixam,
1587 582 1626 640 ut
1652 583 1837 659 compertae
1856 575 1994 640 veritati
2016 575 2172 641 suecedet

187 686 285 731 rsona
307 670 381 744 [pag.
405 667 458 741 28]
491 660 569 744 quid
602 680 700 742 agere
720 661 810 743 ipsos
832 659 945 724 deceat
967 657 1129 740 praesori—
1182 657 1315 724 demum
1333 680 1515 742 poenarum
1533 662 1666 727 sanctio.
1691 660 1803 743 Quare
1816 661 1841 745 ¹)
1853 682 1919 726 666
1936 659 2094 744 estquod
2109 661 2169 728 sibi

144 687 214 817 bit?
259 752 304 816 Et
330 754 418 818 certe
446 747 524 830 quid
552 747 657 830 magis
685 752 934 829 praeposterum
964 763 1062 826 quam
1092 743 1129 808 in
1182 744 1395 810 blandiantur
1416 767 1566 811 errorum
1587 749 1727 830 patroni,
1759 747 1817 831 qui
1848 748 1883 811 16
1915 744 2090 812 fundendo
2119 747 2169 813 in·

144 837 302 905 eeclesiae
323 837 399 903 sinu
416 835 553 916 impune
570 833 675 897 foveri
695 831 849 898 scelestas
867 831 904 894 in
920 829 1033 894 Deum
1052 848 1128 894 666-
1154 880 1157 933 Ι
1181 830 1282 896 noxio
1305 833 1467 916 sanguine
1487 833 1588 898 stulto
1601 855 1660 900 suo
1681 834 1750 900 6616
1772 842 1806 899 et
1826 833 2039 918 ignorantiae
2057 831 2167 898 indul-

144 923 298 989 tumelias
319 943 402 1006 quae
424 921 459 985 16
482 917 653 1002 Babylone
685 938 790 1000 poena
820 915 950 999 capitali
984 915 1129 980 sancitae
1153 938 1157 1005 6
1180 928 1270 1000 gent,
1292 917 1345 983 vel
1378 916 1496 983 saltem
1527 920 1752 1002 inquisitionis
1783 941 1866 985 onus
1893 919 1929 984 in
1952 918 2037 984 alios
2061 919 2167 985 reiici-

144 1007 301 1075 fuerunt?
336 1006 484 1091 quamsi
506 1004 653 1069 tribunal
675 1004 710 1067 in
732 1024 795 1085 666
819 1003 908 1086 viget
930 1001 993 1065 Dei
1017 1001 1128 1084 cogni·
1153 1022 1156 1063 ι
1180 1011 1250 1081 unt,
1273 1012 1311 1067 ut
1328 1003 1389 1069 sibi
1408 1023 1451 1068 ex
1468 1005 1584 1070 alienis
1602 1008 1767 1090 responsis
1785 1013 1918 1071 sanctos
1928 1003 2062 1071 Christi
2079 1026 2167 1070 mar·

145 1096 202 1174 tio,
236 1115 366 1161 sacrum
393 1093 464 1157 eius
485 1111 615 1169 nomen,
649 1089 744 1155 ouius
777 1099 886 1154 eustos
918 1098 952 1151 et
984 1093 1128 1150 assertor
1180 1095 1272 1172 tyros
1294 1089 1472 1154 crudeliter
1492 1091 1679 1158 interficere
1699 1092 1804 1158 liceat.
1840 1091 1896 1157 Ad
1916 1092 2001 1158 haec
2023 1089 2168 1157 solvitur

144 1181 208 1246 fuit
228 1202 288 1246 rex
311 1177 528 1264 Babylonius,
568 1172 731 1260 praesidio
764 1174 934 1256 tutelaque
969 1192 1030 1237 sua
1061 1192 1128 1235 non
1180 1174 1386 1257 quorundam
1408 1175 1554 1255 obiectio,
1587 1179 1642 1261 qui
1670 1188 1789 1262 rogant
1809 1199 1853 1242 an
1875 1176 1986 1261 gladio
2008 1177 2168 1261 adigendi

147 1265 323 1351 dignatur?
376 1264 453 1329 Non
481 1259 568 1346 quod
599 1261 771 1327 hominum
805 1260 936 1325 auxiliis
968 1258 1040 1340 ipse
1071 1258 1125 1321 in·
1180 1260 1249 1324 sint
1281 1259 1323 1324 ad
1351 1260 1477 1327 (lhristi
1509 1261 1608 1327 fidem
1641 1263 1766 1343 Iudaei,
1800 1265 1928 1330 'Furcae
1961 1272 1998 1328 et
2033 1263 2167 1329 similes.

147 1352 266 1437 digeat,
307 1350 366 1416 sed
405 1350 481 1433 quia
516 1346 601 1411 nihil
632 1347 743 1411 minus
775 1355 1034 1412 consentaneum
1067 1351 1125 1421 est,
1152 1406 1155 1449 Ι
1179 1345 1295 1428 Neque
1317 1347 1406 1411 enim
1427 1349 1613 1430 promiscue
1647 1351 1682 1414 in
1715 1371 1829 1416 omnes
1861 1349 2012 1433 gladium
2048 1350 2171 1434 stringi

147 1459 247 1522 quam
266 1457 362 1522 reges
384 1444 419 1501 et
439 1434 663 1518 magistratus,
686 1454 767 1515 quos
789 1431 852 1496 sibi
875 1433 909 1495 in
932 1430 1028 1495 terris
1050 1449 1126 1494 oon·
1179 1431 1271 1496 iubet
1291 1430 1395 1511 Deus,
1418 1433 1476 1498 sed
1496 1442 1671 1517 apostatas,
1694 1437 1750 1519 qui
1771 1457 1806 1502 se
1823 1436 1923 1518 impie
1943 1435 2168 1501 alienaverint

145 1525 255 1591 stituit
276 1523 456 1598 ministros,
489 1541 549 1584 sua
581 1517 689 1584 studia
717 1516 760 1583 ad
781 1516 942 1582 tuendum
964 1515 1035 1580 eius
1057 1514 1127 1580 eul—
1179 1538 1295 1583 avero
1313 1518 1403 1583 cultu
1422 1537 1455 1584 66
1473 1519 1553 1584 61166
1572 1520 1612 1585 ad
1632 1522 1775 1586 similem
1792 1521 2012 1587 defectionem
2032 1522 2168 1588 trahere

145 1618 219 1674 tum
249 1630 316 1674 non
345 1609 475 1673 roforre.
531 1605 605 1670 Hoc
636 1612 766 1669 tantum
798 1604 946 1681 interest,
980 1599 1068 1683 quod
1099 1601 1127 1664 si
1179 1604 1288 1669 eonati
1309 1605 1444 1684 fuerint,
1478 1606 1585 1671 iustae
1615 1627 1740 1690 poenae
1774 1608 1912 1673 subiicit
1958 1606 2065 1674 Nune
2088 1628 2167 1675 vero

145 1695 242 1760 illum
260 1695 322 1761 6611
340 1693 491 1759 ardorem
509 1693 545 1755 in
563 1711 662 1756 saevo
679 1703 823 1775 tyranno
842 1685 990 1755 accendit
1007 1687 1128 1770 exigua
1179 1690 1327 1772 quisquis
1359 1689 1533 1757 haereticis
1566 1701 1600 1756 et
1634 1692 1833 1776 blasphemis
1864 1694 1989 1758 iniuste
2025 1715 2167 1776 poenam

147 1781 300 1859 scintilla,
324 1779 487 1864 principes
505 1776 660 1844 ecclesiae
677 1775 879 1853 domesticos,
902 1773 1021 1857 quibus
1039 1781 1128 1838 certo
1179 1776 1285 1859 infligi
1307 1775 1490 1855 contendet,
1514 1779 1620 1843 sciens
1641 1790 1676 1843 et
1696 1780 1810 1845 volens
1832 1779 1947 1844 eodem
1965 1800 2004 1844 se
2022 1779 2166 1845 obstrin-

146 1875 314 1950 comperta
336 1874 396 1945 est,
430 1874 464 1929 et
488 1863 575 1929 clare
595 1862 707 1926 illuxit
728 1861 793 1926 Dei
815 1862 948 1936 veritas,
981 1859 1045 1924 nisi
1067 1878 1127 1941 pro
1180 1870 1236 1944 get
1267 1866 1341 1941 [pag.
1376 1867 1429 1941 30]
1461 1862 1683 1946 blasphemiae
1717 1873 1821 1930 reatu.
1875 1865 1941 1930 Hic
1972 1865 2073 1931 uobis
2102 1887 2166 1931 non

146 1974 186 2019 ea
206 1953 306 2035 longo
326 1952 504 2016 animosius
522 1957 680 2033 pugnent,
704 1955 832 2013 constat
849 1947 955 2029 turpis
974 1945 1128 2029 ignaviae
1180 1947 1368 2012 obtruditur
1389 1948 1557 2014 hominum
1580 1951 1750 2030 autoritas,
1784 1950 1841 2015 sed
1863 1952 1976 2015 Deum
2012 1952 2166 2017 audimus

145 2039 196 2106 bis
218 2060 292 2105 reos
313 2059 393 2104 esse.
1152 2028 1375 2116 ‘loquentem
1416 2043 1449 2099 et
1488 2035 1565 2118 quid
1597 2036 1753 2102 ecclesiae
1786 2059 1865 2102 suae
1895 2038 1930 2100 in
1965 2045 2165 2120 perpetuum

233 2124 301 2190 Sed
323 2125 389 2189 iam
413 2121 585 2187 audiamus
607 2119 686 2202 quid
713 2121 795 2185 iuris
816 2117 981 2191 Dominus
1004 2124 1127 2186 statue·
1153 2072 1156 2171 1
1179 2118 1313 2183 mandet
1330 2139 1398 2183 666
1416 2121 1552 2186 obscure
1570 2122 1795 2207 intelligimus.
1820 2124 1895 2187 Non
1906 2123 2038 2188 frustra
2049 2125 2165 2189 huma·

63 2261 65 2265 .
145 2211 191 2275 rit
211 2211 248 2275 in
271 2232 332 2275 sua
352 2209 498 2276 ecelesia.
543 2209 723 2288 Postquam
755 2206 844 2271 enim
876 2201 1074 2287 prophetam
1096 2211 1129 2266 et
1153 2174 1156 2297 Ι
1180 2225 1240 2268 nos
1251 2224 1366 2270 omnes
1378 2206 1515 2272 affectus
1526 2209 1661 2287 excutit,
1670 2209 1789 2290 quibus
1798 2208 1920 2273 molliri
1931 2208 2036 2273 eorda
2045 2211 2165 2276 solent:

146 2297 396 2373 somniatorem,
429 2295 484 2377 qui
512 2293 671 2375 populum
704 2290 865 2355 abducere
897 2289 1076 2354 tentaverit
1108 2300 1356 2372 aipatornum
1378 2313 1532 2369 amorem,
1566 2293 1722 2378 quidquid
1743 2303 1794 2360 cst
1815 2296 1901 2360 inter
1923 2295 2058 2374 fratrea
2093 2317 2164 2380 pro-

146 2389 235 2446 recto
257 2381 390 2465 pietatis
412 2380 512 2456 cultu,
546 2379 644 2443 iussit
676 2377 788 2455 occidi,
822 2375 962 2441 eandem
988 2394 1127 2455 poenam
1153 2392 1156 2467 1
1181 2375 1321 2459 pinquos
1355 2384 1388 2442 et
1419 2379 1540 2443 amicos
1579 2378 1828 2447 benevolentiae
1860 2381 2026 2446 facessere
2058 2382 2162 2449 iubet:

147 2466 189 2532 ad
203 2467 350 2551 singulos
363 2463 514 2530 extendit
530 2464 583 2529 his
605 2464 728 2529 verbis:
753 2462 792 2528 si
809 2459 995 2527 incitaverit
1011 2468 1045 2524 te
1063 2460 1128 2523 fra·
1153 2470 1156 2537 2
1180 2465 1317 2528 maritos
1338 2473 1471 2530 revocat
1493 2486 1512 2529 a
1534 2465 1621 2530 thori
1644 2465 1823 2532 blanditiis:
1848 2465 1991 2548 denique
2015 2468 2163 2533 homines

146 2560 199 2617 ter
221 2563 297 2618 tuus
319 2553 408 2616 filius
429 2551 546 2616 matris
568 2558 654 2628 tuae,
676 2557 734 2613 aut
754 2548 843 2613 filius
865 2557 953 2626 tuus,
982 2556 1039 2610 aut
1060 2545 1129 2610 filia
1180 2547 1416 2631 propemodum
1445 2557 1564 2616 natura
1592 2573 1653 2617 sua
1685 2554 1786 2630 exuit,
1819 2575 1861 2617 ne
1893 2552 1973 2635 quid
2007 2554 2162 2620 obstaculi

146 2645 224 2716 tua,
247 2646 307 2702 aut
335 2658 420 2702 uxor
441 2656 524 2720 quae
553 2637 660 2702 estin
682 2635 757 2700 sinu
779 2643 844 2714 tuo,
879 2644 937 2697 aut
958 2632 1128 2716 proximus
1180 2643 1332 2700 sanctum
1354 2656 1467 2700 eorum
1487 2636 1596 2701 zelum
1617 2647 1773 2703 moretur.
1819 2638 1889 2703 Our
1915 2649 1986 2703 tam
2008 2639 2161 2725 implaca-

147 2746 246 2808 qnem
278 2722 379 2789 habes
413 2722 506 2807 quasi
539 2723 683 2787 animam
712 2729 815 2800 tuam,
848 2726 974 2785 secreto
1006 2715 1127 2797 dicens,
1179 2719 1255 2785 bilis
1277 2722 1422 2805 exigitur
1444 2723 1613 2803 severitas,
1640 2724 1705 2789 nisi
1732 2733 1771 2788 ut
1792 2725 1933 2790 sciamus
1955 2747 2028 2790 non
2052 2725 2162 2791 haberi

147 2832 261 2876 eamus
284 2818 318 2874 ct
334 2809 517 2876 serviamus
537 2808 599 2874 diis
621 2807 746 2886 alienis,
769 2826 850 2889 quos
872 2804 1127 2886 nectunovisti‚
1181 2826 1279 2871 suum
1300 2807 1373 2873 Deo
1407 2807 1574 2888 honorem,
1607 2810 1671 2875 nisi
1705 2831 1788 2893 quae
1810 2810 1861 2874 illi
1883 2810 2028 2876 debetur
2060 2813 2161 2895 pietas

146 2918 207 2962 nec
241 2904 352 2979 patres
387 2896 450 2960 tui:
464 2897 489 2970 ¹)
521 2916 587 2959 non
622 2893 807 2976 acquiesces
841 2892 885 2968 ci,
919 2910 981 2955 nec
1015 2888 1128 2954 audies
1153 2938 1155 2943 -
1180 2891 1334 2957 humanis
1374 2893 1537 2959 omnibus·
1563 2895 1677 2961 officiis
1722 2898 1916 2978 praefertur,
1964 2905 2001 2961 et
2039 2899 2160 2982 quoties

146 3004 231 3061 eum,
267 3005 333 3046 non
366 2988 478 3065 parcet
499 2982 530 3045 ei
551 2979 665 3046 oculus
687 2990 774 3058 tuus,
809 2999 870 3043 neo
903 2977 934 3042 ei
966 2976 1127 3059 propitius
1153 2962 1156 3041 1
1180 2978 1356 3043 asserenda
1374 2988 1425 3044 est
1447 2982 1517 3045 eius
1538 2980 1652 3064 gloria,
1681 2982 1916 3065 propemodum
1938 3004 1983 3047 ex
2007 2985 2160 3050 memoris

146 3070 210 3133 erit
231 3078 270 3132 ut
291 3067 433 3134 occultes
455 3088 540 3131 eum.
563 3065 655 3147 Quin
675 3068 786 3149 potius
808 3060 985 3130 occidendo
1002 3059 1128 3126 occides
1153 3046 1156 3103 ¹
1180 3072 1295 3129 nostra
1317 3062 1443 3130 deletur
1470 3075 1587 3131 mutua
1614 3068 1702 3132 inter
1726 3089 1786 3132 nos
1809 3069 2025 3135 humanitas?
2071 3066 2159 3135 Adde

147 3176 231 3233 eum,
265 3163 297 3218 ot
330 3174 448 3218 manus
480 3159 537 3217 tua
570 3153 678 3235 prima
700 3152 744 3217 sit
766 3149 918 3215 utillum
940 3148 1127 3225 interficiat,
1153 3150 1269 3232 166611
1303 3148 1418 3215 eadem
1450 3173 1557 3234 poena
1578 3153 1676 3236 paulo
1697 3163 1771 3236 post
1793 3155 1941 3237 integras
1964 3155 2068 3221 urbes
2089 3177 2158 3223 oon·

147 3239 265 3306 deinde
287 3259 405 3304 manus
427 3239 530 3302 totius
548 3239 673 3322 populi:
709 3238 874 3321 opprimes
907 3245 1019 3300 autem
1051 3254 1127 3298 eum
1146 3234 1156 3279 -'
1182 3236 1329 3319 stringit:
1375 3235 1414 3302 si
1437 3237 1580 3303 audieris
1603 3240 1637 3303 in
1659 3260 1726 3303 una
1749 3241 1880 3305 urbium
1903 3248 2051 3322 tuarum,
2086 3262 2158 3326 quas

145 3325 312 3410 lapidibus
334 3325 436 3390 donec
458 3326 618 3389 moriatur
640 3323 753 3403 (Dout.
782 3327 830 3401 13,
854 3330 871 3385 6·
896 3330 1010 3404 seqq).
1039 3320 1129 3384 Eant
1153 3390 1156 3401 ,
1181 3320 1240 3385 tibi
1262 3323 1428 3387 Dominus
1456 3323 1498 3388 ad
1528 3325 1744 3390 habitandum
1773 3325 1872 3404 dabit,
1907 3347 2062 3410 egressos
2094 3347 2158 3393 esse

144 3434 242 3489 nunc,
266 3419 299 3476 et
322 3409 524 3475 crudelitatis
544 3412 655 3475 Deum
678 3418 842 3487 accusent,
877 3408 995 3491 quibua
1022 3406 1128 3470 instar
1153 3412 1156 3441 ¹
1180 3407 1265 3471 filios
1288 3408 1395 3473 Belial
1428 3410 1576 3474 emedio
1599 3413 1657 3489 tui,
1692 3419 1725 3475 6ι
1747 3416 1904 3477 avertisse
1927 3413 2056 3479 incolas
2076 3412 2157 3479 urbis

145 3497 228 3562 levis
250 3505 283 3561 et·
300 3497 439 3563 venialis
460 3495 570 3562 delicti
593 3506 644 3560 ost
666 3518 686 3560 a
706 3517 791 3578 pura
812 3492 876 3559 fide
899 3502 933 3558 et
950 3493 1014 3557 Dei
1038 3491 1129 3557 cultu
1153 3452 1156 3607 Ι
1181 3514 1269 3571 suae,
1302 3494 1450 3561 dicendo:
1492 3517 1614 3575 eamus,
1654 3504 1689 3561 et
1717 3498 1899 3562 serviamus
1932 3497 1999 3564 diis
2032 3500 2156 3565 alienis:

148 3587 223 3660 [pag.
237 3587 291 3661 29]
313 3580 458 3648 defectio.
504 3581 690 3659 Caeterum,
725 3590 903 3663 antequam
937 3580 1025 3644 ultra
1053 3599 1128 3660 pro-
1153 3610 1156 3663 3
1180 3600 1301 3662 quaere
1320 3581 1466 3660 sollicite,
1484 3594 1518 3646 et
1530 3582 1705 3666 diligenter
1716 3584 1764 3647 roi
1776 3585 1915 3649 veritato
1926 3585 2154 3668 perspectasi

146 3667 326 3753 gredimur,
361 3665 426 3732 duo
454 3677 568 3732 notare
596 3688 714 3749 operae
743 3668 886 3748 pretium
908 3676 966 3730 est.
1011 3667 1128 3748 Neque
1153 3674 1155 3765 1
1180 3666 1347 3732 inveneris
1366 3688 1477 3732 veram
1497 3688 1567 3734 esse
1585 3670 1717 3746 famam,
1736 3671 1849 3733 statim
1862 3673 2029 3751 percuties
2042 3672 2155 3738 incolas

147 3755 236 3818 enim
255 3753 458 3837 religionem,
488 3753 722 3836 qualiscunque
744 3751 879 3816 tandem
901 3751 952 3829 sit,
987 3762 1055 3815 tam
1077 3773 1128 3816 se·
1153 3770 1156 3815 ι
1180 3749 1271 3815 urbis
1304 3751 1393 3817 illius
1415 3753 1451 3817 in
1473 3775 1529 3818 ore
1551 3753 1661 3837 gladii,
1696 3755 1875 3820 etdolebis
1898 3777 1984 3835 eam,
2009 3766 2154 3842 atquae

146 3862 224 3905 vere
247 3848 430 3914 conservat,
465 3860 502 3904 ao
525 3840 639 3916 sancit,
673 3837 730 3903 sed
752 3858 850 3920 quam
872 3837 972 3901 verbo
996 3859 1054 3901 suo
1076 3839 1127 3900 16-
1153 3828 1156 3891 l
1181 3858 1309 3919 cunque
1321 3839 1356 3902 in
1373 3860 1413 3903 ea
1424 3848 1501 3905 sunt
1511 3861 1614 3922 usque
1626 3840 1666 3904 ad
1679 3862 1804 3922 pecora.
1829 3839 2083 3924 supellectilem
2095 3845 2154 3908 eius

146 3927 309 3992 stituerat.
355 3922 486 3989 Deinde
519 3923 728 4008 lapidationis
762 3944 900 4006 poenam
932 3924 967 3986 in
997 3938 1127 3988 exteros
1153 3896 1156 3991 1
1179 3924 1395 4007 congregabis
1417 3934 1450 3989 et
1471 3947 1599 4003 exures,
1633 3936 1670 3990 ut
1697 3926 1873 3992 anathema
1895 3929 1938 3991 sit
1973 3928 2090 4010 (Dent.
2114 3932 2153 4004 13,

145 4034 214 4077 non
235 4010 342 4085 edicit,
366 4009 425 4076 sed
447 4011 505 4094 qui
527 4009 610 4093 legis
630 4010 812 4074 doctrinam
832 4010 980 4092 professi,
1004 4008 1128 4092 perfide
1153 4014 1156 4099 1
1184 4013 1312 4088 1266).
1357 4010 1500 4075 Videant
1528 4012 1584 4076 isti
1606 4012 1841 4090 misericordes,
1874 4035 1956 4096 6666
1991 4024 2154 4099 tantopere

146 4099 187 4164 ab
210 4118 249 4162 ea
277 4096 485 4163 desciverint
531 4096 584 4159 Ita
617 4095 745 4160 tollitur
778 4095 1344 4201 611666166666ι661-1161666166
1376 4097 1554 4162 haereseon
1585 4097 1717 4163 lieentia
1750 4099 1901 4177 delectat,
1942 4121 2046 4182 quam
2079 4101 2154 4165 male

146 4193 197 4250 tos
219 4184 389 4266 imperitos
411 4183 505 4260 fallit,
529 4181 607 4246 dum
629 4189 784 4246 metuunt
805 4202 847 4245 ne
869 4181 932 4245 hoc
954 4190 1128 4264 praetextu
1180 4181 1241 4246 sibi
1265 4184 1440 4247 conveniat
1461 4203 1536 4247 oum
1554 4183 1619 4248 Dei
1641 4184 1803 4249 mandato.
1828 4185 1879 4248 Ne
1902 4187 2078 4252 ecclesiam
2100 4186 2154 4251 Dei

145 4269 188 4334 ad
222 4268 436 4334 saeviendum
467 4275 638 4333 armentur
670 4288 775 4351 papae
806 4268 984 4332 carnifices.
1039 4268 1127 4332 Nam
1180 4265 1373 4334 immodicus
1395 4270 1484 4352 rigor
1502 4270 1648 4347 infamet,
1677 4269 1803 4334 vellent
1834 4271 1869 4334 in
1893 4273 1996 4338 unius
2019 4273 2154 4338 hominis

147 4357 175 4422 si
210 4355 374 4420 Dominus
407 4355 525 4438 populo
564 4375 623 4418 suo
656 4362 781 4418 certam
813 4353 943 4435 pietatis
976 4353 1127 4437 regulam
1180 4354 1322 4436 gratiam
1344 4355 1462 4437 impios
1484 4376 1611 4421 errores
1633 4357 1768 4438 impune
1791 4358 1950 4439 grassari:
1982 4360 2078 4425 Deus
2106 4380 2154 4423 au·

146 4449 222 4506 ante
262 4441 417 4524 patefecit
449 4461 549 4523 quam
587 4441 700 4522 poenis
739 4437 914 4504 subiiceret
946 4448 1124 4521 apostatas:
1180 4447 1248 4502 tem
1270 4461 1312 4503 ne
1332 4441 1411 4504 totis
1433 4440 1565 4524 quidem
1587 4442 1717 4524 populis
1739 4443 1894 4524 ignoscit:
1928 4444 2079 4511 funditus
2107 4443 2154 4509 de

168 4529 297 4592 uisnam
330 4527 521 4591 mortalium
555 4546 686 4591 sumere
718 4525 780 4590 hoo
812 4523 874 4590 sibi
909 4525 1050 4604 audebit,
1090 4532 1128 4589 ut
1179 4523 1239 4587 leri
1262 4524 1354 4589 iubet
1376 4527 1482 4605 urbes,
1517 4537 1549 4592 et
1575 4547 1690 4591 aarum
1713 4527 1837 4592 aboleri
1859 4532 2064 4608 memoriam,
2097 4542 2154 4595 tro

146 4549 314 4678 doctrinae
335 4634 440 4697 genus
463 4633 522 4677 suo
545 4612 598 4677 vel
626 4611 762 4677 alterius
790 4610 928 4676 arbitrio
951 4613 1126 4677 confictum
1179 4610 1287 4691 phaea
1320 4611 1459 4694 denique
1492 4615 1573 4697 erigi
1605 4615 1642 4677 in
1675 4614 1807 4697 signum
1841 4619 2088 4693 exsecrationis,
2120 4637 2155 4680 66

147 4697 256 4781 gladio
279 4706 313 4763 et
334 4699 447 4781 poenis
470 4697 618 4764 sanciat?
663 4698 754 4781 Ergo
777 4719 844 4761 666
864 4717 949 4780 vaga
976 4704 1009 4761 et
1031 4717 1128 4762 caeca
1181 4703 1283 4760 totam
1304 4704 1427 4761 terram
1450 4708 1586 4782 occupet
1613 4700 1772 4783 contagio,
1807 4720 1844 4765 ac
1880 4706 1955 4778 [pag.
1981 4707 2035 4782 31]
2069 4703 2154 4767 dissi·

147 4791 307 4866 potestate
329 4786 523 4849 instruimus
544 4784 767 4868 magistratus,
801 4792 839 4847 ut
868 4804 981 4847 eorum
1003 4783 1127 4866 praesi-
1180 4782 1317 4846 mulatio
1349 4784 1421 4866 ipsa
1442 4785 1575 4851 sceleris
1608 4787 1651 4850 sit
1683 4807 1721 4850 ac
1750 4785 1866 4869 culpae
1899 4787 2048 4854 sociatas.
2093 4789 2153 4853 Neo

1181 4942 1286 4949 —--
1291 4943 1386 4950 -—-—-

218 5004 247 5069 l)
267 5004 340 5058 Add.
368 5004 440 5061 O’est
458 5009 474 5059 a
492 5008 581 5060 savoir
598 5006 638 5060 les
657 5005 738 5060 dieux
762 5005 811 5059 des
828 5004 943 5074 peuples
967 5007 1012 5074 661
1031 4976 1129 5061 senta
1251 5006 1279 5071 1)
1299 5007 1432 5062 Pourtant
1456 5024 1524 5062 ceux
1542 5010 1599 5076 qui,
1624 5023 1688 5063 sous
1707 5009 1819 5062 couleur
1836 5009 1870 5063 de
1890 5011 1990 5079 garder
2013 5012 2038 5066 16
2057 5012 2150 5066 servire

147 5072 277 5128 l'environ
296 5071 407 5154 dentoy,
431 5083 528 5168 rogent
545 5091 609 5143 pres
629 5092 664 5129 66
682 5075 738 5129 1616
756 5074 789 5128 de
809 5081 868 5143 toy,
892 5074 988 5143 depuis
1006 5092 1042 5129 66
1061 5076 1128 5130 bout
1181 5075 1215 5129 de
1233 5075 1302 5129 Dion
1321 5093 1422 5131 66666
1441 5083 1521 5146 estat,
1540 5086 1603 5132 sont
1621 5085 1790 5156 protecteurs
1809 5079 1857 5170 des
1870 5081 2068 5149 superstitious,
2086 5079 2150 5132 u’ont

148 5143 182 5196 de
200 5142 228 5196 la
246 5147 318 5196 terre
336 5141 441 5211 rusqu’l
458 5142 563 5198 lautre.
1181 5143 1288 5213 daquoy
1307 5161 1335 5199 66
1354 5145 1452 5200 datter.
1488 5145 1526 5200 lls
1545 5154 1593 5200 ont
1610 5146 1680 5200 beau
1699 5146 1755 5199 drre
1775 5162 1855 5214 6666
1873 5148 2028 5216 espandant
2044 5156 2089 5202 ete.
