4620 5894
145 227 210 293 699
1054 221 1259 291 SERVE'PI
2107 227 2163 289 799

142 415 274 499 strepitis.
318 414 389 479 Iuro
410 434 520 496 scopus
547 414 617 478 eius
643 416 697 492 est,
731 411 889 477 sublatam
922 431 989 477 esse
1020 411 1126 495 lepem,
1179 432 1246 477 esse
1273 409 1438 477 sublatum.
1496 411 1571 477 Nur
1599 410 1776 494 deoatopum
1807 412 1843 477 iu
1877 411 2004 477 tabulis
2035 412 2164 495 lapideis

143 507 180 567 ut
200 500 294 565 iuitio
315 501 431 580 eapitis
445 499 629 581 praemittit,
662 496 757 581 lepuu
776 498 915 579 decalopi
936 516 1057 578 semper
1080 499 1128 562 iu·
1152 542 1155 549 .
1180 498 1258 563 dabo
1281 498 1374 576 uobis,
1396 498 1501 578 iuquit
1520 497 1618 576 Deus,
1651 498 1706 562 sad
1737 498 1773 561 iu
1800 497 1922 563 tabulis
1949 498 2059 565 cordis
2076 498 2164 579 tidem

144 588 294 670 tebipeus,
317 587 403 652 etde
425 606 462 649 ea
483 584 657 666 eeeruplum
678 584 768 649 daus.
798 582 854 648 Eu
876 585 939 666 lupe
961 585 1027 663 illa,
1047 564 1155 648 39999Ι
1184 582 1313 649 Gliristi.
1370 582 1459 649 Haeo
1495 583 1561 665 fuit
1592 583 1775 665 pauiseurdi
1809 583 1956 668 suueuia
2000 588 2075 663 [pag.
2094 589 2164 664 645]

144 694 185 738 eu
207 671 417 750 9999999993,
448 670 536 735 uobis
562 690 644 734 uuue
672 675 814 750 superest
834 670 1019 752 spiritualis
1030 672 1053 746 1)
1075 690 1128 733 ra-
1152 630 1155 709 l
1180 669 1282 734 Euod.
1306 674 1359 748 19,
1380 673 1430 733 20
1451 674 1481 733 99
1500 669 1594 734 Deut.
1619 672 1649 733 5.
1697 668 1791 734 Deus
1807 670 1986 749 promittit,
2008 670 2084 736 illos
2102 670 2165 752 fore

145 759 313 824 tioeiuatio.
361 755 509 839 Superest
528 757 659 838 capuitio
687 755 807 835 impleti
827 756 977 838 mysterii,
1012 760 1040 818 et
1061 774 1127 839 999-
1179 755 1242 821 sibi
1258 754 1425 835 populum,
1447 755 1477 819 si
1495 776 1533 820 ea
1549 755 1651 819 decem
1667 754 1760 819 uerba
1776 754 1909 837 saciant.
1934 754 2004 820 Illi
2021 778 2060 821 ea
2077 756 2164 823 verba

144 845 224 909 uitio
252 844 386 925 pucati:
419 862 516 923 quam
549 843 644 907 etioom
670 842 870 925 eopuitiouem
896 841 1071 905 uberiorem
1092 841 1128 905 iu
1180 862 1213 906 se
1233 841 1373 923 fereturos
1394 841 1551 921 recipiunt
1572 842 1812 923 etpromittuut.
1856 841 1941 907 Eue
1962 841 2087 923 foedus.
2125 842 2165 907 Id

145 930 236 996 uobis
254 929 334 1010 faeit
354 948 437 992 9999
455 928 591 1008 spiritus
616 933 744 993 sauctus
764 926 986 992 uniuersaliter
1007 926 1126 1005 doeeus,
1180 928 1286 1007 ipsum
1306 926 1417 1008 foedus
1443 932 1489 990 est
1514 931 1622 1008 postea
1648 927 1821 1007 repetitum,
1855 932 1885 992 et
1916 928 1969 991 ita
2002 948 2075 994 eum
2100 927 2163 994 Deo

145 1016 253 1082 99999
283 1035 377 1095 opera
404 1015 511 1079 carreis
539 1034 605 1078 esse
628 1018 765 1095 peecata.
812 1013 884 1077 Nou
914 1012 1016 1077 solum
1050 1010 1127 1095 lepis
1174 1013 1296 1095 pepipit
1315 1011 1457 1095 populus
1484 1012 1578 1077 Deut.
1607 1016 1671 1091 29,
1701 1010 1880 1091 1939924,
1909 1014 2025 1095 quarti
2049 1013 2164 1097 Repum

145 1102 236 1167 illitu
257 1101 392 1182 scriptae
414 1100 479 1164 vim
500 1105 529 1164 et
550 1100 659 1181 lupum
680 1098 807 1164 sustulit
831 1097 991 1163 Gloristus:
1024 1098 1128 1162 sedet
1179 1103 1242 1179 23,
1263 1098 1393 1163 secundi
1415 1098 1562 1178 Paralip.
1584 1102 1644 1177 29,
1669 1102 1715 1161 34
1742 1099 1958 1181 etplerisque
1985 1100 2066 1165 aliis
2086 1101 2162 1167 bes.

144 1192 252 1254 eontra
273 1186 369 1269 lepore
389 1185 470 1249 bam
497 1186 626 1267 peceati,
658 1206 737 1266 9999
763 1189 808 1249 est
828 1184 977 1248 membris
1008 1183 1128 1247 uostris
1152 1258 1155 1275 Ι
1180 1183 1249 1249 Hae
1281 1183 1382 1249 decem
1414 1184 1575 1247 verborum
1606 1184 1726 1264 foedus,
1759 1184 1865 1266 iuquit
1885 1184 1991 1265 Deus,
2018 1187 2163 1269 pepipi1)

144 1273 266 1351 iurata,
299 1272 441 1338 validum
467 1271 554 1335 dedit
584 1270 835 1351 mortificationis
866 1271 1002 1352 spiritus
1034 1267 1127 1333 9999-
1152 1280 1155 1289 ·
1179 1289 1250 1334 eum
1266 1270 1417 1351 patribus
1437 1270 1560 1348 vestris,
1595 1270 1710 1349 diceus,
1744 1270 1901 1335 ambulate
1932 1271 1971 1336 iu
1987 1273 2163 1352 praeceptis

144 1358 231 1424 liuor.
284 1357 346 1423 Vos
373 1358 455 1421 iuter
483 1356 542 1421 bas
563 1357 647 1421 duas
673 1356 761 1439 lepes,
795 1357 890 1438 99999
921 1354 1126 1420 oriembrorum
1178 1357 1266 1435 meis,
1295 1360 1324 1419 et
1344 1374 1396 1418 ero
1418 1354 1510 1420 Deus
1529 1360 1629 1420 vester
1650 1356 1728 1432 (Ier.
1754 1361 1775 1418 7
1797 1361 1825 1420 et
1849 1362 1919 1435 11).
1975 1357 2047 1423 Hae
2069 1363 2163 1423 andem

144 1445 298 1517 iuratam,
321 1449 350 1508 et
370 1443 465 1526 lepem
486 1442 705 1506 mandatorum
726 1442 973 1523 superadditum,
995 1441 1041 1503 ibi
1063 1460 1127 1504 999
1176 1441 1289 1522 foedus
1318 1441 1475 1506 sublatum
1508 1442 1593 1505 docet
1620 1442 1705 1505 idem
1732 1441 1889 1507 Ierunias
1916 1444 2003 1508 dioto
2031 1463 2103 1524 eap.
2123 1448 2163 1509 31

144 1530 339 1597 discerpitis:
359 1549 459 1611 puum
479 1526 605 1593 Paulus
627 1528 670 1593 ibi
688 1528 853 1607 9993999999,
872 1528 1005 1592 alterum
1022 1526 1127 1590 diceus
1178 1532 1205 1591 et
1227 1526 1385 1606 apostolus
1407 1526 1501 1611 (Heb.
1525 1533 1570 1604 6).
1617 1526 1659 1591 Id
1688 1528 1794 1607 ipsum
1815 1529 1850 1592 in
1871 1529 1995 1594 tabulis
2017 1532 2162 1612 scupus

144 1616 237 1681 alteri
269 1616 476 1681 eontrarium:
507 1613 639 1679 alteru-m
666 1634 835 1695 superesse,
863 1614 995 1678 meum
1022 1610 1126 1676 subla·
1177 1613 1297 1695 foedus,
1326 1614 1408 1693 quod
1429 1612 1480 1677 illi
1499 1633 1533 1677 se
1553 1618 1731 1677 servaturos
1747 1615 1974 1695 praemiserant,
2010 1616 2163 1683 munau

144 1706 211 1767 tam
249 1706 324 1779 [pag.
346 1704 422 1778 944]
462 1720 535 1763 9339.
600 1700 740 1764 Pessime
777 1720 848 1783 erpo
881 1719 935 1763 uos
974 1696 1127 1763 99999999-
1178 1697 1619 1783 doeetEeeebiel(oap.16).
1644 1698 1744 1764 Sieu
1766 1700 1829 1783 lepe
1849 1721 1906 1766 uos
1929 1721 2018 1767 9999
2040 1703 2078 1767 iu
2098 1720 2162 1767 suu

145 1788 197 1866 tis,
220 1786 360 1852 Paulum
380 1786 479 1851 temeri
501 1787 567 1865 9999
588 1786 819 1865 uieioodatorum,
852 1784 987 1865 eoquod
1009 1782 1127 1847 teueba·
1178 1784 1311 1866 recipiat
1332 1782 1424 1848 Deus
1445 1805 1479 1849 eo
1500 1786 1573 1869 iupo
1594 1785 1701 1866 pressi
1736 1786 1885 1851 similiter
1912 1789 2112 1867 periremus,
2139 1790 2161 1853 d

145 1878 197 1937 tur
217 1872 280 1956 lepe
301 1872 517 1937 merrebrorum.
567 1870 618 1935 Ab
651 1870 709 1936 bae
736 1890 799 1935 uou
824 1874 951 1950 poterat
984 1869 1125 1948 liberari,
1179 1889 1316 1935 essemus
1335 1870 1392 1934 sub
1413 1870 1583 1936 orralediato.
1629 1870 1761 1936 Sublata
1783 1878 1827 1937 est
1848 1892 1921 1955 erpo
1944 1874 1999 1937 lese
2021 1874 2159 1956 decalopi.

144 1959 211 2023 uisi
226 1979 288 2038 per
305 1963 440 2037 mortem,
463 1958 502 2021 ub
522 1957 579 2021 illu
597 1957 748 2022 liberatus
768 1958 835 2020 iem
853 1961 920 2020 erat
934 1976 995 2037 per
1015 1954 1127 2022 Ciuis-
1181 1956 1254 2020 Nou
1275 1956 1333 2020 sub
1354 1976 1387 2020 eo
1407 1956 1529 2038 foedere
1549 1977 1604 2021 uos
1626 1960 1742 2034 oourre²)
1775 1960 1810 2022 iu.
1830 1979 1907 2023 suos
1930 1960 2050 2041 recipit
2072 1959 2159 2037 Duos,

143 2048 218 2108 tum.
264 2043 334 2109 Ima
357 2048 425 2107 999
452 2048 556 2117 ueorte,
592 2064 672 2124 puae
700 2042 884 2124 sopiebatur
912 2042 1007 2124 lepom
1033 2060 1126 2104 mem
1178 2043 1233 2106 sed
1253 2041 1316 2122 tide
1336 2042 1403 2107 sola
1425 2042 1501 2107 Iesu
1526 2042 1652 2121 Obristi,
1679 2042 1744 2122 filii
1771 2044 1883 2109 dilecti.
1933 2045 2160 2110 Testamentum

145 2130 280 2195 broroem
314 2150 347 2193 se
376 2129 423 2193 uit
452 2131 519 2193 iam
541 2128 706 2193 liberatum
733 2149 794 2209 per
819 2128 994 2206 Gloristum,
1026 2132 1062 2190 ut
1082 2125 1127 2188 ibi
1178 2128 1341 2192 seruitutis
1372 2134 1457 2193 99999
1482 2128 1606 2193 Paulus
1634 2129 1820 2213 eleusippum,
1859 2130 1893 2193 iu
1919 2129 2019 2195 Sinai
2052 2133 2159 2209 dutum,

145 2217 303 2295 subnectit,
325 2215 354 2279 ei
374 2216 498 2299 pretias
520 2235 624 2297 99993,
652 2219 680 2277 et
707 2215 828 2279 rudiam
849 2215 883 2278 iu
905 2234 939 2277 39
960 2232 1024 2276 9339
1045 2230 1128 2276 9999
1179 2218 1207 2278 et
1242 2234 1323 2278 9999
1354 2214 1513 2279 sublatum
1545 2215 1667 2293 (Galat.
1692 2220 1737 2291 4).
1790 2215 1885 2280 Niliil
1918 2217 1966 2280 ad
1993 2219 2159 2300 perfeetum

145 2302 429 2368 couduuuatiouem
456 2300 602 2381 infereus.
654 2299 790 2365 Ratione
817 2300 896 2383 lepis
922 2299 1128 2362 orrerrobrorum
1179 2301 1271 2364 duxit
1301 2300 1351 2364 leo:
1376 2300 1437 2365 illa
1465 2301 1609 2384 deuilopi,
1643 2306 1687 2365 est
1714 2301 1813 2385 ipitur
1839 2302 2007 2385 abrepata,
2041 2310 2158 2387 propter

148 2389 252 2455 dicere
272 2388 310 2451 de
330 2407 364 2451 se
385 2388 454 2467 ipso
471 2387 591 2467 potuit:
616 2385 704 2466 Quod
725 2386 803 2465 siolo,
826 2385 880 2450 boa
900 2386 993 2466 facio,
1023 2383 1128 2447 999993
1178 2386 1423 2453 imbecillitatem
1453 2392 1483 2453 99
1515 2387 1716 2452 irudilitatem
1750 2388 1842 2465 (Heb.
1871 2394 1917 2466 7).
1978 2392 2101 2471 Qroaeso
2130 2394 2158 2465 te,

145 2472 356 2553 aoromopiseue
378 2472 563 2551 eoooeupiseo.
604 2471 713 2535 09993
736 2472 791 2535 illa
807 2492 920 2553 pupua
942 2471 977 2533 iu
999 2470 1129 2550 ipsomet
1179 2472 1319 2553 eosqui
1346 2490 1386 2537 99
1411 2474 1556 2557 partibus
1577 2474 1645 2538 uati
1665 2494 1786 2553 suuous,
1818 2479 1848 2538 et
1881 2474 2073 2540 vivebamus
2102 2477 2159 2540 sim

148 2558 252 2624 Paulo
273 2558 422 2623 seribeute
443 2557 542 2620 loeium
563 2556 699 2634 babebat,
733 2558 764 2621 si
798 2558 948 2621 rationem
977 2555 1054 2638 lepis
1083 2555 1128 2619 ibi
1179 2558 1250 2641 Iope,
1278 2556 1404 2639 quaudo
1423 2558 1617 2624 intravimus
1644 2560 1679 2623 iu
1701 2562 1795 2643 lepem
1819 2559 1956 2625 Masis?
2004 2564 2062 2627 Au
2082 2562 2157 2642 tides,

146 2645 280 2709 iudueas
302 2648 407 2708 aorotra
429 2644 523 2724 lepem
544 2642 752 2707 membrorum
779 2644 813 2706 iu
841 2643 909 2723 ipso
927 2645 1126 2724 pupuautem.

147 2729 217 2795 Hoo
237 2730 283 2793 ibi
303 2730 391 2809 obest,
413 2729 496 2812 quod
513 2730 567 2807 ait,
590 2732 625 2793 iu
643 2730 712 2808 ipso
730 2734 856 2793 mortem
871 2728 954 2809 fieri,
976 2732 1003 2791 et
1020 2728 1129 2807 ¹ips-um
1152 2800 1155 2813 ,

147 2816 252 2881 ouidi.
315 2816 490 2895 Numquam
522 2816 606 2879 euim
632 2818 706 2895 post
737 2816 999 2897 reperieratiouem
1032 2818 1076 2877 est
1108 2820 1155 2879 at

148 2907 245 2967 morte
273 2902 393 2966 oeeisus
416 2900 551 2980 Paulus,
585 2902 787 2981 9999999993
816 2899 925 2982 feeerit
956 2898 1128 2978 elipuumlo
1315 2898 1549 2967 EPISTOLA
1570 2900 1801 2968 VIOESIMA
1823 2901 2037 2984 QUARTA.

144 2989 231 3071 faeta
275 2988 317 3051 ad
362 2992 486 3052 99999999
530 2987 692 3053 teudeutia.
766 2986 916 3052 Praestat
961 2984 1019 3050 illa
1065 2984 1129 3049 diei

146 3075 183 3139 iu
229 3073 367 3138 aliorum
398 3093 555 3156 persone,
595 3093 690 3154 quam
729 3073 764 3135 iu
805 3092 838 3138 se
876 3072 1047 3153 trausferre
1085 3074 1130 3134 est
1270 3072 1373 3152 Quom
1394 3074 1561 3155 superiora
1583 3074 1620 3139 ele
1643 3075 1710 3139 ¹iura
1735 3075 1860 3155 sepulta
1881 3081 1912 3140 et
1934 3077 2088 3161 abroyata
2107 3078 2158 3159 9999

148 3158 252 3226 Paulo
290 3159 463 3240 peculiare.
474 3161 501 3234 ²)
570 3158 661 3238 Item,
706 3160 783 3239 9999
821 3163 856 3222 ut
894 3158 931 3222 de
970 3156 1046 3221 aliis
1086 3156 1128 3220 lo·
1180 3158 1358 3241 eolliperem,
1385 3164 1413 3222 et
1435 3161 1629 3243 9999999999
1650 3162 1685 3224 iu
1706 3160 1835 3225 sublimi
1856 3163 2057 3243 collocarem,
2079 3185 2114 3229 ue
2131 3168 2158 3226 tu

146 3250 264 3328 999993
285 3247 328 3311 ad
353 3243 556 3311 Cbristieuos
587 3245 750 3309 reuertitur
771 3245 863 3309 iuitio
884 3244 999 3327 eapitis
1021 3242 1127 3320 astari,
1179 3249 1319 3324 terimam
1340 3246 1417 3328 lepis
1438 3250 1466 3309 et
1492 3247 1644 3330 eoerupelii
1670 3248 1799 3311 siroistre
1819 3249 2014 3329 corifuudas,
2049 3249 2157 3315 obiectio

146 3332 269 3397 9999993.Ι
310 3330 404 3395 Nilo-il
434 3352 504 3413 erpo
535 3351 617 3395 9999
648 3331 862 3396 dauruatiouis
893 3335 939 3395 est
969 3329 1059 3393 orabis
1079 3328 1128 3391 iu-
1152 3360 1155 3417 9
1180 3329 1247 3394 alia
1269 3332 1421 3395 diluenda
1429 3335 1457 3407 3)
1475 3352 1541 3396 3939
1557 3332 1671 3396 obtulit.
1699 3333 1831 3397 Arctum
1848 3335 1980 3398 ridet-ur
1999 3356 2068 3401 esse
2083 3334 2158 3399 uobis

146 3419 218 3482 sitis
227 3417 255 3501 ³)
293 3415 423 3483 Christo
447 3417 529 3495 Iesu,
562 3437 633 3480 aero
656 3417 807 3481 libertatis
828 3415 984 3493 assertori,
1019 3415 1073 3495 pui
1107 3435 1128 3476 9
1152 3448 1155 3455 ·
1179 3418 1299 3498 999999,
1333 3422 1367 3480 ut
1390 3416 1531 3496 Iudaeis,
1565 3439 1660 3498 quum
1690 3419 1773 3483 (licat
1796 3418 1961 3495 Christus,
1998 3443 2065 3487 9339
2086 3420 2158 3485 riobr's

147 3502 210 3585 lepe
232 3503 376 3585 deeulopi,
398 3523 479 3584 puae
499 3508 567 3567 erat
588 3504 638 3568 leo
655 3503 772 3582 9999999
794 3508 822 3567 99
843 3503 960 3579 retortis,
982 3521 1038 3564 uos
1056 3500 1128 3565 libe·
1180 3508 1299 3566 aretam
1321 3504 1415 3567 eiam.
1463 3504 1636 3585 Praecepta
1652 3505 1847 3587 difficiliora,
1870 3527 1972 3587 qua-m
1995 3511 2114 3588 999νὲ99
2130 3507 2157 3569 iu

147 3608 201 3654 ros
233 3589 378 3653 reddidit.
433 3588 561 3653 Etenim
583 3591 663 3671 quod
702 3590 752 3652 999
783 3589 842 3653 illa
868 3593 1035 3668 praestare
1067 3605 1128 3649 999
1151 3608 1155 3665 p
1179 3589 1250 3671 lepe,
1277 3586 1422 3653 09993993
1443 3590 1530 3654 uobis
1545 3593 1756 3674 praescripsit
1778 3590 1911 3675 (Mattio.
1938 3600 1985 3665 5).
2030 3594 2157 3676 Scriptus

143 3678 274 3755 poterat,
308 3677 375 3754 ipso
396 3675 569 3754 praestitit,
601 3676 696 3757 199999
717 3675 823 3755 ipsam
844 3694 901 3738 993
922 3675 1128 3737 destruentem
1151 3668 1155 3717 ¹
1179 3695 1249 3756 erpo
1283 3680 1326 3739 est
1360 3675 1406 3740 ibi
1438 3676 1526 3741 uobis
1551 3676 1785 3759 eli-iroprapbus.
1842 3677 2068 3759 [inpossibilis
2099 3682 2156 3744 tue

148 3759 263 3825 tollens.
306 3760 399 3825 Adde
421 3761 523 3825 adlme
544 3761 646 3825 loeruu
667 3781 774 3839 arerem,
808 3765 843 3823 ut
864 3760 987 3823 oooueiuo
1005 3778 1127 3839 999993-
1180 3760 1351 3825 obseruatio
1372 3766 1407 3825 ut
1429 3761 1569 3841 1999993,
1592 3768 1619 3826 99
1638 3765 1846 3846 trarrspressio
1868 3761 2003 3831 simdis.
2044 3768 2156 3832 (irruam

147 3865 210 3925 aas,
233 3846 370 3929 deeulopi
396 3846 491 3928 lepem
518 3866 601 3910 uuita
629 3866 694 3910 esse
721 3845 886 3911 sublatam.
922 3843 1049 3909 Foedus
1066 3844 1128 3907 iui-
1176 3851 1346 3928 pestoreet
1373 3849 1515 3913 omuibus
1536 3850 1730 3928 reuuouiare,
1765 3870 1866 3913 99999
1897 3853 2019 3933 prae-ia
2041 3858 2155 3916 surdae

147 3936 215 3996 tum
253 3952 323 3997 oum
360 3931 519 4012 patribus,
554 3933 680 4014 quaudo
718 3932 952 4015 eprodiebautur
992 3931 1029 3995 de
1064 3930 1126 3993 Ao·
1179 3933 1287 3996 dor-ra?
1310 3932 1880 4017 1993999999,999999999993999
1903 3939 2156 4018 carnisumis

146 4024 247 4101 99999,
277 4017 435 4082 sublatum
456 4019 538 4083 docet
560 4018 714 4082 Ieremias
735 4037 801 4099 cap.
826 4023 880 4081 31.
940 4017 1003 4080 Hae
1025 4022 1126 4080 eutem
1179 4019 1215 4081 iu
1236 4019 1322 4083 uobis
1344 4020 1411 4101 apit
1433 4021 1568 4101 spiritus
1593 4019 1713 4086 Clu-isti
1734 4028 1807 4099 [pag.
1829 4028 1908 4101 649]
1932 4026 2028 4087 carisi
2050 4027 2085 4089 iu
2104 4042 2155 4086 orr·

146 4104 212 4186 fuit
231 4105 341 4185 foedus
363 4104 507 4186 decalopi.
572 4104 730 4170 Scribit-ur
751 4105 833 4168 euim
856 4112 886 4167 3.
911 4102 985 4186 Itep.
1011 4106 1032 4165 8
1054 4108 1128 4165 ue
1179 4104 1272 4168 roibios
1299 4105 1459 4184 aduersus,
1492 4112 1520 4170 et
1551 4127 1676 4171 carrum
1708 4108 1911 4186 ruortitioaus.
1972 4109 2074 4193 Carrei
2104 4126 2154 4172 uou

150 4188 271 4271 Purap.
299 4199 320 4254 b·
351 4191 435 4271 puod
464 4192 499 4255 iu
528 4211 604 4257 area
626 4196 693 4256 erat
714 4191 825 4271 foedus
846 4191 960 4254 -iuituru
982 4208 1051 4253 erem
1067 4210 1129 4269 pa·
1178 4190 1279 4254 solum
1297 4197 1343 4255 939
1361 4196 1449 4256 errata
1466 4198 1495 4256 et
1512 4192 1656 4274 difficilis
1673 4191 1748 4258 leaeo
1764 4195 1818 4257 oia
1835 4196 1988 4274 spiritus,
2008 4198 2064 4262 sed
2072 4197 2153 4261 etiam

146 4276 257 4354 tribus,
280 4276 403 4357 quaudo
426 4277 660 4359 eprediebautur
676 4279 714 4343 de
734 4277 884 4357 Aepppto,
906 4275 1021 4339 scilieet
1039 4275 1127 4339 99999-
1178 4276 1392 4358 impossibilis,
1415 4280 1496 4342 sieut
1516 4280 1562 4342 ait
1585 4277 1753 4353 Cleristus:
1791 4286 1951 4360 (99999999
1974 4284 2103 4355 iutrare,
2131 4281 2153 4340 et

147 4360 244 4445 lopus
290 4362 375 4426 Hirro
397 4362 554 4427 dicebatur
577 4383 653 4428 area
673 4363 816 4443 foederis,
839 4362 963 4426 tabulae
982 4361 1126 4443 foederis,
1178 4383 1239 4425 999
1256 4368 1412 4442 poterunt.
1460 4364 1564 4445 Quum
1586 4372 1689 4430 autem
1707 4367 1811 4448 fueris
1832 4367 2011 4449 iri-pressus,
2034 4368 2153 4449 spiritus

146 4447 248 4514 decem
269 4449 363 4513 uerba
383 4447 526 4529 foede-ris.
576 4450 630 4513 Ita
658 4449 764 4514 Moses
792 4448 919 4530 espault
943 4448 1062 4528 foedus,
1092 4447 1127 4511 id
1178 4449 1281 4512 reddit
1304 4450 1411 4513 aurisia
1431 4450 1552 4530 sutilia,
1575 4452 1680 4515 ourrria
1701 4452 1883 4527 ioeumla,⁴)
1907 4457 2020 4519 ouoroia
2043 4452 2150 4526 suaria,

148 4538 202 4612 est,
224 4535 325 4600 deaem
346 4535 439 4599 uerba
462 4534 569 4611 (Dout.
594 4541 637 4613 4).
678 4535 772 4599 Nihil
792 4534 933 4616 amplius
954 4535 997 4599 ad
1017 4532 1127 4614 [99993
1177 4535 1336 4598 iuteruum
1357 4535 1510 4600 bominem
1530 4538 1721 4602 delectatatio.
1744 4538 1801 4603 Ad
1819 4538 1982 4604 boruiuem
1998 4541 2151 4624 repositum

147 4620 262 4685 adiecit
282 4621 375 4686 Deus
399 4621 504 4697 (Deut.
530 4627 574 4697 5).
618 4621 669 4687 De
690 4622 876 4685 boloeaustis
907 4624 934 4684 et
961 4619 1128 4699 sacrifieiis
1179 4625 1206 4685 et
1227 4621 1347 4701 spiritu
1367 4623 1549 4687 iruooratum
1576 4625 1675 4707 diripi
1704 4628 1819 4705 oportet
1848 4625 1945 4690 verba
1970 4626 2096 4701 Correus,
2125 4624 2151 4683 tl

147 4704 230 4769 uiloil
252 4712 296 4770 est
317 4712 390 4772 tuue
405 4713 616 4789 praeeeptum,
641 4714 676 4771 ut
697 4708 744 4771 ait
765 4708 847 4771 idem
871 4706 1025 4770 Ieremias
1045 4713 1124 4785 (cap.
1178 4707 1292 4771 suabia
1313 4713 1341 4771 et
1362 4708 1443 4772 leuia
1465 4729 1530 4774 esse
1551 4711 1782 4793 dipuoseautur.
1832 4710 1916 4777 Caro
1946 4719 2059 4779 uostra
2078 4709 2148 4785 dicit,

149 4794 195 4866 7).
240 4791 291 4856 De
311 4793 375 4857 solo
397 4814 467 4875 erpo
493 4795 634 4879 decalopo
656 4796 791 4876 laqueus,
826 4795 881 4872 ait,
914 4793 1025 4874 foedus
1046 4791 1127 4856 illud
1180 4866 1207 4871 ,-

1152 2680 1155 2775 ι
1179 2664 1260 2725 puae
1281 2644 1363 2709 alios
1384 2642 1505 2719 liberat,
1527 2664 1586 2709 uos
1607 2646 1651 2711 ad
1672 2666 1742 2710 eam
1764 2647 1931 2726 captivat?

1248 4945 1277 5011 1)
1296 4948 1401 5017 pepigit
1417 4949 1499 5004 Deus,

217 5013 247 5077 1)
266 5014 412 5081 spiritualis
430 5030 481 5068 om.
971 5023 980 5039 ·
1249 5015 1279 5079 2)
1298 5033 1368 5070 nune
1385 5034 1437 5071 om.

216 5080 246 5147 2)
265 5082 426 5136 transferre:
446 5094 489 5138 est
505 5083 534 5137 P.
553 5084 580 5138 id
598 5085 742 5153 peculiare.
1247 5084 1277 5149 3)
1297 5085 1477 5141 dissolvenda.

217 5149 248 5218 3)
266 5149 347 5205 Nulla
364 5151 445 5219 igitur
462 5169 533 5207 nune
551 5154 740 5210 condemnatio
758 5154 800 5209 his
818 5154 863 5224 qui
881 5156 954 5211 insiti
972 5162 1034 5210 sunt
1052 5195 1058 5209 .
1075 5195 1082 5210 .
1100 5195 1107 5209 .
1247 5152 1278 5219 4)
1296 5154 1421 5209 iucunda.
