4620 5894
147 229 235 296 XVI
738 229 1010 299 saturatus
1033 231 1328 301 ufluouoclffl
1348 230 1570 300 MINORES.

146 440 327 503 expressos,
350 418 536 485 subiunctis
557 420 764 505 argumentis
785 420 865 486 satis
886 421 959 486 fuse
980 421 1137 504 expositis
1158 422 1276 506 quibus
1296 421 1330 487 in
1350 419 1473 488 scholis
1494 420 1721 507 theologorum
1743 421 1845 507 vulgo
1866 421 2000 505 probari
2021 444 2158 490 eonsue-

146 540 271 598 verant
315 530 359 596 In
385 531 507 616 pagina
535 552 612 597 vero
640 531 774 613 dextra,
807 531 982 616 erogione
1013 532 1219 616 singulorum
1252 532 1466 599 articulorum
1497 532 1554 598 tali
1585 532 1682 598 modo
1714 532 1967 614 declaratorum,
2000 533 2159 619 leguntur

146 642 279 711 Oalvini
301 643 547 708 confutationes.
593 642 647 708 Ita
667 643 755 708 fiunt
775 644 867 726 quasi
891 642 955 709 duo
976 644 1149 728 opuscula,
1182 653 1216 712 et
1242 645 1427 720 σννοπτικῶς
1455 645 1592 728 scripta,
1625 650 1660 710 et
1680 645 1820 710 iunctim
1842 666 1862 710 a
1882 644 2057 712 lectoribus
2079 668 2158 713 oon·

147 753 336 832 sideranda,
371 752 491 837 quippo
519 753 635 840 quibus
662 753 808 819 alternae
836 755 974 839 paginae
1000 756 1068 821 suis
1094 757 1234 841 propriis
1260 755 1368 821 titulis
1395 754 1573 841 insignitae
1600 755 1667 822 illio
1695 756 1921 832 articulos,
1955 757 2010 824 hio
2036 758 2158 824 Anti·

146 866 281 932 dotum
303 872 497 949 proponant
541 866 588 930 lit
607 862 738 932 Oalvini
761 864 892 949 quidem
915 865 1107 950 disputatio,
1134 867 1285 951 quamvis
1306 888 1368 951 pro
1388 887 1479 932 more
1501 867 1597 934 docta
1618 875 1653 932 et
1673 866 1778 934 solida
1797 870 1855 949 sit,
1878 868 1932 934 bic
1952 876 2079 950 umen,
2101 871 2158 938 ubi

146 1000 166 1044 a
186 977 326 1045 lectione
349 976 634 1060 probationum
656 976 926 1044 scholasticarum
948 977 990 1043 ad
1012 999 1087 1044 eam
1109 981 1294 1059 secesseris,
1316 978 1415 1064 paulo
1437 978 1588 1063 frigidior
1608 978 1669 1045 tibi
1690 978 1857 1048 videbitur
1877 987 1912 1046 ct
1931 987 2026 1047 sueto
2043 982 2160 1066 vigore

61 1125 70 1135 *
145 1089 310 1156 destituta.
356 1087 481 1154 Contra
503 1086 773 1155 Serbonistarum
796 1096 1001 1173 argumenta,
1025 1089 1114 1175 apud
1135 1090 1278 1157 iudicem
1297 1090 1435 1187 maioris
1453 1090 1637 1175 theologiae
1654 1098 1755 1175 gustu
1773 1092 1944 1172 imbutum,
1967 1114 2044 1158 mox
2060 1115 2161 1159 omno

144 1210 304 1287 punctum
332 1200 453 1278 ferent,
482 1200 651 1283 risumque
673 1208 707 1264 et
727 1199 880 1283 plausum
902 1200 1095 1283 movebunt,
1126 1203 1246 1287 quippe
1273 1220 1358 1287 quae
1383 1201 1485 1267 medii
1512 1203 1584 1270 aevi
1611 1203 1782 1288 gliscentis
1809 1204 1996 1284 scientiam,
2028 1204 2159 1271 futilem

146 1313 240 1380 illam
268 1312 466 1396 exilemque,
500 1324 534 1377 et
560 1311 784 1396 philosophico
808 1334 907 1378 seusu
934 1334 1000 1378 non
1027 1315 1138 1380 minus
1165 1321 1331 1381 carentem
1358 1335 1456 1397 quam
1483 1315 1687 1400 evangelico,
1721 1320 1788 1380 tam
1810 1316 1957 1382 suaviter
1976 1316 2158 1396 redoleant,

146 1435 216 1491 tam
238 1425 381 1510 genuino
402 1424 509 1491 colore
531 1424 685 1491 vestitam
704 1431 969 1507 repraesentent,
997 1433 1048 1505 ut,
1072 1433 1204 1509 praeter
1225 1424 1450 1493 Obeourorum
1476 1427 1622 1493 virorum
1643 1426 1875 1493 famosissimas
1896 1427 1972 1493 illas
1991 1430 2158 1512 epistolas,

146 1536 232 1603 nibil
258 1536 337 1602 hnic
365 1534 551 1602 comoediae
580 1536 792 1619 aequiparare
818 1537 932 1620 possis.
976 1537 1053 1621 Ipse
1080 1537 1205 1605 scilicet
1231 1538 1391 1606 Calvinus
1412 1536 1494 1603 haec
1515 1546 1711 1622 argumenta
1732 1539 1944 1622 conquisivit,
1973 1539 2027 1606 vel
2048 1541 2160 1624 potius

147 1647 189 1714 de
221 1648 385 1715 subselliis
419 1648 604 1714 scholarum
638 1651 690 1714 sui
722 1651 879 1734 temporis
910 1651 1061 1728 corrasit,
1095 1658 1128 1716 et
1159 1671 1219 1734 pro
1252 1650 1441 1716 authentico
1471 1651 1705 1716 commentario
1732 1650 1892 1717 Articulis
1919 1651 1992 1716 istis
2021 1650 2158 1720 addidit

147 1760 256 1844 Quem
279 1771 390 1826 tamen
412 1761 459 1825 ita
480 1760 556 1824 stilo
575 1783 672 1827 usum
694 1783 766 1827 esse
784 1761 981 1842 dixerimus,
1009 1773 1047 1827 ut
1074 1763 1137 1846 ipsi
1160 1760 1362 1828 orthodoxae
1385 1761 1552 1828 facultatis
1569 1760 1717 1828 doctores
1738 1761 1796 1827 vix
1818 1782 1969 1828 recusare
1991 1766 2159 1846 potuerint

146 1874 320 1957 quominus
348 1871 582 1956 supellectilem
609 1894 704 1938 suam
733 1885 961 1956 agnoscerent,
990 1874 1123 1958 plurimi
1154 1895 1230 1939 vero
1258 1873 1394 1939 lectores
1416 1873 1505 1955 ipsos
1526 1895 1568 1938 ex
1589 1871 1747 1940 cathedra
1767 1872 1939 1956 loquentes
1960 1874 2074 1942 audire
2095 1877 2159 1944 sibi

79 2014 86 2029 ·
145 1985 342 2068 persuadere
365 1983 547 2049 debuerint.
593 1983 742 2050 Gallicae
763 1984 938 2065 editiones,
961 1987 1032 2052 sola
1052 1986 1199 2070 principe
1220 1992 1374 2068 excepta,
1404 1984 1491 2048 hanc
1513 1983 1615 2050 libelli
1636 1985 1859 2050 oeconomiam
1881 2004 1949 2049 non
1971 1997 2156 2067 servarunt,

146 2097 204 2162 sed
232 2096 403 2173 articulos,
430 2096 637 2179 probationes
666 2105 698 2160 et
726 2096 874 2162 antidota
901 2107 1058 2180 perpetuo
1087 2097 1201 2161 ordine
1229 2095 1289 2162 sibi
1318 2096 1525 2161 succedentia
1546 2097 1713 2161 exhibent.
1758 2097 1868 2178 Atque
1890 2095 1977 2161 hunc
1999 2096 2154 2180 ordinem,

146 2229 332 2293 quanquam
363 2209 489 2273 autoris
516 2207 648 2274 coneilio
677 2208 786 2273 minus
817 2209 1111 2287 accommodatum,
1144 2229 1205 2274 nos
1232 2229 1359 2292 quoquc
1387 2228 1577 2290 sequemur,
1611 2229 1712 2290 quum
1738 2209 1804 2271 iam
1830 2207 1871 2272 de
1897 2208 2019 2274 lectore
2049 2211 2155 2278 iocose

147 2320 330 2387 deludendo
352 2321 387 2387 in
410 2319 473 2386 boc
496 2328 606 2385 nostro
628 2319 739 2385 labore
759 2321 895 2404 cogitari
918 2331 1067 2404 nequeat,
1090 2328 1124 2386 et
1146 2321 1336 2405 ingeniosae
1359 2318 1519 2384 diatribae
1541 2319 1641 2402 lepor,
1664 2319 1722 2402 qui
1744 2318 1821 2385 olim
1844 2320 1915 2396 fuit,
1938 2321 2076 2385 minime
2097 2322 2161 2390 hac

19 2482 21 2488 .
149 2432 211 2499 sub
230 2432 336 2498 forma
357 2439 540 2500 evanescat.

301 2543 474 2610 Versionis
499 2542 636 2628 gallicae
665 2552 793 2609 textum
814 2566 916 2627 quum
937 2543 1086 2628 pluribus
1107 2544 1187 2610 locis
1209 2565 1229 2608 a
1249 2544 1351 2609 latino
1374 2543 1558 2626 discrepare
1581 2542 1778 2621 videremus,
1802 2544 1849 2607 ita
1869 2543 2000 2627 quidem
2022 2545 2163 2611 uthina

136 2658 224 2724 -inde
246 2657 396 2741 longiora
419 2654 644 2721 additamento
660 2654 822 2735 exhibeat,
843 2655 1035 2741 diligentius
1057 2656 1235 2741 relegimus
1258 2664 1291 2721 et
1311 2664 1524 2739 quaeeunque
1546 2655 1587 2720 ab
1609 2653 1787 2740 archetypo
1809 2654 2005 2721 recedebant
2025 2676 2162 2723 accura-

146 2771 214 2838 tius
235 2772 271 2834 in
290 2768 440 2853 margine
462 2767 707 2845 annotavimus,
742 2767 865 2834 scilicet
892 2789 1086 2852 persuasum
1112 2767 1271 2834 habentes
1300 2765 1524 2832 additamenta
1550 2765 1607 2829 illa
1634 2767 1826 2850 neutiquam
1850 2766 1955 2832 invito
1978 2777 2035 2833 aut
2057 2770 2162 2835 inscio

146 2881 287 2950 Calvino
308 2882 412 2965 ipsius
435 2879 644 2946 authenticae
666 2881 847 2962 scripturae
869 2879 1000 2946 obtrudi
1021 2881 1177 2964 potuisse.
1221 2880 1350 2945 Verum
1371 2899 1472 2962 quum
1489 2877 1543 2943 his
1560 2875 1677 2944 studiis
1694 2898 1828 2961 operam
1846 2878 2009 2957 daremus,
2031 2879 2163 2947 nullum

145 2994 217 3062 eius
243 2992 406 3060 versionis
433 2991 610 3075 separatim
638 3010 777 3057 excusae
805 2992 976 3076 exemplar
1003 2993 1147 3059 nancisci
1175 2991 1284 3058 adhue
1311 2991 1505 3074 contigerat,
1540 2988 1684 3072 adeoque
1712 2991 1845 3055 omnino
1866 2990 2094 3057 nesciebamus
2117 3011 2162 3056 an

145 3105 221 3172 talis
243 3103 322 3170 olim
345 3104 443 3170 editio
464 3104 638 3169 exstiterit.
684 3103 883 3186 Nuperrime
909 3112 1055 3183 tantum,
1085 3125 1187 3188 quum
1215 3105 1287 3187 ipse
1312 3103 1435 3168 latinus
1462 3109 1573 3166 textus
1599 3101 1666 3166 iam
1695 3100 1822 3166 dudum
1854 3102 1941 3187 typis
1973 3103 2162 3186 exscriptus

145 3225 241 3296 esset,
265 3238 307 3282 ex
325 3215 518 3282 Genevensi
539 3213 736 3281 bibliotheca
757 3216 942 3299 accepimus
964 3217 1120 3283 volumen
1143 3215 1208 3281 alia
1229 3214 1270 3280 de
1291 3234 1391 3282 causa
1412 3213 1612 3296 expetitum,
1635 3214 1755 3296 inquo
1777 3222 1908 3297 practer
1930 3224 2072 3297 quatuor
2094 3213 2162 3280 alia

100 3338 103 3342 ’
146 3328 279 3396 Onlvini
296 3326 454 3411 opuscula
471 3326 587 3412 gallice
604 3348 774 3407 conversa,
793 3339 827 3392 et
844 3327 916 3411 ipss
933 3329 1066 3406 rariora,
1091 3324 1398 3411 (Supplication
1419 3325 1727 3408 al'Empcreur,
1746 3324 1881 3408 Faqon
1899 3325 1945 3390 de
1963 3325 2163 3393 reformer

144 3440 336 3526 l’Eglise,
369 3439 491 3506 Actes
519 3438 569 3504 du
596 3438 762 3505 Oonoile
790 3438 836 3504 de
858 3440 1026 3517 Trente,
1060 3446 1109 3516 et,
1133 3435 1220 3521 quod
1241 3439 1385 3504 maxime
1405 3435 1684 3515 desiderabamus,
1712 3436 1869 3502 Accord
1895 3435 2095 3502 touchant
2120 3437 2163 3504 la

146 3553 321 3618 matiere
343 3550 412 3616 des
433 3553 683 3634 sacremens)
706 3551 849 3616 maximo
867 3571 942 3617 oum
962 3549 1081 3634 gaudio
1099 3552 1234 3633 unicum
1251 3548 1429 3632 exemplar,
1452 3548 1538 3631 quod
1555 3555 1696 3614 aetatem
1714 3547 1829 3614 tulisse
1847 3544 1986 3628 videtur,
2009 3548 2163 3633 quodque

146 3662 287 3730 antebac
308 3661 419 3730 oculos
441 3670 571 3728 nostros
591 3663 738 3747 ingerat,
772 3661 872 3729 huius
894 3663 998 3729 nostri
1019 3661 1120 3727 libelli
1140 3662 1338 3729 invenimus.
1383 3662 1493 3743 Atque
1514 3680 1575 3743 pro
1596 3660 1659 3726 boo
1680 3660 1785 3725 officio
1807 3659 2044 3725 humanissime
2064 3658 2164 3728 nobis

145 3776 320 3861 praestito,
352 3783 386 3840 et
406 3774 506 3840 simul
532 3795 592 3858 pro
619 3773 692 3839 aliis
721 3774 862 3840 antehac
889 3773 1088 3840 cumulatius
1114 3775 1166 3839 in·
1180 3793 1241 3839 nos
1267 3772 1409 3851 collatis,
1442 3771 1628 3837 duumviris
1656 3771 1858 3856 dignissimis
1879 3771 2057 3839 Francisco
2078 3771 2161 3852 uas,

145 3886 363 3955 bibliothecae
390 3885 481 3952 illius
507 3887 684 3969 praefecto,
705 3885 840 3969 eiusque
862 3885 1005 3970 collegae
1027 3883 1198 3967 Stephano
1219 3883 1341 3962 Patru,
1364 3882 1490 3949 debitas
1513 3892 1625 3968 grates
1645 3880 1799 3949 lubenter
1820 3883 2046 3967 persolvimus.
2091 3882 2162 3966 Qui

145 4000 240 4067 nobis
262 3999 330 4064 iam
352 4005 476 4082 quater,
497 4017 599 4080 quum
620 3997 657 4062 in
677 3997 851 4080 pomoeriis
871 3996 1018 4080 ipsorum
1041 4004 1150 4062 castm
1169 4016 1364 4078 poneremus
1384 3997 1421 4060 in
1442 3993 1589 4079 parando
1610 3994 1765 4060 thesauro
1787 3995 1954 4077 epistolico
1972 3994 2163 4063 calviniano

146 4109 359 4189 desudantes,
389 4110 525 4175 comiter
547 4108 693 4191 exceptis
715 4106 911 4174 ditissimam
935 4108 1209 4173 documentorum
1231 4108 1356 4191 copiam
1378 4106 1545 4174 custodiae
1567 4126 1647 4173 suae
1669 4105 1867 4172 creditorum
1889 4104 2163 4189 perscrutandam

145 4229 181 4288 et
197 4220 428 4289 excutiendam
444 4218 626 4286 liberaliter
644 4221 875 4303 permiserunt
914 4220 968 4284 De
986 4239 1128 4303 quorum
1146 4219 1295 4285 laborum
1312 4218 1471 4286 fructibus
1488 4218 1566 4285 olim
1585 4218 1681 4302 plura
1699 4217 1828 4297 dicturi,
1853 4219 1939 4285 hane
1956 4219 2162 4286 occasionem

144 4333 273 4418 publice
295 4333 437 4399 testandi
459 4351 539 4418 erga
555 4351 613 4398 eos
631 4331 732 4398 animi
749 4331 888 4399 feliciter
906 4331 1050 4397 oblatam
1071 4330 1236 4397 noluimus
1253 4331 1524 4415 praetermittere.
1570 4330 1747 4398 Caeterum
1765 4329 1868 4395 libelli
1887 4329 2003 4396 titulus
2020 4331 2073 4398 hic
2091 4338 2160 4398 est:

302 4544 394 4612 aas
425 4535 431 4638 1
466 4531 765 4619 ARTIOLES
801 4532 806 4635 Ι
839 4544 904 4610 uu
924 4545 988 4611 ns
1006 4543 1188 4613 escaus
1206 4545 1469 4633 aequuum
1491 4547 1556 4612 nn
1574 4543 1783 4612 rsuouo-
1804 4544 1809 4629 ι
1827 4546 1880 4629 ga
1902 4545 2059 4624 uersas,
2082 4567 2161 4612 oon·
2194 4604 2197 4609 .

145 4696 286 4746 cernane
309 4682 418 4741 nostm
440 4676 493 4761 foy
515 4683 549 4741 et
570 4697 624 4742 rc·
655 4674 659 4760 Ι
688 4674 791 4760 ligion
813 4671 1048 4755 Chrestienne,
1077 4687 1110 4740 et
1131 4675 1235 4740 forme
1257 4675 1298 4740 de
1320 4672 1484 4758 presoher.
1513 4660 1519 4764 Ι
1560 4655 1670 4752 Auec
1700 4659 1737 4751 Ie
1767 4662 1926 4752 remede
1954 4670 2089 4754 come
2118 4659 2161 4757 Ia

140 4789 327 4912 peimi
364 4810 523 4884 umalama)
573 4807 578 4889 ι
620 4805 795 4886 L’Apostre
822 4823 890 4870 auc
918 4803 1095 4886 Hamae,
1127 4803 1266 4887 aspare
1292 4803 1395 4869 cece.
1436 4803 1442 4886 ι
1481 4811 1584 4867 meva
1608 4812 1737 4869 cmusr
1759 4825 1780 4868 a
1801 4813 1870 4870 este
1892 4804 1991 4890 hyer,
2020 4815 2054 4872 et
2080 4812 2173 4891 stu-1·

145 4915 329 5001 iourdhuy,
363 4925 397 4982 ct
428 4937 502 4983 sera
533 4914 791 4983 cteruellement
841 4916 894 4982 Ne
923 4917 929 5002 Ι
959 4939 1055 5003 soyca
1088 4916 1181 5001 point
1213 4913 1380 4980 ffisuaeu
1413 4921 1454 4998 cc
1485 4920 1518 4979 et
1548 4912 1598 4993 lc,
1633 4936 1693 4997 par
1722 4914 1727 5001 Ι
1758 4914 1922 4982 doctrines
1951 4915 2098 4985 diuersas
2125 4924 2161 4985 et

146 5036 328 5114 cumea.
357 5028 363 5114 l
395 5033 486 5103 1⁵44.

2193 5014 2198 5081 l

2192 5132 2198 5183 t

2184 5240 2198 5302 t

2189 5362 2198 5416 t
