4620 5894
825 228 948 295 AO'PA
970 224 1152 294 SYNODI
1172 223 1495 292 uRIDaNuuNAE
2103 225 2169 288 484

146 239 215 304 483

149 432 210 491 aut
231 444 346 490 eorum
369 422 583 490 dictatoribus
605 418 786 486 monachis.
799 417 824 502 ¹)
857 417 1003 482 Tantum
1024 415 1130 481 insul·
1184 421 1272 480 tum:
1292 415 1316 498 ¹)
1344 413 1463 496 quibus
1494 412 1702 479 foedissimae
1728 412 1895 493 libidines,
1931 415 2064 482 virtutis
2090 420 2171 483 sunt

149 532 226 578 sum
247 509 341 590 illud,
365 507 405 573 de
422 508 489 574 fide
508 507 641 573 informi
663 512 698 571 et
717 506 868 582 formata,
891 523 989 568 suum
1011 501 1132 585 dogma
1184 499 1358 578 exercitia,
1385 518 1468 582 quae
1490 499 1526 564 in
1547 497 1644 565 laude
1664 510 1806 583 ponunt:
1829 501 1887 582 qui
1908 501 2039 568 nullum
2059 501 2170 569 oecul-

149 595 307 665 volebant
318 594 475 663 stabilire.
508 594 599 659 Hinc
615 591 707 671 illud,
730 590 819 673 quod
834 610 948 655 veram
966 591 1041 668 [pag.
1054 592 1130 667 248]
1183 592 1256 651 tum
1278 585 1498 653 conscientiae
1519 585 1642 652 vulnus
1670 585 1737 668 pilo
1764 588 1950 652 aestimant
1996 591 2044 653 At
2064 588 2169 668 nobis,

151 703 226 750 esse
258 680 360 748 fidem
393 679 612 756 contendunt,
654 697 738 761 quae
770 683 884 741 tamen
916 675 960 740 sit
991 680 1130 739 mortua
1183 672 1242 755 qui
1266 680 1341 755 post
1366 672 1503 756 longum
1531 691 1686 751 examen,
1717 673 1811 755 quasi
1838 673 1946 739 obruti
1976 681 2010 743 et
2030 674 2168 754 confusi,

153 768 261 849 Quasi
289 788 368 833 vero
397 766 527 831 animae
557 765 627 830 vita
654 763 758 848 possit
793 781 864 827 esse
892 759 975 825 fides
1003 767 1131 843 (quem
1185 760 1220 823 in
1242 758 1329 824 hanc
1356 758 1492 824 demum
1520 778 1634 823 vocem
1659 778 1734 825 cum
1761 758 1892 825 Davide
1921 782 2094 844 erumpere
2115 781 2169 829 oo-

152 851 331 919 admcdum
358 872 446 930 em,
486 872 527 916 ex
569 857 729 934 perpetua
760 848 942 930 scripturae
973 846 1131 924 doctrina,
1188 844 1312 928 gimur:
1344 848 1418 924 [pag.
1438 850 1515 925 245]
1537 845 1668 911 Delicta
1695 845 1768 928 quis
1795 846 1980 932 intelliget?
2010 869 2078 913 non
2099 857 2170 915 tam

152 938 323 1025 eleganter
350 940 455 1021 ipsam
482 943 654 1019 nuncupat
681 932 907 1032 Augustinus)
942 953 1026 1015 quae
1061 933 1134 1014 ipsa
1186 929 1351 1012 explicata
1388 938 1440 996 est
1476 930 1642 1016 soluti0.²)
1695 930 1812 1015 Neque
1849 941 1961 998 tamen
1999 954 2170 1018 negamus,

151 1024 231 1092 viva
257 1045 324 1089 non
353 1024 404 1090 sit
449 1021 543 1088 Idem
572 1021 677 1100 valet,
711 1019 796 1103 quod
831 1017 1029 1084 christianos
1062 1037 1133 1083 esse
1186 1017 1274 1099 quin,
1299 1015 1377 1081 data
1399 1017 1515 1100 culpae
1537 1017 1651 1095 venia,
1678 1037 1741 1082 nos
1762 1017 1930 1084 interdum
1952 1018 2047 1087 Deus
2069 1020 2169 1088 easti-

152 1108 363 1191 contendunt,
387 1109 441 1193 qui
464 1107 548 1173 nihil
569 1106 695 1172 habent
723 1105 878 1170 cantatis.
922 1104 976 1169 Ita
997 1111 1042 1169 ut·
1058 1124 1135 1168 ana·
1188 1110 1257 1185 get:
1290 1101 1348 1167 sed
1380 1109 1419 1167 ut
1451 1110 1584 1169 moneat
1617 1111 1650 1169 et
1677 1104 1835 1189 corrigat,
1863 1127 1931 1170 non
1952 1115 1992 1170 ut
2013 1104 2168 1172 vindicet

152 1192 268 1262 thema
295 1194 522 1278 pronuncient
549 1194 579 1259 si
607 1194 680 1276 quis
708 1213 802 1258 secus
831 1190 961 1257 sentiat.
1006 1189 1134 1272 Nempe
1186 1188 1368 1253 Profanum
1389 1210 1468 1274 ergo
1491 1191 1685 1274 figmentum
1704 1196 1763 1270 est,
1787 1191 1872 1273 quod
1895 1200 2015 1275 putant
2031 1193 2097 1258 Dei
2118 1193 2169 1257 iu-

152 1300 231 1365 ergc
253 1280 407 1364 spiritum
430 1286 583 1345 sanctum
611 1277 905 1354 anathematisant,
935 1276 990 1360 qui
1017 1275 1135 1340 falsam
1188 1273 1272 1339 dicio
1301 1294 1424 1356 poenas
1451 1275 1587 1341 exsolvi.
1639 1275 1749 1352 Adde,
1784 1277 1871 1359 quod
1904 1299 2011 1362 neque
2039 1276 2170 1362 aequali

150 1364 389 1432 christianismi
401 1365 638 1449 professionem
659 1361 796 1441 deridet,
819 1381 857 1428 ac
880 1383 940 1447 pro
956 1361 1061 1427 nihilo
1073 1360 1134 1425 du·
1187 1381 1302 1426 omnes
1319 1359 1416 1426 modo
1436 1361 1638 1444 puniuntur:
1662 1384 1722 1428 nee
1744 1373 1905 1446 quantum
1927 1365 2064 1447 quisque
2087 1363 2169 1430 deli·

151 1451 206 1518 cit.
245 1451 656 1517 PaulusIsraelitasesse
679 1447 835 1533 negabat,
858 1447 1002 1532 quinon
1025 1453 1136 1513 essent
1187 1445 1272 1528 quit:
1299 1445 1358 1511 sed
1383 1453 1480 1529 prout
1507 1467 1671 1530 quemque
1691 1447 1806 1513 ferulis
1828 1469 1910 1531 opus
1932 1450 2054 1515 habere
2075 1450 2169 1516 Deus

150 1538 224 1604 veri
242 1537 397 1603 Abrahae
426 1536 495 1601 filii.
542 1536 670 1601 Verum
699 1555 826 1617 quoque
854 1533 1136 1601 christianismum
1186 1530 1320 1609 iudicat,
1342 1532 1436 1597 utin
1458 1541 1625 1616 posterum
1652 1533 1713 1597 tali
1734 1534 1907 1617 disciplina
1927 1536 2079 1602 eruditus
2098 1557 2169 1603 me-

152 1622 278 1704 definit,
301 1644 402 1706 quum
425 1622 602 1705 deponitur
623 1630 718 1687 vetus
740 1620 851 1686 homo:
880 1627 915 1685 et
936 1621 976 1686 ab
1005 1619 1056 1699 iis,
1079 1618 1135 1701 qui
1185 1615 1251 1682 lius
1273 1617 1388 1700 sapiat.
1418 1618 1604 1698 (laetarum,
1627 1619 1682 1685 hic
1699 1618 1927 1686 demonstrant
1943 1630 2052 1704 patres
2069 1642 2170 1705 quam

1187 1704 1312 1768 strenui
1333 1703 1401 1768 sint
1421 1704 1600 1784 architecti,
1623 1707 1678 1787 qui
1700 1706 1836 1772 verbulo
1853 1729 1920 1773 uno
1937 1707 2170 1792 labyrinthum

1188 1809 1230 1853 ex
1252 1789 1343 1854 mille
1365 1789 1566 1875 labyrinthis
1592 1793 1809 1874 compositum
1833 1793 2016 1859 absolvunt.
2028 1797 2056 1878 8)
2100 1793 2171 1858 Im·

1187 1895 1340 1940 mensum
1373 1897 1451 1942 sane
1482 1877 1648 1960 gurgitem
1680 1899 1753 1944 esse
1782 1887 1924 1962 oportet,
1957 1901 2021 1963 quo
2051 1899 2169 1945 omnes

1188 1961 1315 2026 animas
1347 1961 1515 2028 absorberi
1546 1961 1698 2028 tradunt:
1736 1986 1797 2030 nos
1836 1965 1969 2048 quidem
1998 1967 2170 2033 universas

154 1709 209 1794 pie
232 1731 298 1774 non
321 1710 449 1787 vivunt,
472 1708 581 1775 Deum
601 1706 758 1792 abnegari
780 1707 984 1789 pronunciat.

539 1845 582 1909 In
603 1843 738 1909 XXIX.

237 1965 336 2030 Prius
358 1963 553 2041 membrum,
577 1984 645 2029 una
667 1983 742 2028 oum
765 1972 879 2029 autore
901 1963 971 2028 eius
992 1962 1134 2042 Novato,

151 2071 212 2114 nos
242 2071 370 2133 quoque
400 2071 618 2116 exsecramur.
658 2047 758 2130 Quod
786 2048 828 2115 ad
855 2047 1035 2116 secundum
1059 2050 1135 2112 atti·

150 2146 222 2215 net,
250 2137 278 2201 si
301 2157 368 2201 non
397 2137 605 2219 recipiuntur
632 2137 668 2199 in
691 2137 835 2219 gratiam
859 2135 958 2218 lapsi,
991 2135 1055 2199 nisi
1076 2155 1136 2216 per

150 2220 374 2304 poenitentiae
397 2229 654 2286 sacramentum:
678 2219 755 2301 quid
775 2222 876 2286 Petro
893 2223 963 2287 fiet:
986 2221 1040 2286 cui
1062 2226 1136 2302 post

151 2313 219 2370 tam
249 2307 441 2373 horribilem
470 2327 584 2373 casum
613 2305 723 2381 defuit.
745 2306 831 2389 quod
858 2307 1054 2389 plusquam
1075 2326 1134 2370 ne·

149 2394 291 2458 oessmic
319 2394 458 2477 exigunt
485 2391 689 2458 remedium?
704 2394 731 2474 ²)
784 2393 856 2457 Imo
883 2391 962 2475 quid
996 2393 1054 2456 fiet
1084 2398 1135 2455 tot

149 2475 323 2543 hominnm
349 2476 567 2564 myriadibus,
598 2477 734 2560 quibus,
759 2498 817 2561 per
844 2477 969 2561 aliquot
991 2477 1132 2555 saecula,

148 2563 264 2649 ignota
283 2565 348 2629 fuit
370 2565 565 2630 auricularis
583 2565 648 2628 ista
665 2564 834 2644 confessio,
858 2584 956 2646 quam
974 2584 1064 2629 nunc
1084 2562 1134 2628 ia-

148 2668 250 2714 nuam
278 2650 395 2715 salutis
426 2671 497 2716 esse
523 2649 677 2734 fingrmt?
728 2649 816 2715 Nam
846 2649 932 2732 qued
953 2649 1079 2716 Christi
1099 2655 1134 2714 et

147 2735 368 2818 apostolorum
389 2737 579 2820 magisterio
603 2736 801 2820 gloriantur,
824 2735 887 2800 hac
909 2736 944 2800 in
965 2742 1059 2819 parte
1081 2735 1132 2799 ni·

144 2821 210 2887 mis
231 2821 441 2905 impudenter
462 2823 600 2889 faciunt:
632 2843 735 2904 quum
766 2821 807 2887 de
829 2822 1033 2888 confessione
1054 2828 1132 2886 ante

144 2926 250 2973 annos
273 2907 540 2994 quadringentos,
565 2913 639 2989 [pag.
655 2913 732 2988 244]
753 2907 863 2994 legem
879 2908 1008 2974 nullam
1029 2908 1130 2974 exsti-

144 2993 234 3073 tisse,
257 2995 356 3060 etiam
378 3017 421 3060 ex
441 3015 557 3061 eorum
574 2994 721 3060 historiis
739 3000 875 3061 constet.
902 2992 993 3079 Ergo
1015 2995 1044 3059 si
1060 3001 1131 3059 tam

142 3078 301 3164 improbis
329 3083 496 3165 figmentis
523 3080 623 3146 fidem
653 3080 769 3146 haberi
797 3081 916 3161 velint,
944 3102 1012 3146 non
1034 3079 1131 3146 modo

143 3168 256 3232 omnia
277 3168 452 3234 vetustatis
475 3174 691 3232 monumenta
713 3188 755 3232 ex
777 3167 951 3232 hominum
972 3166 1132 3231 memoria

143 3253 383 3333 exterminent,
412 3275 545 3320 necesse
568 3254 645 3318 erit:
675 3252 735 3319 sed
757 3261 795 3319 ut
818 3253 1006 3320 hominibus
1029 3252 1130 3318 etiam

143 3338 303 3404 iudicium
323 3347 537 3424 mentemque
558 3339 754 3424 adimant.⁸)

545 3476 587 3541 In
608 3476 725 3543 XXX.

1187 2046 1302 2110 mundi
1330 2068 1407 2130 opes
1435 2048 1587 2115 videmus
1613 2051 1792 2115 exhauriri.
1844 2051 1886 2116 In
1908 2052 1978 2117 eius
2000 2061 2169 2118 construc-

1187 2131 1327 2211 tionem,
1355 2135 1473 2199 saltem
1493 2136 1592 2218 paulo
1619 2136 1694 2217 plus
1716 2157 1834 2218 operae
1859 2138 2026 2203 insumere
2048 2138 2169 2204 debue-

1186 2225 1272 2283 rant.
1283 2220 1309 2298 ⁴)
1361 2219 1553 2304 Purgatorii
1580 2221 1672 2286 nulla
1699 2243 1832 2304 prorsus
1859 2223 1896 2287 iu
1912 2232 1982 2289 tota
2004 2224 2170 2308 scriptura

1185 2305 1224 2367 fit
1244 2305 1377 2370 mentio.
1422 2307 1535 2390 Atqui,
1559 2314 1643 2372 teste
1664 2309 1864 2392 Augustino,
1874 2309 1902 2392 θ)
1925 2309 1983 2375 ubi
2000 2331 2053 2375 res
2071 2318 2169 2376 natu·

1186 2388 1301 2454 raliter
1327 2391 1467 2458 obseura
1493 2392 1664 2458 modulum
1686 2402 1836 2459 nostrum
1860 2395 1977 2474 vincit,
2000 2404 2035 2460 et
2056 2404 2168 2479 aperte

1185 2476 1349 2557 scriptura
1370 2499 1437 2543 non
1460 2478 1624 2558 subvenit,
1647 2487 1772 2545 temere
1793 2480 1871 2546 hine
1888 2481 2011 2564 aliquid
2031 2480 2169 2547 definire

1185 2560 1332 2627 humana
1353 2564 1541 2631 coniectura
1572 2567 1763 2648 praesumit.
1814 2564 1904 2647 Quid
1931 2589 2009 2651 ergo
2027 2567 2082 2633 hic
2102 2574 2168 2634 sta-

1185 2645 1356 2729 tuendum,
1378 2670 1476 2733 quam
1499 2659 1622 2717 temere
1643 2653 1751 2718 facere
1772 2652 1854 2718 istos
1874 2653 2066 2732 nebulones,
2089 2653 2169 2720 dum

1186 2753 1229 2798 ex
1251 2753 1310 2798 suo
1341 2736 1449 2818 capite
1471 2737 1631 2803 fabricare
1653 2737 1790 2817 audent,
1812 2739 1897 2821 quod
1919 2739 2048 2805 nullum
2071 2739 2170 2805 habet

1186 2819 1223 2883 in
1244 2819 1345 2885 verbo
1366 2819 1434 2887 Dei
1455 2822 1730 2889 fundamentum?
1781 2826 1854 2891 Nisi
1876 2826 1960 2890 forte
1981 2827 2088 2890 instar
2109 2845 2169 2891 va·

1185 2905 1290 2971 ticinii
1318 2908 1422 2990 accipi
1449 2908 1569 2975 volunt
1597 2933 1693 2976 suum
1717 2911 1757 2976 de
1789 2913 1979 2996 purgatorio
2001 2932 2170 2978 commen·

1185 2997 1272 3072 tum,
1300 2994 1377 3076 quia
1398 3014 1418 3058 a
1438 2996 1653 3078 ventriloquis
1681 2998 1873 3080 proceditfl)
1917 2997 2057 3063 Nullum
2080 2999 2170 3064 enim

1186 3078 1356 3162 estquod
1382 3079 1424 3144 ad
1452 3081 1670 3147 referciendos
1699 3090 1773 3164 [pag.
1792 3086 1868 3162 246]
1893 3104 2008 3149 eorum
2035 3092 2170 3150 ventres

1187 3185 1289 3247 aeque
1311 3165 1428 3231 valeat.
1474 3165 1564 3248 Quid
1586 3176 1712 3250 autem,
1735 3169 1820 3250 quod
1842 3178 1932 3234 stare
1952 3171 2070 3253 nequit
2090 3192 2170 3253 pur·

1185 3251 1351 3334 gatorium
1369 3250 1456 3335 quod
1478 3252 1692 3335 fabricarunt,
1715 3254 1795 3338 quin
1816 3262 1885 3321 tota
1907 3258 2090 3339 scripturae
2112 3277 2171 3322 ve·

1184 3337 1266 3403 ritas
1297 3337 1507 3404 destruatur?
1523 3341 1551 3423 ⁷)
1600 3341 1721 3426 Longa
1750 3349 1836 3406 esset
1864 3342 1935 3408 eius
1960 3344 2010 3407 rei
2033 3342 2171 3408 demon-

1184 3424 1316 3489 stratio:
1339 3425 1397 3490 sed
1419 3427 1455 3490 in
1477 3427 1608 3509 scriptis
1630 3429 1753 3493 nostris
1770 3427 1937 3493 luculenta
1954 3436 2072 3494 exstat
2101 3429 2171 3494 Dc-

1184 3510 1292 3593 nique,
1315 3511 1592 3579 satisfectionibus
1615 3515 1750 3593 eversis,
1772 3535 1869 3579 ruere
1890 3515 1989 3580 simul
2009 3522 2168 3600 purgato

232 3591 342 3677 Oulpa
362 3595 515 3672 remissa,
544 3616 670 3680 poenae
692 3606 822 3661 reatum
844 3617 979 3661 manere
1000 3596 1128 3663 volunt.
1182 3596 1270 3661 rium
1291 3617 1425 3664 necesse
1448 3606 1507 3664 est

145 3677 264 3763 Atqui,
287 3680 444 3746 remissae
466 3680 582 3763 culpae
604 3682 748 3746 fructum
771 3681 861 3748 hunc
882 3682 1005 3765 ubique
1027 3684 1130 3766 scrip-

144 3770 223 3831 tura
244 3776 487 3846 commemorat,
505 3766 592 3850 quod
614 3766 745 3850 flagella
768 3788 828 3832 sua
855 3778 1003 3832 removet
1027 3768 1130 3847 Deus,

145 3871 184 3919 ao
205 3851 275 3917 irae
297 3872 387 3930 suae,
409 3853 608 3936 ultionisque
625 3852 762 3932 oblitus,
791 3874 851 3919 nos
872 3851 1046 3918 benedicit.
1085 3854 1132 3918 Et

147 3958 251 4022 quum
272 3938 385 4006 David
407 3938 519 4004 beatos
542 3959 613 4004 esse
630 3938 767 4018 clamat,
797 3939 916 4022 quibus
933 3959 1002 4003 non
1023 3939 1131 4021 impu-

147 4030 199 4090 tat
219 4023 313 4090 Deus
335 4032 471 4109 peccata
492 4024 595 4110 (Psal.
616 4028 667 4104 32,
690 4026 740 4108 l),
769 4045 838 4090 non
859 4023 965 4090 sclam
987 4025 1132 4108 profecto

147 4109 264 4194 culpae
286 4110 515 4177 remissionem
538 4110 699 4194 designat,
721 4109 780 4175 sed
802 4109 843 4177 de
864 4129 972 4194 poena
988 4110 1133 4193 loquitur

15 4208 27 4261 ·'.
147 4196 364 4279 potissimum.
409 4197 456 4261 Et
477 4197 559 4280 quis,
582 4195 724 4275 obsecro,
746 4197 908 4263 finis'erit
929 4207 988 4262 aut
1004 4195 1132 4276 modus,

149 4280 179 4345 si
210 4281 251 4345 de
283 4283 425 4365 peccatis
461 4282 633 4348 hominurn
669 4302 792 4366 poenas
831 4283 964 4368 exigere
994 4283 1134 4369 incipiat

148 4365 256 4433 Deus:
279 4389 362 4450 quae
384 4377 417 4434 et
435 4389 574 4434 numero
591 4376 671 4435 sunt
690 4369 830 4449 infinita,
848 4377 882 4434 et
899 4369 1043 4452 pondere
1065 4379 1134 4435 tam

149 4453 279 4534 gravia,
309 4462 347 4519 ut
368 4456 547 4521 centesima
574 4476 651 4538 pars
673 4454 716 4520 ad
737 4453 1009 4538 profundissimos
1030 4477 1134 4539 usque

149 4536 272 4603 inferos
294 4560 354 4605 nos
376 4538 563 4624 deprimat?
607 4540 720 4607 Facile
746 4539 881 4624 quidem
903 4549 955 4606 est
974 4543 1134 4624 patribus,

150 4619 313 4689 diabolica
329 4628 504 4692 securitate
516 4625 625 4706 ebriis,
644 4627 844 4711 temporales
861 4647 981 4693 vocare
998 4648 1133 4711 poenas:

149 4707 270 4792 quibus
291 4716 461 4792 peccatum
480 4713 549 4779 fere
565 4713 698 4779 nullum
716 4720 777 4793 est,
794 4714 859 4778 nisi
876 4714 950 4797 quis
967 4713 1136 4780 hominem

150 4792 320 4861 occiderit:
348 4796 468 4878 quibus
495 4801 652 4865 scortatio
674 4799 732 4867 vix
763 4799 942 4867 leviculum
967 4807 1019 4867 est
1046 4820 1136 4866 erra-

221 4947 252 5015 1)
270 4946 308 5002 Or
326 4946 386 5029 cela
402 4965 485 5071 fasse
504 4951 530 5006 le
548 4967 665 5007 cerveau
682 4952 717 5008 de
736 4953 887 5010 Massicurs
906 4954 948 5010 les
967 4953 1091 5022 Prelata,
1109 4960 1138 5010 et

152 5017 194 5073 les
212 5015 322 5072 calarda
341 5033 386 5086 qur
415 5032 445 5072 es
465 5025 513 5072 ont
530 5021 704 5075 embcuchez.

221 5085 252 5148 2)
274 5085 345 5140 AM.
363 5087 486 5141 assercir
502 5086 563 5141 leur
580 5088 713 5145 confesse.

222 5154 254 5220 a)
271 5154 346 5212 Md.
364 5153 442 5224 brief,
459 5152 540 5224 qu’ilz
558 5155 599 5211 les
616 5156 709 5213 lacent
725 5157 762 5214 du
780 5165 845 5215 tout
860 5159 962 5215 beatas.

1577 3737 1620 3800 In
1637 3736 1776 3803 XXXI.

1271 3851 1338 3933 Qui
1365 3874 1445 3920 vere
1471 3855 1669 3923 iustificatus
1698 3865 1836 3923 estnon
1861 3859 2023 3943 negliget,
2053 3859 2170 3940 fateor,

1185 3939 1369 4004 mercedem
1397 3939 1460 4006 sibi
1487 3944 1679 4025 repositam:
1709 3945 1766 4010 sed
1788 3966 1840 4023 ea,
1864 3954 2022 4028 tanquam
2043 3947 2172 4028 optimo

1185 4061 1390 4068 ——m—

1255 4125 1285 4249 ὲ)
1304 4126 1378 4251 ᾖ.
1395 4127 1514 4251 ᾳὶιιὲῃιζιιι
1534 4146 1569 4185 va
1587 4147 1654 4213 avec
1671 4149 1707 4226 rur
1725 4147 1857 4226 aspergez
1876 4131 1955 4187 d’eau
1972 4132 2086 4214 beniste.
2127 4203 2133 4215 Ι

1186 4283 1223 4336 ny
1240 4198 1344 4321 rerhcrs
1363 4237 1396 4321 de
1415 4207 1626 4347 corisslcighcdbh
1645 4201 1777 4326 hihlsllbbhb
1795 4203 1913 4340 lgrbllhltli,
1926 4201 2173 4341 cffltglgscffi

1189 4335 1237 4391 des
1255 4334 1607 4469 bboffizidqec’bhbsassarcir
1624 4406 1649 4461 le
1668 4407 1837 4477 Purgatoire.

1256 4470 1288 4536 4)
1307 4472 1382 4527 aad.
1400 4471 1429 4528 Ie
1451 4489 1516 4544 croy
1534 4474 1598 4544 qu’il
1615 4476 1675 4531 leur
1692 4476 1794 4532 semble
1818 4475 1898 4544 qu'ila
1919 4475 1996 4531 n'cnt
2012 4475 2075 4546 qu’a
2092 4476 2174 4532 beuir

1187 4557 1240 4597 une
1257 4542 1397 4680 ἕῗῗῗῖιξὲί
1413 4610 1463 4665 157
1481 4611 1516 4665 ad
1535 4610 1671 4681 Optatam.

1257 4677 1288 4744 6)
1308 4681 1330 4733 si
1349 4695 1380 4734 cc
1398 4679 1468 4735 n’est
1486 4678 1567 4749 qu’ilz
1586 4697 1616 4736 se
1635 4681 1749 4737 tondent
1771 4699 1817 4738 sur
1835 4683 1863 4738 la
1881 4690 2019 4738 coustume
2038 4684 2174 4740 ancienne

1189 4747 1238 4802 des
1255 4747 1371 4816 Payeus.
1400 4749 1454 4804 Gar
1471 4765 1540 4805 ceux
1550 4751 1603 4873 ¹qui
1621 4751 1852 4821 ecutrefaiscyent
1869 4752 1910 4807 les
1927 4751 2090 4821 Prophetes,
2109 4769 2175 4822 par·

1188 4815 1283 4896 loyent
1299 4815 1336 4871 du
1353 4823 1456 4874 ventre
1491 4817 1529 4872 Or
1553 4821 1559 4832 ’
1594 4827 1638 4874 est
1659 4821 1728 4875 ainsi
1745 4836 1797 4890 que
1821 4821 1849 4876 la
1872 4821 1995 4877 dochino
2012 4820 2049 4876 du
2066 4820 2174 4892 Purga-

1189 4892 1259 4939 torre
1276 4886 1351 4940 vient
1368 4884 1404 4941 du
1422 4886 1540 4956 profond
1557 4888 1594 4943 du
1611 4896 1713 4943 ventre.

1259 4951 1289 5019 l)
1310 4995 1316 5008 .
1334 4992 1342 5008 .
1362 4996 1368 5008 .
1386 4996 1393 5009 .
1412 4970 1446 5010 ne
1466 4958 1520 5012 scit
1537 4957 1670 5027 abbatue‚
1690 4959 1716 5013 le
1735 4957 1893 5014 desduisant
1910 4958 1958 5014 des
1976 4958 2174 5030 satisfactione,

1190 5021 1338 5090 lesquelles
1362 5025 1537 5080 contienneut
1558 5043 1595 5081 ua
1617 5026 1776 5151 blaspheme
1798 5028 1957 5096 execrable,
1978 5045 2083 5084 comme
2102 5045 2174 5085 nous

1190 5105 1274 5146 avons
1296 5094 1424 5147 mansne.
1464 5095 1592 5150 combien
1609 5112 1661 5166 que
1696 5113 1713 5152 a
1731 5097 1898 5153 declaration
1916 5114 1949 5153 en
1965 5105 2010 5155 cst
2027 5099 2173 5168 beaucoup

1191 5157 1255 5228 plus
1274 5160 1363 5230 ample
1382 5176 1416 5217 cn
1433 5178 1486 5217 noa
1504 5163 1594 5219 limes.
1631 5164 1732 5231 (Occu.
1750 5168 1815 5234 osa.)
