4620 5894
113 200 178 304 'aar
428 248 433 255 ·
791 211 803 233 ⁶
982 242 1267 312 summias.
2068 249 2134 317 seo
2265 194 2268 201 ¹

116 428 176 494 boc
197 434 242 493 eet
263 430 423 496 θαεαίῖανό.
456 431 1026 517 Hnr.5(7),Psar.1c(1o)N0a
1046 435 1097 499 de
1149 454 1241 512 eum,
1274 441 1447 516 posceutm
1475 439 1514 499 ut
1541 434 1664 498 mortui
1690 434 1892 500 suscitentur
1922 435 1958 499 in
1990 435 2130 520 gloriam

118 515 280 597 relinques
307 522 368 594 ete,
397 521 426 580 et
449 516 536 584 Psut.
558 523 607 582 22
634 521 707 604 (20)
739 518 828 603 Erpo
857 520 941 584 idem
963 539 1097 602 posnan
1149 540 1249 602 quam
1287 528 1327 583 ut
1365 530 1573 602 peccatorum
1610 521 1840 585 remissionem
1876 530 2129 605 consequantur,

109 620 175 681 pro
195 621 245 665 me
265 601 335 681 apso
351 607 457 683 petere
472 623 534 684 per
554 605 669 685 annm.
708 603 746 670 Si
761 626 824 687 pro
844 627 900 685 me,
923 625 995 690 erpo
1012 611 1057 671 est
1071 606 1094 686 ¹)
1121 634 1123 643 ·
1149 605 1255 688 qualis
1284 606 1348 670 fuit
1376 607 1446 671 eius
1474 604 1663 690 postulatio.
1709 604 1885 672 Caeterum
1915 605 1971 671 ubi
2004 617 2130 675 certam

108 706 173 769 pro
192 691 253 751 tcto
273 706 397 769 corpore
418 689 569 754 αααῑαθὶαα.
1149 692 1307 756 orationis
1334 691 1476 756 formam
1503 692 1652 775 concepit
1680 691 1852 773 Christus,
1886 714 1952 758 non
1982 701 2130 761 mortuos

204 777 235 836 4.
279 771 409 839 auras
435 775 569 857 apostoli
603 775 657 842 boe
685 777 769 842 idem
795 782 926 842 orarunt
956 775 1045 842 Rern.
1074 782 1097 842 8
1149 777 1339 859 complexus
1361 785 1427 856 est,
1457 776 1515 842 sed
1536 779 1641 860 primo
1672 776 1742 843 loco
1765 778 1929 860 apostolos
1951 798 2042 859 suos,
2073 778 2130 846 de·

117 857 192 943 (22)
228 858 302 923 Non
323 859 425 924 mlum
452 863 554 926 annis
581 867 726 928 ανθαῖανα
754 864 948 946 muniant
970 868 1036 944 ete,
1057 884 1096 928 en
1148 862 1226 927 inde
1244 882 1358 928 omnes
1379 863 1434 945 qui
1457 863 1551 928 inse
1578 861 1735 929 credituri
1764 874 1882 929 essent.
1927 863 2054 929 Eodem
2076 886 2130 931 ca·

114 963 177 1024 qno
198 943 262 1010 ioco
281 943 359 1009 duco
376 947 423 1010 sic
443 953 677 1031 crpnmentnm:
697 947 823 1014 Pcntns
841 948 979 1032 penebat
999 951 1096 1030 adep
1148 950 1217 1031 pite
1245 970 1311 1013 non
1341 948 1430 1014 aliud
1460 949 1571 1013 electis
1599 948 1668 1013 suis
1695 958 1937 1032 comprecatur,
1963 950 2029 1015 nisi
2051 960 2130 1016 uta

116 1029 235 1095 none»
250 1029 392 1110 βὶὲανααη
413 1031 479 1096 Dei
500 1038 530 1097 et
549 1034 789 1115 redemptionem
813 1036 952 1116 corporis
973 1056 1096 1113 eornm;
1147 1034 1226 1099 mali
1275 1055 1295 1099 o
1318 1034 1517 1114 liberentur,
1546 1034 1632 1117 quod
1654 1033 1696 1099 ad
1717 1043 1864 1100 mortuos
1886 1035 1971 1099 nihil
1993 1043 2129 1119 spectat,
2239 1102 2243 1109 ,

113 1134 186 1266 bb?
202 1115 403 1268 ,tutat
424 1118 537 1268 Nl„
552 1120 1096 1288 2ΐῶῖίρὲῗῖῗῆῖῖῖὲἱὶθάῖῖ
1147 1120 1984 1290 tuit¹⁰3tt⁰⁰tlnnltm⁰httttiit
2013 1121 2130 1273 hit

115 1285 237 1352 Nailos
263 1288 347 1353 erim
366 1288 451 1369 filios
472 1290 537 1355 Dei
559 1312 579 1355 α
606 1311 662 1355 san
682 1258 799 1375 perdita
822 1296 897 1372 [pag.
917 1298 972 1372 73]
995 1293 1097 1358 endu·
1147 1300 1300 1374 precatus
1322 1293 1366 1357 sit
1388 1291 1553 1357 Christus.
1867 1350 1873 1361 .
2010 1229 2031 1290 q

113 1371 219 1453 debut;
247 1392 320 1456 erpo
344 1394 443 1455 neque
470 1394 524 1460 eqo
554 1377 677 1458 atiqws
703 1399 724 1442 α
753 1378 811 1443 toti
838 1398 905 1442 meo
929 1381 1045 1462 pernitn
1067 1385 1096 1443 et
1234 1382 1262 1443 2.
1296 1376 1424 1443 Eadem
1457 1384 1508 1441 est
1541 1376 1625 1441 ratio
1658 1376 1747 1442 illius
1781 1377 2025 1443 intercessionis
2064 1398 2130 1461 qua

106 1457 322 1541 mstekticne
343 1461 506 1527 excludere
526 1462 624 1528 debeo.
1147 1485 1235 1529 nunc
1258 1465 1485 1529 sanctuarium
1503 1462 1583 1528 coeli
1603 1464 1771 1546 ingressus
1795 1462 1995 1547 defungitur.
2035 1464 2127 1529 Mors

203 1550 233 1609 5.
267 1544 365 1624 Item,
390 1545 538 1613 Cbnstns
558 1547 664 1612 docuit
691 1569 748 1614 noe
775 1569 867 1614 crure
887 1556 922 1614 ut
948 1551 1097 1615 αααααὶαῖ
1148 1550 1235 1613 enim
1258 1551 1328 1614 eius
1351 1559 1484 1615 aeterna
1507 1561 1558 1614 est
1578 1547 1736 1630 quaedam
1766 1550 1957 1614 intercessio
1978 1554 2052 1628 [pag.
2073 1554 2127 1630 rt]

112 1649 247 1714 repnte»
269 1629 342 1696 Dei.
388 1632 434 1696 At
465 1654 597 1716 repnum
624 1633 689 1700 Dei
721 1655 783 1699 nna
813 1636 872 1699 erit
903 1637 1095 1717 completum,
1148 1655 1209 1717 pro
1242 1645 1451 1718 peccatorum
1489 1635 1695 1708 remissione,
1734 1635 1931 1698 resurrectio
1965 1655 2025 1718 pro
2058 1634 2129 1701 vita

112 1717 180 1780 nisi
208 1716 495 1785 necennensium
523 1725 717 1784 mortnonrm
746 1726 774 1785 et
803 1723 869 1785 vita
896 1726 946 1786 etc.
971 1722 1095 1804 quondo
1147 1729 1290 1786 aeterna.
1336 1722 1389 1787 Ab
1412 1720 1473 1786 hac
1496 1721 1574 1784 exin
1604 1719 1645 1784 ad
1668 1718 1856 1785 huiusmodi
1878 1721 2128 1787 intercessiones

111 1801 230 1867 seilicet
249 1801 345 1882 finem
367 1805 498 1885 ccupat
512 1811 687 1886 peccatone,
713 1811 742 1870 et
762 1807 935 1872 aarum
957 1809 1095 1872 omnium
1147 1805 1264 1872 deduci
1287 1806 1380 1871 nulla
1402 1806 1486 1870 ratio
1508 1807 1649 1889 patitur,
1679 1826 1780 1887 quum
1802 1805 1888 1869 nihil
1917 1805 2062 1871 habeant
2083 1807 2128 1872 si·

112 1887 248 1952 isimon
276 1889 454 1954 numne
480 1911 578 1970 mora,
607 1897 634 1957 et
666 1893 767 1957 nudet
791 1891 937 1957 Christus
963 1913 999 1957 re
1038 1913 1095 1957 nm
1146 1892 1232 1957 mile.
1280 1890 1370 1973 Quin
1399 1893 1498 1956 etiam
1528 1892 1556 1956 si
1583 1889 1661 1954 huic
1694 1892 1922 1957 intercessioni
1955 1900 2062 1958 certas
2095 1901 2129 1958 et

110 1977 162 2037 etc.
198 1971 287 2057 Erpa
308 1975 365 2056 qni
386 1980 454 2039 orat
475 1977 642 2041 αααααῖααῖ
662 1978 754 2060 repni
771 1977 845 2054 Dei,
868 1980 1094 2059 compreeendit
1146 1977 1297 2043 definitas
1319 1979 1494 2060 petitiones
1516 1977 1729 2060 affingamus,
1758 1975 1894 2041 ridicule
1916 1976 1950 2042 id
1971 1978 2127 2044 fecimus:
2227 1994 2231 2001 ·

111 2065 140 2124 et
159 2063 418 2125 resurrectionem
438 2068 634 2128 mninornm
655 2069 684 2128 et
704 2058 801 2127 ubam
821 2068 874 2129 etc.
1145 2063 1409 2146 quandoquidem
1437 2083 1496 2145 per
1525 2064 1630 2145 ipsam
1656 2061 1909 2147 intelligendum
1931 2063 2015 2128 nihil
2038 2062 2128 2128 uliud

200 2151 229 2210 6.
263 2144 345 2211 Item
365 2147 401 2210 in
422 2148 676 2215 eodemorutione
693 2150 796 2214 docuit
815 2150 974 2215 ecclsiam
990 2155 1094 2231 petere
1146 2154 1197 2214 est
1228 2169 1326 2232 quam
1354 2158 1489 2214 aeterna
1517 2150 1632 2212 mortis
1659 2158 1693 2211 et
1723 2150 1972 2214 resurrectionis
2001 2148 2126 2215 Christi
2238 2202 2243 2209 .

113 2230 247 2296 bberari
263 2253 285 2294 α
305 2233 403 2309 muto,
432 2253 503 2317 erpo
525 2256 545 2298 α
568 2234 704 2314 Seiana,
721 2241 854 2317 peccato,
876 2241 971 2301 morte
993 2241 1022 2300 et
1042 2238 1092 2301 in·
1146 2235 1260 2300 virtus.

110 2316 207 2398 ferreo.
423 2395 425 2399 .
1233 2325 1260 2384 3.
1294 2320 1447 2386 Precatio
1474 2319 1569 2384 cuius
1597 2319 1749 2384 meminit
1775 2330 1871 2384 autor
1901 2319 2058 2403 epistolae
2084 2320 2128 2386 ad

202 2408 232 2466 7.
267 2402 349 2467 Item
359 2404 483 2470 ditectio
494 2407 639 2485 precinct
656 2406 711 2471 boc
731 2408 829 2489 enuit
846 2406 982 2471 etinbct:
1002 2407 1094 2473 debeo
1146 2403 1316 2472 Hebraeos
1337 2427 1376 2470 ea
1396 2407 1468 2487 ipsa
1490 2414 1540 2471 est
1561 2426 1645 2487 quae
1667 2405 1707 2469 ab
1726 2405 1937 2488 evangelistis
1958 2407 2126 2486 recitatur,

110 2494 214 2570 petere
234 2489 335 2570 fratri
353 2490 390 2554 ici
411 2490 522 2555 bonnm
544 2492 626 2571 qnod
643 2492 724 2556 milei
740 2498 820 2575 peto,
843 2513 906 2558 non
927 2493 1028 2558 solnm
1048 2495 1095 2558 ui·
1146 2513 1265 2574 nempe
1287 2493 1382 2557 haec:
1406 2491 1522 2571 Pater,
1546 2492 1574 2556 si
1603 2492 1676 2555 fieri
1703 2499 1825 2572 potest,
1855 2499 2004 2556 transeat
2031 2512 2051 2555 a
2071 2512 2127 2558 me
2216 2544 2219 2550 .

112 2575 210 2653 emti,
237 2575 293 2639 sed
315 2580 344 2639 et
364 2581 493 2642 mortno.
540 2578 627 2641 Nan
649 2599 747 2659 qnare
768 2598 854 2642 nnnc
874 2577 964 2643 illum
987 2581 1094 2643 statim
1147 2577 1233 2643 calix
1265 2581 1335 2642 iste.
1381 2578 1496 2659 Neque
1529 2576 1622 2642 obest
1653 2576 1740 2659 quod
1772 2576 1839 2640 illic
1874 2576 1993 2642 dicitur
2024 2576 2127 2644 fuisse

114 2660 287 2726 annau
315 2681 336 2725 α
368 2666 433 2725 tam
460 2665 518 2744 pio
546 2668 612 2729 uoto
638 2665 721 2746 qnod
747 2665 813 2744 ipsi
844 2684 944 2744 nuper
976 2665 1095 2746 efflanti
1146 2662 1336 2742 exauditus;
1364 2684 1428 2746 quo
1451 2663 1657 2747 significatur
1679 2661 1884 2745 simpliciter,
1914 2673 2043 2745 patrem
2066 2662 2128 2728 filii
2216 2720 2221 2725 .
2278 2674 2284 2689 ¹

113 2747 257 2811 animum
286 2752 395 2828 optare
413 2746 621 2814 debebamus?
664 2750 733 2813 Ant
753 2751 898 2815 doceatur
913 2770 974 2830 per
995 2751 1094 2832 scrip·
1146 2751 1197 2814 sui
1218 2750 1305 2814 votis
1327 2769 1395 2813 non
1419 2749 1574 2814 habuisse
1597 2747 1724 2813 clausas
1753 2769 1857 2813 aures.
1904 2749 1955 2813 Ne
1976 2747 2050 2833 quis
2068 2769 2127 2814 au-

113 2838 218 2897 turum
240 2853 306 2911 cur,
324 2833 524 2899 intercedente
545 2841 648 2914 ritorto,
669 2836 792 2900 excindi
814 2836 927 2901 debeat.
1145 2842 1213 2900 tem
1245 2834 1308 2899 hoc
1341 2835 1488 2899 alienum
1521 2857 1541 2899 a
1572 2835 1741 2916 scriptoris
1774 2855 1874 2899 sensu
1903 2840 2126 2900 commentum

200 2922 231 2982 8.
267 2916 428 2985 Postremo
466 2921 621 3003 quidquid
650 2924 848 3004 memmenni
880 2927 925 2987 est
962 2944 983 2986 α
1015 2922 1092 3001 Deo,
1146 2941 1218 2987 esse
1245 2930 1413 2999 causetur,
1442 2921 1525 2985 nihil
1555 2920 1700 3002 apertius
1724 2928 1774 2984 cst
1801 2941 1900 3002 quam
1929 2922 2028 2986 istam
2055 2941 2127 2987 csse

112 3005 253 3070 nondum
275 3003 460 3085 exhibitum,
482 3008 539 3086 pic
566 3014 594 3072 et
621 3012 726 3073 sanae
741 3009 809 3090 peti
836 3008 927 3073 debu.
974 3007 1093 3074 Resur-
1146 3007 1649 3091 germanamlocisententiam:
1672 3005 1851 3070 filiuserat
1870 3027 1937 3070 non
1957 3006 2127 3090 neglectus

112 3091 204 3155 rectio
226 3095 422 3156 mortuorum
449 3098 476 3156 et
500 3092 565 3156 cito
590 3098 640 3157 etc.
660 3095 886 3174 promittuntur
914 3116 935 3159 α
957 3093 1038 3173 Deo,
1066 3098 1094 3158 et
1146 3101 1285 3175 epatre,
1304 3093 1412 3157 oravit
1430 3099 1467 3155 ut
1485 3113 1505 3156 a
1522 3102 1627 3156 morte
1645 3089 1849 3169 liberaretur,
1871 3091 1996 3158 discere
2014 3101 2127 3156 tamen

113 3179 251 3244 mum
273 3181 347 3241 cunt
368 3177 521 3257 exhibita,
549 3199 620 3263 erpo
637 3181 706 3262 peti
721 3184 855 3262 possunt
874 3184 903 3243 ct
923 3179 1042 3262 debon,
1064 3184 1093 3244 et
1145 3177 1298 3261 patiendo
1336 3177 1554 3243 obedientiam
1592 3177 1704 3259 ipsum
1742 3177 1897 3259 oportuit.
1948 3175 2044 3257 Quod
2084 3199 2126 3241 ex

115 3258 166 3329 boc
188 3267 234 3329 est
257 3282 350 3328 crore
370 3267 407 3327 nt
426 3265 542 3329 mortni
564 3269 737 3350 resnrqant.
784 3265 890 3349 Iqitnr
906 3269 956 3331 etc.
1144 3265 1279 3330 Psalmo
1308 3267 1355 3328 16.
1380 3264 1515 3343 citatur,
1542 3283 1610 3327 non
1639 3269 1689 3326 est
1716 3263 1787 3327 vice
1816 3263 2013 3346 precationis
2041 3263 2126 3329 acci·

1144 3349 1311 3433 piendum.
1356 3349 1531 3413 Infirmum
1560 3348 1649 3413 enim
1671 3347 1792 3430 alioqui
1820 3348 1936 3413 fuisset
1957 3347 2050 3413 Petri
2072 3369 2126 3413 ar·

1144 3442 1339 3520 gumentum
1368 3454 1409 3498 ex
1440 3432 1503 3499 hoc
1531 3434 1601 3498 loco
1627 3432 1669 3496 ad
1697 3432 1902 3516 probandam
1924 3431 2052 3499 Christi
2074 3455 2126 3499 re-

502 3522 701 3587 Confutatio.
1145 3521 1390 3587 surrectionem.
1426 3519 1562 3604 Colligit
1583 3518 1671 3584 enim
1693 3518 1727 3583 id
1750 3518 1786 3584 in
1808 3519 1972 3585 Davidem
1995 3541 2125 3605 compe·

1144 3614 1214 3671 tere
1235 3627 1304 3671 non
1325 3606 1479 3690 potuisse,
1502 3604 1632 3688 quando
1654 3606 1725 3670 eius
1747 3604 1888 3671 cadaver
1909 3607 2127 3689 computruis-

197 3698 224 3759 l.
260 3692 430 3778 Principio
452 3693 539 3777 quod
560 3693 733 3758 Christum
755 3713 816 3777 pro
833 3692 985 3759 omnibus
1007 3694 1091 3762 elec-
1144 3701 1202 3758 set.
1248 3690 1366 3757 Nonne
1388 3700 1458 3755 tota
1480 3693 1550 3757 eius
1578 3691 1783 3757 ratiocinatio
1811 3691 1901 3756 eludi
1922 3700 2065 3775 poterat,
2095 3692 2125 3756 si

114 3779 256 3863 tiq1pag.
276 3783 330 3859 74]
350 3781 450 3845 etiam
471 3781 526 3862 qui
545 3779 616 3844 eius
634 3779 817 3845 adventum
834 3790 1090 3863 praecesserant,
1143 3779 1216 3862 quis
1238 3776 1469 3860 respondisset,
1492 3776 1658 3843 Davidem
1680 3775 1814 3859 quidem
1835 3796 1954 3853 orasse,
1978 3776 2036 3843 sed
2059 3798 2124 3841 non

113 3885 220 3934 orasse
237 3864 400 3945 obiicitur,
423 3865 457 3930 id
475 3886 542 3930 non
559 3865 601 3930 ad
620 3864 802 3949 quamlibet
819 3867 1002 3931 orationem
1018 3889 1091 3951 per·
1143 3863 1320 3930 exorasse?
1365 3863 1480 3946 Neque
1506 3863 1606 3928 etiam
1629 3863 1656 3927 si
1678 3861 1890 3940 concedatur,
1911 3861 2082 3927 Christum
2104 3883 2125 3926 a

115 3953 209 4033 tinet,
238 3952 300 4018 sed
321 3950 364 4016 ad
386 3973 460 4017 eam
488 3952 675 4034 specialiter
700 3953 909 4018 referendum
931 3961 997 4030 est,
1026 3975 1091 4036 qua
1143 3957 1238 4034 patre
1260 3950 1392 4032 petiisse
1414 3956 1452 4014 ut
1473 3949 1701 4026 suscitaretur,
1731 3948 1884 4031 protinus
1906 3945 1990 4012 illud
2012 3967 2124 4011 erem·

113 4059 206 4105 suum
227 4057 290 4122 pro
311 4036 460 4102 fidelium
482 4037 706 4120 redemptione
728 4038 923 4105 sacrificium
945 4040 1032 4122 patri
1053 4047 1092 4104 ut
1143 4036 1236 4121 plum
1258 4035 1300 4100 ad
1321 4056 1382 4100 nos
1404 4033 1547 4099 derivari
1569 4040 1691 4116 potest,
1721 4054 1861 4116 quorum
1885 4038 1959 4112 [pag.
1979 4037 2033 4111 76]
2056 4053 2123 4097 non

114 4130 282 4209 acceptum
315 4132 404 4189 esset
440 4123 627 4206 postulavit.
672 4125 724 4188 lla
756 4131 867 4189 autem
906 4125 1010 4189 oratio
1043 4125 1090 4191 sic
1143 4123 1246 4187 refert
1271 4121 1438 4197 suscitari,
1467 4120 1531 4185 nisi
1559 4119 1694 4202 impleto
1716 4117 1844 4184 Christi
1872 4139 1982 4266 repro.
2027 4117 2124 4184 Illius

113 4212 322 4277 coniunctam
348 4208 449 4275 habet
475 4231 551 4276 cum
579 4209 738 4274 sacrificio
761 4210 936 4287 rationem,
964 4217 1091 4275 utnon
1143 4216 1269 4286 autem,
1297 4207 1353 4289 qui
1381 4205 1454 4270 aliis
1481 4206 1570 4270 vitae
1591 4204 1713 4269 fiducia
1733 4224 1805 4270 osse
1828 4202 1910 4268 debe
1933 4212 1980 4280 at,
2011 4224 2123 4269 neces·

113 4318 168 4381 por
190 4318 228 4363 se
249 4293 468 4374 resumenda,
496 4294 569 4373 sed,
592 4294 869 4378 quemadmodum
892 4294 1011 4359 abillo
1033 4293 1090 4361 de·
1142 4294 1230 4358 saria
1251 4300 1322 4357 erat
1344 4291 1453 4356 subita
1475 4292 1679 4368 resurrectio,
1702 4297 1740 4354 ut
1760 4310 1803 4353 ne
1821 4288 2029 4371 corruptione
2052 4290 2123 4371 qui·

110 4382 245 4467 pendet,
274 4383 323 4446 ita
344 4382 442 4446 etiam
471 4380 513 4445 ad
540 4380 624 4445 illud
650 4380 820 4445 limitanda
842 4381 894 4445 sit.
938 4381 1090 4446 Dicimus
1144 4377 1219 4443 dem
1242 4379 1471 4461 attingeretur.

112 4489 187 4554 ergo
216 4466 356 4534 eandem
383 4468 483 4533 fuisse
511 4468 668 4532 orationis
701 4467 772 4532 eius
798 4467 974 4544 rationem,
1007 4486 1090 4548 quae
1228 4471 1257 4529 4.
1291 4463 1447 4529 Gemitus
1468 4462 1524 4527 ille
1546 4461 1709 4537 fidelium,
1732 4481 1796 4542 quo
1818 4460 1852 4523 in
1870 4478 1949 4523 suae
1969 4459 2121 4544 redemp-

115 4553 264 4621 sacrificii
285 4561 372 4633 erat;
400 4554 512 4635 inepte
539 4575 617 4618 vero
639 4554 760 4636 ipsam,
788 4551 968 4635 praeterita
989 4552 1090 4618 sacri-
1143 4549 1241 4616 tionis
1269 4548 1569 4614 manifestationem
1596 4547 1779 4629 suspirant,
1817 4543 1997 4609 videndum
2024 4555 2076 4612 est
2102 4568 2120 4612 e

113 4641 176 4705 ficii
196 4639 376 4719 mentione,
398 4637 607 4718 considerari,
630 4658 651 4702 a
672 4660 736 4722 quo
758 4638 857 4704 avelli
879 4637 971 4702 nullo
993 4637 1090 4703 modo
1141 4657 1206 4719 quo
1232 4637 1323 4700 fonte
1356 4634 1489 4699 oriatur.
1532 4631 1675 4696 Dixerat
1706 4630 1802 4713 paulo
1835 4637 1912 4696 ante
1944 4632 2121 4715 apostolus,

117 4734 234 4807 potest,
262 4732 301 4789 nt
320 4725 415 4791 istius
442 4725 600 4790 orationis
620 4724 797 4807 postulatio
817 4732 886 4789 tota
907 4722 968 4789 sub
990 4725 1090 4790 sacri
1142 4723 1230 4805 ipsas
1252 4741 1379 4804 quoque
1400 4721 1597 4783 inanimatas
1619 4724 1787 4803 creaturas
1814 4716 1957 4781 naturali
1978 4716 2120 4800 quadam

120 4810 179 4876 licii
195 4811 342 4877 efficacia
359 4811 576 4877 contineatur.
603 4809 701 4891 Quod
721 4811 749 4876 si
761 4809 888 4876 Christi
901 4810 1091 4893 exemplum
1143 4806 1355 4873 inclinatione
1372 4806 1450 4870 ferri
1461 4805 1498 4868 in
1515 4824 1609 4868 suam
1621 4802 1862 4885 perfectionem,
1880 4823 1964 4884 quae
1979 4803 2120 4887 gloriam

120 4893 196 4961 illud
226 4895 270 4962 ad
300 4917 360 4962 nos
392 4897 525 4962 trahere
555 4896 652 4976 libet,
686 4917 752 4961 non
787 4905 856 4962 tam
888 4896 1091 4962 imitabimur
1143 4894 1237 4978 regni
1267 4892 1332 4957 Dei
1360 4897 1584 4972 consequetur.
1629 4887 1719 4953 Hinc
1750 4909 1770 4952 a
1799 4889 1917 4953 minori
1950 4888 2040 4955 ducit
2068 4910 2121 4953 ra-

384 4993 386 4995 ’
1143 4980 1275 5044 tionem.
1321 4975 1428 5042 Multo
1474 4975 1576 5058 igitur
1621 4975 1726 5058 magis
1770 4975 1863 5040 nobis
1904 4975 2122 5058 ingemiscen-

1144 5065 1232 5143 dum,
1261 5065 1317 5146 qui
1345 5063 1482 5145 spiritus
1508 5058 1697 5143 primordiis
1726 5081 1842 5126 sumus
1893 5058 2020 5126 raediti·
2066 5060 2121 5125 Ex

185 5171 211 5237 1)
236 5171 360 5229 Videas
378 5170 518 5241 hyesdem
537 5171 587 5224 nt:
605 5176 640 5223 et.
1144 5172 1192 5230 ea,
1210 5152 1354 5233 inquam,
1373 5146 1493 5212 fiducia
1502 5145 1721 5231 proficiscitur
1732 5147 1837 5212 eiusm
1880 5147 1891 5209 i
1911 5144 2118 5211 desiderium.

128 5068 316 5081 -Q—-n
