4590 5902
176 250 235 313 sss
716 328 720 333 ,
1071 247 1283 317 monum.
2121 259 2185 321 sto

168 439 362 522 pcccatorum
379 455 494 501 cousus
504 437 695 502 eusduditet
705 439 827 518 peccati
843 438 989 520 reliquiis
1006 440 1156 520 medetur,
1204 436 1351 504 roborare
1372 459 1410 505 ac
1431 440 1615 522 confirmare
1630 447 1779 524 possunt,
1803 462 1898 524 quam
1920 443 2020 508 malos
2041 443 2186 510 tumores

174 543 209 589 oc
229 522 428 606 temporalem
443 543 579 606 poenam
602 527 677 603 [pag.
698 528 750 602 34]
774 524 820 588 oel
841 524 930 606 tollit,
952 524 999 589 oel
1019 525 1151 609 mdipat,
1204 543 1220 587 e
1241 525 1421 606 corporibus
1442 528 1599 591 eiecerint:
1619 528 1699 609 quod
1727 529 1792 592 nisi
1816 529 1953 610 feoerint,
1972 550 2034 594 nou
2049 533 2186 610 prosunt

173 613 200 674 et
220 609 255 673 in
276 608 450 690 enunplnm
471 609 602 690 denique
618 608 790 675 adhibetur.
1204 629 1335 763 κᾶξω,
1357 612 1412 676 sed
1432 614 1537 695 mapis
1558 612 1674 678 obsunt.
1712 614 1785 678 Iam
1805 619 1919 694 piccuto
1936 615 2039 678 nudior
2059 616 2110 682 lio
2127 616 2184 681 od·

260 693 323 760 Sed
343 700 377 759 ut
398 695 442 759 ad
463 695 685 761 absolutionum
706 697 883 775 sacerdotis,
905 698 941 760 in
963 718 1028 778 quo
1037 698 1151 763 comis-
1204 693 1226 759 b
1316 717 1337 761 α
1355 703 1400 762 est
1420 699 1535 778 contio,
1557 720 1595 763 ru
1616 700 1744 784 indipne
1764 720 1888 765 sumas:
1918 705 2002 764 tanto
2017 701 2096 783 plus
2116 721 2184 766 oon·

172 780 208 845 tit
229 782 280 845 ois
300 782 488 846 sacramenti
502 782 726 862 poenitentioe,
752 782 932 847 redeamus:
956 783 1153 864 formosius
1204 780 1368 847 solutionis
1389 785 1531 866 copiunt,
1560 785 1616 865 qui
1636 785 1860 852 eucharistiam
1881 785 1974 868 dipne
1993 806 2030 851 ac
2047 788 2105 869 pie
2131 806 2184 850 su-

173 870 200 931 et
222 866 347 932 uerbum
363 866 425 932 tale
446 886 512 933 esse
524 867 617 946 debet,
638 867 741 950 utqui
754 866 921 948 mutiletur,
935 869 1049 935 audire
1062 873 1152 950 atque
1203 872 1301 946 munt,
1324 872 1351 932 et
1372 871 1505 951 copitont
1526 891 1559 936 se
1574 892 1663 953 poue
1684 893 1700 937 e
1721 871 1802 936 coelo
1824 871 2032 950 descendente,
2062 873 2119 955 qui
2139 872 2186 937 oi-

172 951 343 1035 intellipers
355 954 458 1035 possit
479 951 542 1017 sibi
558 953 678 1032 uirtute,
700 955 810 1019 merito
822 973 858 1018 ac
879 952 1153 1037 beneficioCltristi
1204 957 1269 1017 tom
1289 953 1345 1018 dat
1363 955 1494 1035 mundo,
1522 958 1618 1036 nesci,
1649 961 1678 1020 et
1702 978 1741 1022 erc
1760 955 1816 1021 boo
1842 977 1948 1021 oerum
1977 963 2068 1040 atque
2089 957 2185 1042 spiri·

166 1042 294 1121 pmoota
324 1040 457 1118 remitti,
495 1039 586 1103 iusta
613 1038 710 1103 luins
743 1040 920 1105 institution
952 1046 982 1106 et
1010 1040 1152 1106 rubum:
1204 1038 1287 1103 tuale
1306 1039 1403 1104 robur
1424 1045 1528 1106 contra
1552 1043 1658 1107 mursia
1680 1043 1768 1108 mala
1783 1043 1955 1123 percipere.

174 1122 312 1205 Qruornu
331 1125 519 1190 remiseritis
523 1129 660 1206 peccata,
682 1127 883 1191 reumuunu
904 1126 957 1191 eis.
992 1125 1081 1191 Nam
1097 1126 1152 1193 lsoc

171 1228 288 1275 munins
308 1215 352 1276 est
372 1210 451 1289 Dei,
478 1230 575 1292 quun
602 1211 813 1276 ministerium
841 1214 883 1277 sit
904 1213 1090 1293 sacerdotis,
1117 1217 1152 1275 ut

171 1295 274 1360 mis
296 1296 458 1362 Ambrosii
480 1301 617 1360 utamur·
1518 1247 1570 1311 De
1592 1268 1686 1314 sacru
1708 1249 1873 1314 unctione.

1292 1378 1505 1461 Sauameuta,
1529 1403 1609 1464 quae
1621 1383 1722 1467 poulo
1734 1385 1882 1466 superins
1898 1384 2075 1465 posuimus,

1203 1484 1279 1528 uam
1300 1487 1377 1532 sanc
1396 1473 1424 1533 et
1444 1468 1649 1552 multiplicem
1662 1470 1828 1535 utilitatem
1836 1471 1944 1554 peruri
1960 1404 2184 1554 burianam

1203 1556 1293 1616 urunt:
1319 1553 1395 1617 dum
1415 1559 1471 1618 aut
1496 1575 1534 1618 er
1555 1560 1703 1621 uetustate
1730 1557 1838 1621 caruis
1863 1556 2043 1639 laupuentes
2063 1577 2184 1641 repono-

260 1638 324 1720 Qui
350 1640 417 1703 iam
444 1659 508 1721 per
531 1645 762 1706 sacramentum
791 1640 1000 1722 poenitentiae
1034 1640 1152 1706 revicit
1202 1643 1289 1716 runt,
1319 1644 1376 1703 aut
1396 1646 1591 1724 reponuntor
1610 1642 1643 1705 iu
1665 1643 1772 1725 pro-tia
1794 1662 1890 1723 quam
1917 1647 2097 1724 acceperunt
2115 1662 2184 1709 con·

171 1724 206 1789 irs
226 1722 380 1805 Domino,
409 1727 534 1791 ciitem
554 1747 672 1793 necesse
694 1733 740 1792 cst
762 1727 822 1806 ali,
850 1731 879 1791 ct
899 1727 935 1791 iu
956 1727 1032 1791 bono
1053 1727 1150 1809 spiri
1201 1720 1346 1803 Duram,
1386 1732 1443 1790 out
1474 1726 1616 1808 relapsos
1655 1729 1690 1791 in
1721 1729 1859 1811 pralium
1891 1728 1974 1793 mede
2007 1727 2185 1794 deciderunt

170 1810 253 1877 tuali
273 1830 413 1877 messere.
461 1812 604 1876 Instituit
625 1813 725 1897 ipitru
748 1811 893 1879 corum
920 1815 1151 1879 sacramentum
1202 1810 1385 1890 restituunt,
1414 1817 1470 1876 aut
1496 1814 1653 1877 restitutos
1676 1811 1801 1878 Cluristo
1825 1812 1954 1895 ficuum
1979 1815 2112 1878 nnmnt:
2146 1814 2183 1879 in

171 1896 380 1963 mebaristiue
400 1899 459 1963 sub
480 1896 603 1964 risibili
624 1900 724 1980 specie
738 1900 838 1983 panis
858 1899 979 1978 etoiui,
1001 1899 1083 1981 quod
1101 1918 1151 1962 oe·
1202 1914 1293 1976 quun
1313 1916 1421 1976 nsurn,
1445 1917 1572 1979 eumque
1593 1898 1773 1978 salutarem,
1794 1919 1856 1963 non
1877 1899 1958 1965 deest
1979 1900 2185 1965 sacromudir

173 2002 257 2083 rum·
269 1979 390 2082 Christi
410 2004 523 2084 corpus
544 1990 572 2048 et
593 1986 780 2083 sanquinem
796 1984 885 2050 nobis
895 1984 1032 2065 praebet,
1054 1982 1152 2081 otboo
1201 1981 1308 2064 pratia
1332 1980 1481 2082 cortou,
1496 1984 1551 2082 sod
1577 1984 1651 2083 laec
1672 1986 1782 2083 potius
1803 2005 1864 2065 per
1890 1984 1997 2050 eadem
2018 1984 2116 2052 vetut
2136 1986 2184 2052 iu·

173 2068 1153 2239 smtsutcsrtunsurus
1203 2067 2184 2238 transsumuntur

174 2240 378 2321 medriamnr,
401 2247 521 2308 etcum
543 2244 669 2322 sanctis,
692 2244 727 2306 in
745 2262 909 2324 corumque
929 2241 1151 2319 communione,
1203 2243 1269 2302 tam
1285 2244 1386 2319 patet,
1413 2246 1516 2306 tamen
1543 2262 1581 2305 ne
1608 2241 1710 2323 bomo,
1739 2263 1835 2323 quum
1856 2247 2006 2326 aeprotat,
2033 2242 2185 2309 desideret

173 2344 375 2410 mrpuoamm
395 2348 456 2410 por
477 2329 645 2393 caritatem.
697 2327 786 2395 Unus
811 2330 894 2393 enim
910 2328 1026 2410 punis,
1054 2347 1153 2393 unmn
1203 2324 1381 2390 sebsidium
1409 2327 1584 2408 peculiare,
1617 2327 1699 2410 quod
1735 2327 1788 2392 boc
1820 2329 1888 2392 eius
1914 2328 2184 2409 periculosissimo

173 2430 282 2495 corpus
303 2412 541 2512 multisumus,
570 2433 673 2478 omnes
694 2416 750 2496 qui
777 2436 816 2480 ex
837 2433 899 2479 uuo
915 2433 1002 2497 pane
1017 2413 1152 2495 partici-
1203 2415 1350 2511 ternpore,
1367 2411 1415 2476 vel
1431 2413 1555 2493 corpori
1576 2414 1681 2496 ipsius
1701 2413 1872 2512 usbuenire,
1895 2414 1944 2514 oel
1957 2414 2098 2513 animiam
2115 2433 2184 2480 oon·

170 2499 630 2651 mublodnnsbumllbibb
647 2498 947 2652 &amm
971 2584 1066 2650 ocrbo
1093 2583 1152 2650 illa
1203 2496 2184 2668 Zkffiaeasffluffiwugz1uzumffisfffflguffl

174 2669 326 2750 solennia,
359 2690 439 2752 puae
469 2669 615 2738 Obristus
643 2674 711 2755 ipse
740 2672 838 2737 dedit:
871 2671 940 2737 Hoc
968 2676 1013 2735 est
1039 2689 1152 2754 corpus
1203 2667 1266 2732 dat.
1311 2667 1407 2735 Hanc
1427 2671 1601 2736 unctionem
1615 2673 1720 2754 pruni
1741 2675 1942 2738 couuurunt
1962 2672 2105 2753 apostoli:
2126 2672 2183 2755 qui

174 2775 288 2823 meum:
304 2756 474 2823 ditonum:
497 2757 561 2823 Hic
578 2759 716 2824 estenim
728 2759 813 2825 calin
825 2757 993 2843 sanpuiuis
1007 2761 1082 2837 [pun
1095 2761 1150 2835 35]
1203 2754 1352 2820 mandato
1374 2754 1509 2821 Domini
1530 2757 1573 2821 ad
1594 2756 1845 2839 praedicandum
1866 2758 2061 2840 eoarpclium
2081 2758 2183 2840 missi,

174 2843 232 2908 mei
251 2847 304 2909 etc
326 2842 461 2928 (Mnuh.
482 2847 533 2923 26,
553 2845 593 2907 26
617 2845 684 2928 ss).
1203 2839 1370 2906 daemonia
1391 2841 1567 2922 eiiciebant,
1590 2849 1619 2908 et
1639 2843 1702 2909 oleo
1724 2843 1877 2929 unpebant
1897 2843 2011 2909 multos
2031 2841 2183 2925 infirmos,

260 2928 350 3010 Quod
370 2931 401 2994 si
422 2930 522 3014 ipitur
545 2928 668 2995 muru
694 2935 723 2995 et
744 2928 833 2996 uerbo
855 2929 925 2995 eins
950 2933 1073 2995 tautmn
1094 2931 1151 2994 tri-
1203 2926 1445 2992 etsanabantur
1466 2927 1584 3011 (Marc.
1604 2933 1633 3008 6,
1655 2928 1718 3028 13).
1765 2929 1851 3012 Quaac
1878 2929 1985 3012 ntique
2005 2949 2183 2994 sacramur·

177 3012 310 3095 luimus,
337 3020 489 3097 quodum
514 3015 671 3082 debemus:
698 3015 830 3081 dubium
858 3035 918 3080 uon
941 3020 986 3081 cst
1010 3014 1087 3096 puin
1108 3016 1151 3079 si-
1202 3011 1279 3077 talis
1300 3018 1329 3076 et
1344 3014 1485 3097 rustica,
1507 3034 1569 3079 non
1586 3014 1785 3080 medicinalis
1801 3019 1860 3080 aut
1876 3014 2057 3097 corporatis,
2079 3016 2183 3081 unctio

176 3100 275 3167 nutu
294 3100 390 3166 rerba
411 3102 518 3168 eadem
539 3103 687 3167 accedunt
714 3104 757 3168 od
772 3121 892 3184 panem
914 3106 942 3165 et
962 3101 1085 3181 oiuum,
1111 3121 1150 3165 eu
1201 3096 1282 3180 fuit:
1303 3099 1346 3163 ad
1367 3119 1464 3182 quam
1484 3101 1566 3165 inter
1588 3102 1683 3166 initio
1702 3099 1795 3181 fidoi,
1816 3104 1944 3165 erotema
1965 3101 2058 3164 etiarn
2079 3120 2182 3182 corpo

176 3182 221 3252 lis
238 3186 297 3268 fiet
317 3207 426 3254 oerum
447 3209 561 3270 corpm
583 3193 611 3253 et
631 3208 723 3252 verus
744 3189 877 3272 sanquis
896 3184 1025 3264 Cluati,
1047 3191 1151 3268 quate·
1201 3184 1252 3248 ris
1268 3185 1402 3265 sonitus,
1418 3186 1510 3267 quasi
1521 3187 1677 3268 quoddam
1694 3187 1835 3252 isdemne
1852 3186 2028 3251 sanationis
2045 3187 2180 3270 sipnum,

177 3290 231 3339 mu
244 3272 348 3354 panis
368 3293 406 3339 ac
423 3275 492 3339 uiui
513 3274 689 3340 substantio
710 3275 745 3338 iu
767 3293 874 3339 cortun
897 3270 1016 3338 Christi
1037 3292 1151 3355 corpus
1201 3270 1449 3351 consequebatur,
1472 3272 1732 3354 quemadmodum
1749 3273 1783 3336 ln
1805 3271 1883 3337 aliis
1902 3273 2115 3351 sonomentis,
2137 3271 2182 3337 ad

177 3359 415 3443 otranpuincm
449 3365 695 3426 trorummatur:
729 3359 813 3442 quod
844 3360 899 3440 qui
931 3363 1034 3442 nepot,
1067 3359 1151 3424 idom
1201 3356 1542 3422 couunerrdationemet
1568 3357 1832 3439 coadunationem
1861 3356 1954 3422 rudis
1975 3357 2078 3424 adbuc
2096 3357 2182 3440 fidei,

179 3439 291 3510 Giristi
316 3447 572 3529 omnipotentiam
599 3447 633 3510 in
667 3446 799 3511 dubium
826 3450 927 3524 uocat,
961 3450 990 3509 et
1019 3445 1149 3510 eundem
1202 3442 1327 3506 utura
1348 3442 1450 3506 uirtus
1470 3443 1607 3508 oeternis
1633 3449 1661 3509 et
1683 3443 1881 3509 sensibilibus
1909 3445 2012 3528 sipnis
2034 3448 2061 3508 et
2081 3444 2182 3510 miro·

177 3527 276 3610 psum
295 3532 447 3598 omnam
466 3533 639 3598 insimulat,
691 3575 692 3578 κ
1201 3527 1282 3591 culis
1302 3527 1582 3594 dsmornstrobatur.
1629 3529 1724 3595 Nunc
1748 3551 1821 3594 vero
1850 3528 1963 3595 oculu
1991 3535 2019 3595 et
2045 3528 2183 3596 corrobo-

259 3617 325 3699 Qun
345 3619 449 3701 napis
470 3619 643 3684 cauendum
664 3623 721 3696 est,
750 3637 788 3680 ue
809 3615 938 3699 indipne
966 3614 1020 3680 boc
1040 3634 1149 3682 sacra·
1200 3617 1273 3678 rota
1293 3613 1373 3693 tides
1393 3615 1486 3698 sipna
1508 3635 1588 3697 quae
1608 3616 1747 3698 infirmis
1765 3616 1884 3681 dantru
1905 3635 1967 3680 non
1988 3617 2131 3698 requirit.

178 3707 304 3768 neutum
326 3709 480 3769 sumatur.
526 3704 687 3785 Scriptum
709 3707 754 3768 cst
771 3703 869 3768 enim:
899 3701 1064 3783 Numqui
1086 3702 1149 3766 edit
1288 3699 1399 3765 Huius
1417 3702 1564 3783 mysticae
1591 3701 1794 3767 etsalntoris
1822 3701 1979 3767 unctionis
2000 3723 2021 3767 a
2043 3701 2182 3768 Domino

170 3790 227 3851 art
245 3787 320 3853 bibit
341 3789 481 3873 indipne,
503 3791 657 3855 iudicium
679 3789 741 3855 sibi
763 3789 826 3855 edit
846 3808 883 3853 ao
911 3787 995 3866 bibit,
1016 3807 1078 3853 non
1098 3787 1147 3852 di·
1198 3784 1351 3868 fuudatae
1390 3787 1501 3866 ritum,
1540 3807 1600 3870 quo
1640 3788 1866 3854 administrari
1904 3807 1973 3852 eam
2013 3788 2181 3866 conueniat,

166 3870 317 3941 indicans
336 3894 448 3956 corpus
470 3875 611 3942 Domini.
648 3874 783 3958 Propter
804 3874 858 3939 boo
879 3874 972 3939 muti
992 3874 1073 3939 inter
1093 3894 1148 3938 uos
1199 3871 1359 3952 apostolus
1382 3871 1516 3937 Iacobus
1525 3874 1758 3958 promulpaoit:
1781 3872 1973 3955 Infirmotur
1990 3875 2062 3955 quis
2079 3875 2115 3938 iu
2131 3893 2182 3937 oo-

172 3956 386 4040 inimicent
410 3982 447 4027 ac
475 3961 649 4041 imbecilles,
673 3966 700 4027 et
721 3961 882 4026 dormiunt
902 3959 995 4025 multi
1017 3959 1050 4043 (l
1072 3959 1146 4026 Oor.
1199 3957 1272 4022 bis?
1294 3957 1421 4023 inducat
1436 3959 1632 4042 presbyteros
1653 3960 1806 4037 ecclesiae,
1829 3965 1863 4023 ut
1884 3964 1969 4023 orerit
1985 3978 2081 4038 super
2101 3978 2180 4038 eum,

177 4045 223 4121 tl,
241 4049 281 4111 ts
303 4046 397 4131 som).
441 4047 575 4131 Indipnc
602 4052 705 4112 autem
734 4047 831 4112 sumit
858 4052 1088 4111 sacromentum
1110 4046 1148 4110 st
1199 4048 1346 4127 unpentes
1367 4064 1437 4108 curn
1466 4044 1529 4110 oleo
1550 4045 1583 4108 in
1611 4047 1735 4111 nornine
1756 4045 1909 4110 Domini:
1936 4045 2086 4110 doratio
2104 4044 2181 4126 fidei

151 4124 240 4212 lud,
265 4134 630 4215 pannuceauatter
651 4134 689 4199 de
710 4133 858 4198 cosentit
882 4152 980 4214 qnam
1001 4137 1146 4213 oportum,
1199 4128 1334 4193 salvabit
1365 4129 1543 4211 infirmum,
1577 4136 1603 4194 et
1632 4130 1792 4196 adeoiabit
1818 4151 1888 4194 eum
1918 4128 2095 4209 Dominus,
2128 4135 2179 4194 etc.

150 4222 226 4281 «tid
246 4238 307 4283 non
336 4240 405 4285 oere
425 4219 590 4300 resipiscit.
638 4219 725 4285 Nam
750 4223 785 4284 ut
806 4217 1006 4302 Anpusto‘nus
1033 4218 1146 4300 iuquit,
1199 4213 1419 4300 (Inc.5,14).
2014 4235 2018 4246 ·

153 4307 264 4369 mnu
283 4306 391 4385 citam,
413 4307 468 4387 qni
485 4305 552 4370 nult
573 4306 709 4387 accipere
727 4305 841 4370 uitam:
862 4323 937 4368 nam
953 4304 983 4368 si
1000 4323 1062 4368 non
1079 4323 1147 4369 mu·
1287 4299 1405 4381 Qnmnti
1425 4307 1530 4367 autem
1551 4303 1588 4366 in
1609 4302 1735 4367 ecclesia
1756 4321 1821 4366 esse
1841 4299 1946 4365 debeat
1966 4301 2175 4366 testimouium

146 4390 212 4451 ‘et
233 4391 346 4472 onan,
381 4392 425 4457 ad
451 4392 607 4456 iudicium
633 4391 761 4472 accipiet
786 4391 899 4454 oimm:
925 4394 953 4453 et
978 4390 1081 4472 uuapis
1108 4411 1147 4455 eu
1196 4385 1312 4468 fratris
1332 4387 1422 4453 illius
1444 4386 1594 4466 Domini,
1615 4389 1825 4453 testimoninm
1846 4385 1996 4464 dicimus,
2024 4387 2085 4450 imo
2106 4407 2178 4453 oero

147 4470 243 4552 'ipsa
273 4479 497 4559 corrumpitur,
535 4497 632 4561 quarn
666 4481 810 4542 sanetur:
846 4475 950 4559 napis
988 4474 1146 4556 occiddur,
1192 4473 1421 4557 promnlpatio:
1443 4495 1537 4554 quam
1559 4495 1657 4556 prtum
1677 4474 1750 4556 fecit
1767 4472 1887 4556 lepotus
1906 4476 1997 4552 aune
2019 4474 2180 4553 apostolus

153 4576 265 4637 fluam
285 4562 466 4644 vivificetur.
511 4562 622 4646 Itaque
637 4562 804 4644 probardo
825 4567 870 4626 est
895 4561 1078 4626 consuetudo
1098 4581 1146 4628 ec·
1200 4555 1333 4638 Obruit,
1357 4557 1502 4625 Christus
1523 4564 1557 4623 ut
1578 4580 1599 4623 a
1626 4580 1659 4624 sc
1678 4560 1799 4642 factam
1813 4556 1928 4638 procrd
1959 4556 2053 4624 dubio
2075 4563 2180 4624 ratam

143 4643 294 4727 euriae,
316 4669 396 4730 arnse
417 4649 571 4715 bominem
599 4669 661 4715 non
683 4653 753 4714 autc
780 4648 824 4713 od
844 4651 1074 4712 samonuntum
1096 4668 1147 4713 ur-
1197 4642 1314 4709 luobuit.
1362 4645 1425 4726 Qui
1446 4646 1546 4729 ipitur
1566 4645 1728 4710 coutemnit
1748 4643 1802 4708 boc
1823 4648 2063 4722 sacromentum,
2088 4642 2178 4711 Obri-

155 4726 335 4801 dommine
356 4735 455 4815 ducit,
484 4755 578 4818 quam
594 4735 804 4816 poenitentiae
824 4739 1053 4799 sacramentum
1075 4754 1147 4800 eum
1197 4733 1280 4794 stum
1301 4732 1408 4815 psum
1429 4736 1624 4810 contemnere,
1647 4735 1675 4795 et
1694 4731 1834 4814 pratiam
1851 4749 1947 4812 auom
1962 4727 2013 4794 bic
2024 4751 2085 4811 per
2103 4751 2176 4796 uuo

156 4828 195 4871 θ
283 4821 357 4887 orit.
1111 4827 1113 4830 ⁴
1196 4816 1310 4880 tionem
1319 4816 1779 4898 socramnobisquodauunodo
1797 4820 1873 4895 [pag.
1890 4819 1945 4894 38]
1956 4818 2105 4899 porripr't,
2125 4837 2179 4882 as-

290 4905 358 4973 abet
384 4907 576 4973 meboristia
602 4907 666 4971 oim
692 4905 863 4973 roborandi
890 4905 925 4969 iu
952 4903 1027 4970 bono
1049 4905 1146 4988 spiri-
1191 4904 1327 4984 perrari
1353 4903 1493 4968 uidetur:
1525 4907 1617 4984 atque
1643 4901 1698 4967 loc
1723 4902 1821 4983 fuerit
1848 4907 1935 4967 tanto
1958 4901 2178 4984 periendosius,

166 4990 263 5057 tuus.-
282 4994 335 5059 αα·
355 4995 403 5058 rei
423 5015 485 5059 non
506 5014 582 5058 sane
603 4992 689 5059 ullus
709 4998 754 5058 eu
774 4992 858 5056 loom
877 4992 943 5056 nisi
964 4993 1145 5075 repnrpatio
1196 4988 2179 5073 quantopraoiusestdiscrimeu,inquoaeprotnsoersatur,non

166 5085 361 5152 munuum
381 5081 583 5145 amocssserit.
628 5078 672 5142 Iu
692 5099 751 5159 quo
768 5078 837 5161 ipso
858 5078 982 5142 imitari
1002 5076 1145 5142 adunus
1195 5073 1296 5139 solrun
1306 5075 1453 5156 corporis,
1470 5074 1525 5139 sed
1534 5075 1774 5154 etiomanimae,
1788 5074 2177 5156 inquodpotestatestenc-

177 5155 261 5232 bonos
287 5165 433 5246 medicos,
463 5170 537 5246 [pag.
557 5169 611 5244 36]
632 5165 688 5248 qui
715 5184 776 5230 nou
803 5168 875 5228 oute
889 5163 1044 5244 praebent
1065 5183 1145 5246 quae
1196 5160 2178 5242 brarurneumodducunt,quatenusinestreunooitaetemporc,

397 1502 450 1567 De
472 1514 678 1570 suorumsnto
700 1503 929 1569 eucharistias.
