4620 5894
146 264 182 326 11
668 286 670 290 ·
721 249 948 318 ARrIouul
968 245 1263 317 rnounrn‘fls
1284 244 1583 316 PARISIENSIS

144 448 274 525 definit,
303 442 382 529 quid
409 443 470 508 hoc
498 441 631 506 nomine
658 438 837 523 intelligat:
863 438 944 504 dum
965 438 1056 504 iubet
1077 439 1129 502 in·
1153 448 1157 517 !
1496 489 1763 559 ARTIOULUS
1786 492 1838 557 IV

143 534 259 602 novari
286 531 401 609 corda,
429 525 619 595 circumcidi
645 526 803 603 Domino,
841 526 960 590 auferri
988 546 1129 608 praepa·
1840 541 1847 556 ·

143 624 239 698 tium,
262 617 376 694 lavari,
399 622 432 680 et
454 634 582 680 cessare
604 634 624 677 a
645 611 741 676 malis
765 611 892 690 studiis,
915 611 1043 677 solvere
1065 612 1130 676 fas·
1434 615 1502 698 De
1533 616 1696 699 iustitia
1730 646 1918 730 Operum,

144 707 290 774 ciculum
311 701 493 785 iniquitatis
515 699 606 764 intus
628 698 783 781 ligatum,
806 697 956 764 scindere
977 696 1077 764 corda
1098 704 1131 761 et
2143 781 2149 794 .

143 814 211 859 non
234 790 445 863 vestimenta,
476 805 597 849 exuere
619 794 766 848 veterem
792 782 977 861 hominem,
1006 804 1130 847 renun-
1271 780 1326 846 Aa
1353 780 1427 846 baec
1445 787 1634 863 peccatorem
1661 804 1723 849 uon
1751 785 1820 850 sola
1840 783 1916 864 fide,
1945 782 2001 847 sed
2028 788 2056 846 et
2077 780 2167 847 bonae

143 880 232 946 oiare
258 874 400 959 propriis
426 870 611 947 desideriis,
645 876 678 933 et
705 871 859 934 renovari
885 869 922 932 in
950 870 1131 953 imaginem
1183 866 1327 949 operitur
1344 867 1529 948 iustificari:
1550 890 1631 951 qaae
1647 871 1724 936 adeo
1744 870 1920 936 necessaria
1937 873 2019 948 eant,
2041 872 2077 930 ct
2097 867 2167 932 aaa

143 963 225 1032 Dei:
255 971 439 1046 praeterea,
467 957 593 1021 fructus
621 955 720 1019 ctiam
747 955 966 1037 poenitentiae
988 974 1131 1020 comme·
1183 952 1249 1018 illie
1271 972 1358 1019 nemo
1379 954 1508 1018 adtritas
1529 956 1629 1021 eitam
1648 961 1853 1038 consequatur
1873 960 2040 1021 aeternam.
2053 953 2080 1039 ¹)

144 1056 267 1126 morat,
297 1043 443 1113 caritatis
465 1042 585 1119 officie,
609 1049 642 1106 et
663 1040 822 1106 exercitia
843 1041 917 1124 piae
940 1060 977 1104 ac
999 1050 1131 1105 sanctae

144 1137 233 1203 vitae
256 1133 331 1216 (En.
352 1135 401 1208 18,
422 1133 476 1207 31;
503 1128 567 1192 Ier.
587 1133 616 1206 4,
636 1134 672 1202 4;
700 1125 744 1190 Is.
768 1133 795 1204 l,
818 1133 856 1191 16
876 1137 909 1191 et
928 1129 978 1205 58,
999 1132 1017 1189 6
1025 1150 1032 1205 ;
1061 1124 1132 1190 Ioel
1269 1125 1437 1190 Probatur
1474 1126 1536 1191 sic:
1571 1127 1723 1191 Primum
1764 1127 1890 1192 ratione
1928 1127 2164 1211 philosophica,

145 1219 371 1299 2‚13;Rom.
400 1217 428 1294 6,
449 1217 468 1276 6
476 1238 484 1292 ;
513 1212 584 1278 001.
610 1216 638 1292 3,
667 1217 713 1276 10.
743 1217 782 1276 14
789 1237 798 1291 ;
829 1213 915 1295 Eph.
935 1218 964 1292 4,
985 1214 1025 1275 22
1044 1211 1130 1293 eta).
1184 1209 1300 1295 quiu2)
1324 1212 1451 1275 iustitia
1477 1220 1528 1276 cst
1555 1212 1710 1294 qualitas,
1739 1212 1811 1278 ideo
1839 1212 1950 1277 nullus
1978 1220 2030 1278 eet
2057 1214 2166 1279 iustus

145 1307 200 1372 De
220 1303 421 1371 confessione
443 1299 485 1364 ad
508 1319 623 1364 aurem
644 1298 823 1364 sacerdotis
847 1298 1010 1377 facienda,
1038 1297 1132 1362 nulla
1185 1304 1281 1361 extra
1309 1318 1360 1375 se,
1394 1295 1450 1360 sed
1483 1307 1618 1380 propter
1648 1298 1843 1381 qualitatem
1876 1318 2022 1382 operum.
2067 1298 2164 1378 Item,

144 1411 285 1475 usquam
321 1385 456 1452 mentio.
511 1386 565 1449 De
605 1384 827 1450 satisfactione
867 1385 972 1450 multo
1008 1385 1130 1447 minus.
1186 1381 1301 1447 eudem
1321 1383 1405 1447 ratio
1427 1384 1532 1465 partis
1555 1384 1660 1466 quoad
1677 1393 1817 1466 partem,
1839 1405 1922 1468 quae
1939 1385 2041 1450 totius
2058 1383 2168 1468 quoad

145 1477 238 1559 Quin
260 1475 360 1540 etiam
382 1477 513 1536 constat
535 1477 611 1534 autc
633 1470 866 1537 Innocentium
888 1473 1033 1549 tortium,
1056 1470 1130 1534 nul-
1186 1478 1300 1533 totum.
1346 1466 1415 1534 Sed
1444 1470 1589 1551 perfecta
1620 1470 1806 1536 obedientia
1838 1471 1922 1555 legis
1955 1477 2005 1535 est
2026 1471 2165 1536 iustitis.

144 1563 213 1629 lam
236 1558 412 1626 confitendi
435 1558 664 1622 necessitatem
692 1556 880 1639 impositam
902 1559 1005 1623 fuisse
1027 1556 1132 1621 chris·
1184 1555 1275 1638 Ergo
1293 1555 1441 1636 partialis
1460 1554 1646 1621 obedientia
1667 1563 1718 1621 est
1737 1559 1842 1639 portio
1864 1557 2021 1622 iustitiae.
2066 1554 2168 1636 Quod

145 1650 237 1713 tiano
264 1646 393 1729 populo.
446 1643 568 1709 Exstat
596 1643 685 1707 enim
708 1640 876 1709 decretum
898 1644 985 1722 eius,
1007 1643 1132 1709 factum
1185 1648 1295 1704 autom
1330 1641 1518 1705 Lntherani
1556 1651 1683 1725 ponunt
1719 1643 1985 1709 iustificationem
2021 1641 2099 1707 fidei
2128 1641 2168 1707 in

145 1736 182 1799 in
211 1733 347 1799 concilio
383 1729 592 1794 lateranensi.
608 1728 631 1810 ¹)
682 1728 773 1813 Ergo
812 1751 872 1813 per
903 1750 1007 1794 annos
1039 1727 1132 1792 mille
1184 1725 1447 1808 praedicamento
1465 1728 1644 1805 relationis,
1666 1728 1811 1795 dicentes
1829 1727 1916 1812 quod
1927 1728 2001 1793 ideo
2020 1729 2099 1793 iusti
2109 1749 2167 1794 su·

146 1820 277 1887 circiter
299 1826 333 1881 ct
354 1816 510 1880 ducentos
531 1815 702 1898 incognita
721 1815 784 1879 fuit
806 1817 1007 1882 christianae
1029 1813 1132 1880 eccle-
1156 1778 1159 1889 l
1183 1832 1273 1889 mus,
1299 1813 1378 1894 quia
1400 1813 1494 1878 Deus
1520 1814 1640 1879 habeat
1661 1836 1721 1880 nos
1743 1823 1855 1898 gratos
1875 1815 1913 1879 in
1935 1814 2082 1892 Christo,
2112 1835 2167 1880 se·

146 1906 215 1972 siae
233 1904 315 1969 haec
336 1901 510 1984 theologia,
533 1899 620 1983 quod
638 1899 680 1964 ad
697 1903 931 1984 poenitentiam
948 1900 1132 1967 necessario
1156 1892 1159 1965 l
1183 1897 1326 1962 cundum
1354 1896 1440 1981 quod
1462 1899 1590 1964 Paulus
1617 1899 1711 1966 docet
1739 1900 1782 1965 ad
1803 1901 1975 1984 Ephesios,
2005 1898 2089 1964 illud
2115 1906 2169 1966 est

146 1992 335 2074 requiratur
362 1988 487 2054 vocalis
513 1987 681 2052 confessio.
732 1988 777 2051 Et
804 1989 893 2054 clara
925 1994 1004 2054 sunt
1031 1985 1133 2053 verba
1184 1990 1300 2047 contra
1326 2003 1459 2048 omnem
1480 1987 1642 2051 rationem
1664 1986 1900 2070 philosophiae.
1945 1987 2047 2064 Item,
2077 1985 2168 2069 quod

146 2076 390 2161 chrysostomi:
406 2076 435 2157 ²)
459 2073 533 2138 Non
555 2071 637 2152 dico,
660 2080 698 2137 ut
720 2095 876 2141 conservo
900 2082 956 2140 tuo
978 2074 1131 2139 confitea·
1184 2078 1308 2153 negant
1324 2069 1407 2134 illud
1425 2072 1624 2155 principium
1642 2071 1683 2136 do
1699 2074 1911 2156 proportione
1920 2072 2021 2137 totius
2039 2079 2072 2137 ot
2088 2093 2167 2155 par·

146 2164 208 2227 ris:
233 2162 332 2227 dicito
354 2159 508 2223 Domino.
552 2159 653 2222 Item:
682 2160 759 2224 Non
787 2173 838 2225 est
867 2181 1000 2228 necesse
1022 2179 1131 2225 coram
1184 2155 1228 2218 tis
1249 2156 1285 2218 in
1307 2155 1369 2220 hac
1390 2158 1530 2220 materia
1546 2158 1671 2223 valere:
1695 2160 1771 2242 quia
1788 2159 1880 2224 Dcus
1903 2180 1970 2223 non
1991 2158 2167 2242 promittat

147 2248 289 2314 testibus
311 2245 477 2324 confiteri;
502 2245 701 2328 cogitatione
723 2247 782 2309 fiat
805 2246 996 2311 delictorum
1018 2244 1132 2327 exqui-
1184 2241 1377 2340 mercedem,
1400 2242 1464 2306 nisi
1486 2243 1699 2326 implentibus
1716 2244 1824 2328 legem
1846 2266 1950 2321 suam,
1971 2243 2166 2343 maledictos

147 2334 237 2399 sitio:
269 2334 340 2397 sine
374 2338 458 2395 toste
495 2332 538 2396 sit
565 2329 627 2394 hoc
659 2330 834 2396 iudicium:
865 2333 953 2398 solus
980 2333 1073 2396 Deus
1100 2338 1132 2393 te
1184 2334 1394 2408 pronuncret,
1438 2329 1493 2410 qui
1526 2330 1817 2414 transgrediuntur
1850 2331 1886 2395 in
1922 2331 2044 2413 aliquo:
2082 2330 2166 2409 drea,

146 2421 356 2485 confitentem
383 2416 501 2483 videat
553 2416 654 2480 Item:
690 2417 766 2481 Non
797 2424 830 2482 te
858 2439 937 2484 voco
964 2419 1000 2481 in
1025 2415 1131 2480 homi·
1185 2410 1272 2492 quod
1298 2423 1413 2477 contra
1441 2429 1618 2497 negantem
1646 2417 1821 2500 principia,
1851 2439 1918 2482 non
1945 2427 1996 2482 est
2023 2436 2167 2500 arguen-

145 2526 228 2571 num
257 2503 441 2579 theatrum:
474 2501 609 2566 ostende
642 2501 716 2566 Deo
754 2503 877 2584 optimc
915 2502 1042 2568 medico
1075 2509 1133 2565 tua
1156 2512 1160 2627 Ι
1185 2497 1273 2561 dum.
1318 2497 1421 2596 Item,
1453 2519 1514 2563 nos
1541 2500 1701 2568 habemus
1728 2504 1910 2586 prenobis
1937 2502 2167 2601 unamoaliam

145 2591 298 2670 vulnera,
326 2589 383 2671 qui
411 2609 450 2651 ea
478 2593 578 2652 curet.
629 2586 816 2652 Confitendi
845 2589 977 2672 quidem
1006 2609 1132 2652 morem
1184 2581 1506 2649 demonstrationem.
1528 2584 1778 2653 Contrariorum
1790 2587 1905 2654 eadem
1917 2596 1969 2654 est
1979 2587 2165 2672 disciplina:

145 2698 213 2741 non
239 2696 325 2757 nego
353 2673 615 2738 vetustissimum
642 2693 723 2737 esse.
773 2672 841 2738 Sed
871 2675 941 2739 dico
968 2674 1070 2738 fuisse
1091 2673 1131 2737 li·
1156 2630 1159 2787 ⁴
1184 2666 1242 2733 sed
1263 2689 1323 2733 nos
1345 2669 1541 2735 damnamur
1568 2682 1701 2756 propter
1722 2676 1810 2740 mala
1831 2693 1944 2757 opera:
1974 2696 2052 2758 ergo
2069 2673 2166 2738 iusti·

146 2760 280 2839 berum,
312 2761 396 2824 sicut
424 2757 624 2823 Sonomcnus
657 2759 759 2823 refert
791 2760 826 2822 in
853 2760 1003 2825 Historia
1029 2759 1131 2824 ecclc·
1183 2755 1323 2818 ficamur
1349 2765 1481 2838 propter
1504 2759 1596 2823 bona.
1643 2759 1739 2841 Quod
1767 2769 1877 2825 autem
1897 2760 2084 2826 Luthcrani
2112 2781 2166 2824 re·

146 2846 326 2928 riost-icat)
348 2844 404 2927 qui
426 2845 524 2907 etiam
546 2843 702 2908 abolitum
724 2845 824 2909 fuisse
847 2845 1130 2927 Constantinopoli
1156 2796 1159 2897 l
1184 2840 1316 2921 plicant,
1339 2863 1443 2905 unum
1465 2843 1572 2908 §Olum
1589 2847 1713 2910 malum
1731 2868 1812 2930 opus
1835 2848 1985 2912 sufficere
2007 2845 2050 2911 cd
2071 2844 2166 2910 dam·

146 2933 243 2997 testis
273 2940 337 3008 est,
366 2928 452 3013 quod
480 2928 541 2993 sub
568 2930 631 2994 hoc
660 2938 834 3011 praetextu
863 2940 1016 2997 matrona
1037 2951 1132 3014 quae-
1183 2927 1365 3006 nationcm,
1393 2927 1450 2992 sed
1473 2928 1516 2992 ed
1536 2930 1677 2996 salutem
1699 2934 1821 3015 requiri
1842 2933 2076 3015 perfectionem
2096 2933 2165 2997 ius-

146 3016 223 3082 dam
251 3016 454 3099 deprehensa
480 3015 598 3079 fuisset
624 3035 699 3080 cum
727 3016 862 3082 diacono
894 3038 966 3082 rem
998 3018 1129 3082 habere.
1183 3011 1290 3076 titiae:
1314 3013 1510 3096 respondem
1538 3017 1626 3098 quod
1648 3019 1770 3084 sufficit
1790 3039 1851 3083 nos
1872 3040 1931 3101 pro
1953 3028 2048 3101 parte
2067 3017 2166 3083 iusti·

147 3102 246 3184 Quod
269 3114 379 3167 autem
401 3101 497 3184 pauci
519 3108 650 3165 tantum
673 3104 923 3183 confiterentur,
950 3126 990 3168 cx
1012 3125 1050 3168 eo
1073 3125 1130 3186 ap·
1184 3098 1275 3162 ficari
1298 3120 1316 3162 0
1342 3099 1467 3180 cribet,
1494 3108 1663 3185 utsupra.
1708 3105 1796 3169 Nam
1818 3104 1905 3188 quod
1926 3105 2061 3171 Paulus'
2075 3103 2164 3184 dicit,

146 3197 250 3273 paret,
273 3186 359 3270 quod
380 3209 485 3252 unum
508 3192 637 3251 tantum
659 3189 904 3272 presbyterum,
926 3191 962 3253 in
982 3210 1131 3271 unoquo·
1185 3181 1304 3265 Stipen
1328 3187 1396 3249 ium
1428 3187 1567 3268 peccati,
1602 3210 1705 3270 mcrs;
1740 3193 1847 3275 gratia
1880 3199 1991 3257 autem
2017 3190 2164 3268 Domini,

146 3294 209 3357 que
232 3276 434 3356 episcopatu,
457 3272 500 3337 ad
523 3293 596 3337 eam
618 3295 689 3338 rem
711 3272 913 3340 destinatum
933 3276 1034 3341 fuisse
1054 3296 1131 3339 nar·
1184 3270 1254 3333 vita
1287 3278 1435 3335 aeterna:
1481 3274 1700 3366 supplendum
1733 3285 1783 3343 est
1810 3279 1846 3343 in
1880 3278 2026 3344 secundo
2059 3299 2165 3343 mem·

145 3367 206 3424 rut.
250 3359 348 3426 Unde
370 3361 470 3423 ctiam
491 3359 644 3442 colligere
662 3369 850 3443 promptum
873 3368 932 3439 est,
950 3358 1039 3426 hu'nc
1060 3383 1130 3426 mo·
1184 3354 1259 3420 bro:
1284 3377 1360 3454 cum
1381 3358 1508 3424 meritis
1531 3380 1678 3443 operum.
1724 3361 1881 3446 Sequitur
1899 3365 2000 3430 etiam
2020 3365 2086 3430 alia
2107 3363 2164 3430 de-

145 3464 218 3510 rom
240 3465 281 3509 cx
306 3444 432 3509 solenni
454 3444 602 3526 publicae
623 3447 844 3528 poenitentiae
865 3447 933 3513 ritu
953 3447 1053 3513 fuisso
1071 3468 1130 3512 na·
1184 3449 1389 3522 monstratio,
1413 3444 1490 3527 quia
1507 3466 1633 3513 merces
1644 3456 1677 3514 et
1687 3451 1844 3514 meritum
1862 3459 1941 3516 sunt
1958 3451 2161 3518 correlative

145 3537 228 3596 tum.
273 3530 484 3596 Poenitcntia
511 3552 589 3596 vero
611 3533 755 3614 publica,
784 3554 852 3597 non
870 3534 980 3599 Deum
1002 3535 1037 3597 in
1058 3535 1130 3598 foro
1184 3524 1254 3591 Sed
1275 3526 1368 3593 Deus
1386 3530 1548 3611 promittit
1570 3535 1664 3600 nobis
1687 3536 1871 3601 mercedem
1892 3558 1953 3619 pro
1975 3537 2068 3604 bonis
2086 3556 2163 3622 ope-

146 3616 365 3683 consoientiae
386 3615 529 3698 respicit,
553 3617 609 3682 sed
628 3617 670 3682 ad
688 3619 842 3684 ecclesiae
864 3618 1021 3685 iudicium
1039 3641 1131 3702 spec·
1185 3613 1290 3679 ribuffi
1327 3635 1532 3699 ⁰180⁰P⁰fa
1560 3629 1731 3686 merentur
1762 3623 1865 3687 Vitam
1893 3631 2072 3690 fleternam·
2117 3623 2164 3688 Ei

146 3709 211 3767 tat:
235 3709 272 3767 ut
294 3710 443 3784 peccator
465 3722 575 3766 coram
597 3702 783 3769 hominibus
804 3707 1001 3788 profiteatur
1022 3705 1131 3788 aliquo
1183 3720 1242 3781 per
1270 3719 1472 3783 consequens
1498 3704 1676 3772 iustificam
1704 3708 1881 3774 hominem.
1927 3708 2025 3792 Quod
2051 3718 2163 3775 autem

146 3789 250 3872 signo,
273 3786 350 3870 quid
373 3787 475 3852 animi
498 3807 608 3853 coram
629 3789 702 3854 Deo
725 3789 853 3855 habeat,
899 3789 997 3872 Quod
1018 3791 1060 3856 ad
1079 3813 1131 3857 sa·
1183 3785 1371 3851 Lutherenl
1400 3784 1551 3854 derident
1577 3791 1639 3857 hoe
1665 3803 1913 3877 argumentum,
1947 3798 2024 3880 quia
2048 3795 2163 3863 illelmi

144 3873 348 3940 tisfaotiones
375 3873 518 3954 pertinet
545 3875 708 3956 scriptura
734 3874 820 3941 hanc
842 3875 974 3941 laudem
995 3876 1130 3942 Christo
1184 3891 1283 3953 opera
1326 3871 1399 3937 ideo
1446 3879 1651 3943 remunerari
1703 3901 1723 3944 a
1760 3882 1848 3960 Dee,
1904 3883 1983 3965 quia
2028 3890 2163 3969 accepta

145 3957 347 4024 insolidum
373 3957 536 4038 vindicat,
559 3957 646 4042 quod
667 3961 710 4024 sit
732 3962 874 4044 expiatio
895 3983 956 4044 pro
979 3965 1129 4045 peccatis,
1183 3957 1252 4021 sint
1277 3957 1326 4021 illi
1353 3966 1527 4043 postquam
1562 3966 1665 4046 gratis
1695 3966 1885 4033 iustificavit
1910 3969 2094 4035 hominem:
2128 3977 2164 4035 et

145 4045 233 4128 quod
261 4045 418 4111 correctio
445 4045 535 4127 pacis
563 4054 694 4111 nostrae
721 4047 766 4111 sit
793 4068 892 4130 super
919 4069 1011 4128 eum,
1045 4048 1130 4132 quod
1183 4040 1256 4107 ideo
1284 4041 1400 4141 dieunt
1427 4045 1490 4113 hoe
1516 4050 1700 4130 praemium
1724 4053 1866 4134 pendere
1895 4076 1915 4119 a
1943 4057 2088 4140 gratuita
2108 4077 2162 4124 ao·

145 4150 205 4214 per
224 4131 331 4196 solum
353 4131 423 4195 eius
442 4151 573 4211 nomen,
591 4131 768 4198 obtinenda
788 4135 833 4198 sit
850 4142 1058 4217 peccatorum
1078 4157 1130 4200 re-
1183 4136 1376 4211 ceptatrons,
1401 4140 1435 4195 ct
1455 4142 1631 4217 propterea
1652 4137 1769 4205 debere
1792 4140 2001 4206 subordinari
2017 4142 2163 4208 iustitiae

145 4217 257 4281 missio
280 4216 313 4299 (l
335 4216 448 4281 Ioann.
470 4221 499 4296 2,
520 4220 554 4298 2;
584 4218 629 4282 Is.
651 4223 701 4297 53,
724 4224 742 4281 5
748 4242 757 4298 ;
785 4221 1127 4298 Aet.1o,43;R0m.
1182 4213 1274 4294 fidei,
1308 4222 1466 4299 tanquam
1500 4220 1655 4288 effectum
1691 4245 1808 4290 causae
1840 4245 1934 4292 suae:
1971 4228 2161 4312 respondeo,

146 4304 177 4379 4,
197 4302 242 4382 6),
287 4299 459 4383 Quantum
487 4302 529 4367 ad
557 4324 631 4383 nos,
660 4305 803 4388 gratuita
826 4313 860 4369 et
882 4306 952 4371 sine
974 4306 1129 4389 operibus
1181 4299 1267 4382 quod
1296 4301 1351 4365 hie
1380 4303 1498 4370 modus
1526 4310 1779 4392 argumentandi
1801 4333 1930 4395 semper
1958 4314 2021 4378 fult
2042 4315 2163 4398 praeti-

145 4383 292 4468 impleri,
319 4396 460 4453 testatur
487 4389 628 4469 Paulus,
657 4391 694 4454 in
722 4390 816 4457 nobis
844 4392 929 4457 hanc
951 4392 1128 4457 beatitudi-
1181 4396 1282 4452 catus.
1326 4389 1373 4453 Et
1389 4389 1462 4457 ideo
1484 4402 1535 4458 est
1557 4396 1769 4463 authenticus
1790 4418 1850 4479 ΡθΓ
1871 4399 2005 4483 lineam
2026 4420 2162 4467 ⁰⁰11³¹1⁰·

146 4491 239 4550 nem,
268 4472 354 4553 quod
382 4473 476 4539 nobis
501 4495 568 4539 non
597 4477 805 4560 imputentur
833 4484 975 4561 peccata.
1020 4476 1127 4545 Satis·
1180 4472 1346 4570 tudinem:
1379 4476 1467 4559 quod
1496 4479 1525 4544 si
1552 4482 1645 4547 Deus
1681 4491 1912 4550 remuneratur
1942 4505 2056 4569 opera,
2083 4507 2162 4574 ergo

146 4557 302 4621 factiones
330 4566 440 4624 autem
467 4581 548 4643 quas
586 4562 622 4626 in
651 4563 872 4646 poenitentiae
904 4564 1128 4631 testimonium
1178 4560 1366 4628 lustifieant

147 4641 284 4707 ecclesia
306 4665 325 4706 e
346 4646 569 4727 peccatoribus
590 4649 703 4735 exigit,
725 4670 792 4715 non
813 4649 1044 4733 improbamus.
1424 4723 1433 4732 ,
1455 4736 1458 4740 .
1557 4720 1773 4778 ANTIDOTUM

150 4831 179 4840 ··
237 4832 349 4839 ’·-··
1267 4819 1360 4885 Haec
1392 4829 1471 4886 sunt
1497 4823 1595 4888 Pauli
1621 4825 1724 4891 verba
1756 4827 1866 4912 (Rom.
1892 4835 1927 4910 4,
1955 4832 2024 4912 14);
2053 4832 2092 4900 Si
2119 4855 2160 4900 ox

1180 4905 1253 4989 lege
1272 4905 1472 4989 haereditas,
1500 4910 1670 4977 exinanita
1691 4919 1742 4977 est
1762 4913 1860 4994 fides,
1888 4923 1923 4981 et
1942 4916 2065 4986 abolita
2085 4939 2160 5005 pro-

218 4963 248 5027 1)
267 4964 332 5018 Can.
349 4966 440 5022 Omnis
458 4971 595 5040 utriusque
614 4990 704 5030 sexus.

216 5033 246 5096 2)
267 5035 364 5089 Hamil.
387 5035 412 5090 2.
434 5038 460 5090 in
483 5038 555 5092 Psal.
573 5039 616 5094 50.
639 5059 753 5098 sermon.
779 5044 812 5098 dc
856 5045 937 5099 oenit
962 5052 990 5100 et
1009 5044 1127 5101 confess.

147 5101 245 5157 Hamil.
265 5102 289 5156 b.
307 5111 404 5186 eontra
423 5108 585 5187 Anemoeos.
620 5110 718 5165 Hamil.
735 5110 761 5166 4.
779 5112 812 5166 de
831 5061 947 5169 lazaro.
1250 5112 1280 5181 l)
1297 5121 1435 5168 aeternam
1451 5131 1503 5170 om·
1521 5115 1590 5171 1576
1606 5134 1677 5191 tew-

216 5169 248 5236 3)
266 5171 341 5241 Tup.
358 5172 453 5230 histor.
471 5173 530 5229 hbr.
546 5173 572 5229 9.
1249 5180 1280 5249 fi)
1298 5183 1361 5252 quia
1378 5199 1428 5238 om.
1446 5183 1515 5239 1676
1532 5201 1602 5259 seqq.

1184 5037 1386 5046 ——-·-———
