4590 5902
139 284 180 345 21
963 282 1027 350 DE
1050 283 1326 352 SCANDALIS.
2118 296 2161 361 22

138 472 196 541 sed
219 473 306 538 ultro
329 471 468 555 dataque
488 493 587 555 opera
607 495 666 555 per
688 472 833 540 salebras
855 493 968 539 omnes
994 473 1119 539 discur-
1172 482 1314 558 possent.
1360 474 1429 541 Sed
1451 475 1538 540 unde
1567 476 1629 542 hoe
1652 475 1860 555 scandalum,
1891 478 2023 547 nisiex
2044 491 2160 552 nostra

140 569 232 637 sant,
263 559 355 641 quasi
381 581 448 623 una
477 558 557 625 haee
587 559 653 623 illis
675 559 719 624 sit
747 559 825 625 volu
849 568 917 637 tas,
947 559 1120 642 ingenium
1171 560 1415 627 teneritudine?
1461 560 1617 627 Christus
1645 583 1757 628 secum
1778 564 1865 628 mori
1894 586 1954 630 nos
1981 567 2090 649 iubet,
2117 578 2159 637 nt

139 645 281 730 spinosis
303 644 550 727 quaestionibus
573 645 720 728 fatigare.
756 581 924 727 Quidquid
946 644 1120 711 minimam
1172 648 1260 713 vitae
1282 669 1360 713 suae
1383 647 1487 712 simne
1508 648 1693 731 participes.
1728 649 1795 715 Per
1818 651 2009 717 societatem
2031 656 2157 738 passio·

139 753 219 817 prae
242 750 277 795 se
304 731 367 796 t'ert
395 731 606 796 absurditatis
628 731 785 812 speciem,
815 729 928 797 sedulo
958 730 1119 814 colligunt
1172 753 1252 797 num
1282 754 1418 798 suarum
1453 733 1572 799 ducere
1604 754 1665 799 nos
1699 734 1772 800 vult
1805 734 1847 800 ad
1881 756 1977 802 snam
2005 740 2155 822 gloriam

139 826 174 884 et
194 817 316 884 aeriter
334 818 513 900 exagitant,
536 838 578 882 ne
595 815 770 882 videantur
788 816 829 882 ad
848 814 1049 883 eredendum
1067 819 1118 883 ni·
1170 818 1245 883 Non
1269 819 1383 902 iniqua
1411 819 1571 899 conditio,
1600 820 1630 884 si
1657 819 1735 902 quid
1757 821 1792 885 in
1814 820 1910 888 nobis
1933 836 2020 890 esset
2042 827 2157 909 aequi·

139 905 203 969 mis
220 902 341 968 faciles.
374 900 489 985 Siqua
503 904 600 967 etiam
623 910 673 967 est
695 904 729 967 in
749 903 917 969 nonnullis
935 904 1118 985 scripturae
1170 904 1256 969 tatis.
1302 903 1371 970 Sed
1393 905 1490 969 multi
1512 915 1670 988 cuperent
1691 904 1864 971 Christum
1891 907 2013 975 habere
2034 911 2156 1008 glorio·

139 989 219 1057 loois
249 988 376 1055 dissidii
402 998 436 1053 et
467 989 706 1073 repugnantiae
733 989 872 1072 species,
899 1010 973 1054 eam
1001 988 1118 1071 cupide
1170 1011 1244 1055 snm
1266 991 1396 1073 sepulta
1417 990 1524 1057 cnreis
1541 992 1722 1056 mentione:
1747 989 1834 1074 quod
1852 994 1924 1059 fieri
1947 1004 2072 1079 nequit.
2104 999 2156 1063 Ao

139 1077 206 1143 arri
232 1074 320 1140 lunt:
340 1096 378 1140 ac
398 1075 507 1139 omnia
519 1074 678 1139 eiusmodi
689 1075 877 1141 testimonia
887 1073 1117 1153 coacervando,
1170 1096 1213 1140 nc
1231 1096 1269 1140 eo
1288 1074 1419 1157 quidem
1437 1078 1583 1142 contenti
1603 1076 1657 1142 cul
1683 1098 1746 1156 am,
1769 1080 1905 1161 quaein
1923 1080 2003 1162 ipsis
2022 1081 2155 1164 residet,

139 1096 313 1228 venditant
341 1182 438 1225 sunm
467 1163 616 1226 acumen.
661 1159 734 1228 Hoc
760 1180 858 1243 porro
880 1180 985 1244 genus
1015 1159 1118 1225 homi-
1169 1161 1205 1226 in
1238 1159 1422 1227 doctrinam
1460 1164 1567 1227 isam
1600 1168 1632 1227 tr
1676 1172 1786 1229 neunt.
1831 1161 1889 1230 Sie
1922 1165 2001 1229 olim
2030 1166 2155 1251 Caper·

138 1267 220 1312 nnm
251 1245 365 1311 morbo
390 1266 491 1328 prope
518 1246 694 1311 insanabili
722 1247 858 1312 laborat.
902 1246 989 1311 Nam
1017 1268 1118 1328 quum
1169 1246 1279 1312 naitae
1310 1248 1430 1313 durum
1487 1247 1584 1315 hristi
1616 1268 1803 1313 sermonem
1835 1270 1907 1315 csse
1940 1250 2156 1319 clamitabant

138 1354 195 1399 eos
224 1331 347 1415 pudeat
375 1331 554 1414 quidquam
576 1332 719 1411 nescire,
748 1332 834 1396 nihil
858 1339 971 1396 tamen
993 1330 1118 1398 discere
1170 1332 1428 1483 3031110601
1451 1355 1553 1416 quum
1574 1335 1610 1400 in
1632 1335 1722 1417 ipsis,
1742 1356 1807 1399 non
1827 1335 1864 1399 in
1882 1355 2044 1417 sermone,
2067 1344 2155 1405 esset

138 1418 313 1485 sustinent.
346 1418 476 1482 Verum
498 1417 575 1501 quia
597 1416 760 1500 simplices
782 1418 974 1500 plerumque
992 1417 1117 1483 etalio-
1192 1419 1301 1485 uritis.
1357 1419 1538 1497 Miramur,
1577 1420 1607 1485 si
1637 1419 1788 1486 cordatos
1820 1420 1942 1486 habere
1976 1420 2154 1506 discipulos

139 1504 196 1588 qni
225 1525 293 1569 non
316 1503 472 1568 indociles
494 1503 678 1586 percellunt
698 1525 758 1568 sna
780 1504 946 1581 iaetantia,
975 1504 1119 1569 breviter
1170 1504 1252 1569 volit
1280 1505 1369 1570 filins
1403 1506 1480 1585 Dei,
1515 1526 1582 1571 non
1616 1505 1746 1581 molles,
1781 1527 1889 1589 neque
1924 1507 2153 1576 effeminatos?

137 1591 238 1657 istam
266 1588 496 1655 scandalorum
527 1597 656 1672 partem
689 1590 853 1672 attingere
881 1609 1015 1654 neeesse
1042 1589 1116 1655 fnit:
1170 1589 1346 1667 Miramur,
1368 1593 1396 1655 si
1413 1613 1474 1657 sua
1490 1591 1636 1676 insignia
1649 1595 1674 1673 ¹)
1696 1593 1820 1674 gestari
1836 1592 1876 1658 ab
1897 1591 1979 1675 ipsis
1995 1594 2098 1661 velit?
2122 1594 2153 1663 si

137 1696 207 1743 non
229 1675 315 1759 quod
337 1675 450 1757 paucis
467 1673 577 1741 verbis
597 1676 759 1740 removeri
775 1675 913 1759 possint,
936 1675 1054 1757 quibus
1077 1697 1118 1740 ne
1170 1697 1319 1762 pugnare
1342 1676 1404 1742 sub
1427 1678 1549 1742 vexillo
1572 1699 1630 1742 suo
1652 1676 1782 1742 iubeat?

138 1762 275 1846 longum
298 1761 429 1844 quidem
453 1761 608 1826 volnmen
625 1761 799 1827 sufficeret.
834 1759 902 1826 Sed
923 1761 1030 1843 primo
1048 1760 1118 1827 loco
1255 1762 1345 1828 Huic
1356 1762 1470 1827 morbo
1481 1759 1590 1829 affinis
1600 1774 1651 1828 est
1664 1762 1747 1828 alter
1758 1762 1823 1841 ille,
1842 1782 1941 1846 quem
1952 1760 2029 1829 dixi.
2063 1764 2153 1831 Nam
2276 1756 2282 1799 ²

137 1846 294 1914 monendi
312 1868 426 1912 snmus
443 1867 566 1922 omnes,
586 1851 660 1927 [paq.
674 1851 728 1926 21]
748 1855 784 1911 nt
801 1847 837 1911 in
855 1845 1004 1930 legendis
1014 1847 1118 1930 scrip·
1169 1849 1277 1915 earnis
1305 1849 1478 1932 abnegatio
1507 1870 1560 1914 res
1588 1860 1654 1913 tam
1682 1848 1820 1913 molesta
1850 1860 1900 1912 est
1929 1854 1966 1913 ut
1987 1849 2153 1917 multosa

137 1935 224 2000 turis
251 1953 349 2015 qnam
377 1933 512 2015 spiritns
532 1932 598 1998 Dei
626 1934 715 1997 vlam
740 1941 903 1998 monstrat
929 1944 1117 1997 teneamus:
1169 1933 1298 1999 scholae
1320 1933 1448 1999 Christi
1467 1953 1599 2000 accessu
1617 1934 1796 1999 deterreat:
1820 1933 1911 2011 alios,
1930 1934 1985 1999 ubi
2008 1936 2153 2019 ingressi

137 2041 222 2104 qnae
250 2030 338 2084 certe
371 2017 471 2099 plana
499 2020 562 2083 erit
594 2040 632 2084 ae
665 2017 843 2102 aequabilis
877 2017 918 2082 ad
946 2017 1116 2083 Christum
1168 2020 1308 2099 fuerint,
1342 2020 1456 2102 proenl
1488 2019 1652 2085 extrudat.
1696 2020 1750 2084 De
1778 2030 1912 2103 peccato
1938 2021 2090 2104 originah
2117 2030 2153 2087 et

136 2103 370 2188 aspirantibus.
415 2102 544 2170 Deinde
567 2126 608 2170 ne
631 2104 866 2188 complicandis
889 2105 1117 2187 quaestionum
1169 2106 1395 2172 communibus
1424 2114 1562 2171 naturae
1587 2105 1679 2172 vitiis
1707 2103 1886 2188 disputari,
1915 2114 2080 2189 utcunque
2102 2106 2151 2172 fe-

137 2189 233 2257 nodis
251 2190 413 2275 ingeniosi
436 2198 629 2274 appetamus
647 2212 718 2255 esse
736 2199 793 2255 aut
811 2189 930 2255 videri:
951 2199 1117 2274 postremo
1169 2198 1259 2256 rent:
1283 2190 1348 2256 Dei
1371 2192 1511 2274 gratiam
1529 2213 1566 2258 ae
1587 2190 1714 2257 Christi
1731 2190 1890 2257 beneficia
1907 2190 1976 2256 suis
1994 2190 2151 2259 laudibus

136 2299 180 2343 ne
207 2297 286 2341 mox
315 2296 525 2359 respuamus,
555 2277 582 2343 si
609 2275 687 2359 quid
715 2277 810 2341 nobis
837 2283 888 2342 est
913 2277 987 2342 inco
1011 2276 1117 2340 nitnm
1168 2277 1280 2343 ornari
1301 2276 1444 2342 libenter
1465 2275 1659 2343 concedent:
1682 2274 1741 2341 sed
1763 2275 1818 2340 ubi
1836 2276 1878 2341 ad
1896 2276 2060 2342 curandos
2082 2278 2152 2342 sin-

136 2364 189 2429 vel
214 2363 410 2428 abstrusum.
456 2363 519 2427 Est
541 2363 603 2427 hoe
625 2363 744 2427 vitium
766 2382 832 2426 non
854 2382 957 2444 parva
980 2297 1118 2445 dignum
1169 2363 1322 2448 galerum
1349 2363 1480 2428 morbos
1507 2370 1645 2429 ventum
1673 2370 1741 2440 est,
1769 2363 1847 2443 quia
1866 2363 1952 2428 acris
1976 2370 2027 2427 est
2048 2360 2152 2428 medi-

136 2448 407 2532 reprehensione:
442 2446 529 2531 qnod
549 2449 739 2532 ignorantia
759 2449 795 2513 in
817 2446 986 2513 fastidium
1005 2449 1118 2512 statim
1169 2450 1259 2527 eina,
1286 2470 1361 2514 eam
1387 2450 1624 2516 contumaciter
1650 2455 1814 2513 recusant
1858 2448 1912 2512 Ita
1938 2447 2060 2514 multos
2080 2468 2152 2513 cer·

137 2533 226 2618 apud
254 2533 377 2598 multos
399 2533 550 2616 erumpit.
596 2534 643 2598 At
664 2554 742 2599 vero
770 2554 888 2616 parum
915 2533 1118 2599 reverentiae
1170 2555 1249 2599 nere
1271 2535 1363 2614 licet,
1391 2535 1510 2617 quibus
1537 2533 1764 2618 evangelium,
1796 2533 1882 2615 quod
1916 2533 2022 2615 primo
2051 2540 2152 2617 gusta

137 2621 212 2687 Deo
233 2619 367 2693 tribuit,
390 2620 445 2702 qui
467 2619 600 2684 oracula
622 2621 692 2684 eius
714 2641 785 2685 csse
807 2641 850 2684 ne
873 2626 923 2695 at,
952 2638 1118 2702 quaecnn-
1169 2620 1353 2703 placuerat,
1388 2621 1487 2686 simul
1514 2640 1552 2686 ae
1579 2619 1721 2703 pupugit
1747 2618 1894 2701 ipsorum
1924 2619 2151 2698 conscientias,

138 2727 204 2789 qne
222 2726 289 2770 non
306 2706 501 2788 assequitur.
537 2641 1117 2787 Quidenimhocadudest,qnam
1142 2692 1365 2790 'plusquam
1393 2727 1545 2772 amarum
1573 2704 1679 2771 videri
1707 2705 1820 2787 eoepit.
1866 2702 2017 2783 Scilicet,
2048 2726 2153 2788 qnnm

137 2791 306 2858 infinitam
325 2789 391 2857 Dei
411 2791 609 2873 sapientiam
630 2813 747 2858 sensns
769 2791 875 2856 nostri
894 2790 1036 2869 modulo,
1057 2791 1119 2856 hoe
1170 2814 1277 2858 sermo
1299 2792 1365 2857 Dei
1387 2790 1517 2877 gladius
1539 2790 1585 2857 sit
1610 2791 1766 2940 utrinqne
1794 2810 1924 2866 secans,
1953 2811 2057 2872 quum
2079 2792 2152 2858 eius

138 2888 190 2944 cst
210 2884 318 2941 tctnm
339 2876 453 2942 orbem
475 2876 509 2942 di
535 2878 578 2942 'to
606 2898 673 2943 uno
694 2875 827 2943 metiri?
873 2874 971 2956 Quod
993 2877 1021 2941 si
1042 2897 1118 2959 pro·
1170 2888 1280 2961 partes
1304 2879 1372 2943 sint
1393 2898 1460 2943 non
1481 2897 1620 2961 armare
1642 2897 1696 2941 mo
1719 2898 1738 2941 o
1760 2883 1794 2941 et
1815 2874 2057 2958 reprehendere
2079 2897 2151 2942 ma·

137 2964 257 3029 lectam
287 2963 428 3028 latemur
455 2984 475 3027 a
537 2984 574 3028 eo
604 2985 676 3029 esse
703 2964 915 3045 scripturam,
943 2983 986 3027 ne
1013 2962 1119 3027 multa
1169 2964 1290 3029 nifesta
1311 2964 1408 3042 vitia,
1436 2963 1493 3029 sed
1516 2983 1619 3045 usque
1641 2959 1683 3027 ad
1704 2982 1761 3028 cor
1782 2961 1938 3024 intimum
1966 2968 2150 3043 penetrare,

137 3048 206 3115 illie
227 3049 389 3114 contineri
407 3049 575 3126 miremur,
598 3070 696 3115 sensu
718 3056 831 3114 nostro
854 3048 980 3113 altiora.
1014 3047 1118 3113 Deni-
1170 3051 1365 3133 transfigere
1375 3069 1490 3114 omnes
1512 3046 1683 3124 medullas,
1704 3046 1891 3113 discernam
1907 3047 1995 3110 inter
2012 3047 2152 3113 affectus

139 3135 261 3219 quein
283 3136 405 3217 pietate
427 3135 481 3202 hie
503 3134 781 3218 sapiendimodns
803 3133 938 3200 otardo
960 3144 1019 3212 est,
1042 3133 1118 3199 fidei
1169 3144 1204 3200 et
1225 3136 1453 3220 cogitationes,
1482 3134 1621 3216 deniqne
1651 3141 1758 3198 totum
1788 3131 1955 3197 hominem
1978 3131 2151 3198 immolare

139 3221 294 3304 obsequio
316 3219 358 3285 ad
380 3230 506 3287 rectam
527 3221 782 3305 intelligent-iam
804 3218 1011 3285 contendere.
1169 3219 1252 3300 Deo,
1274 3221 1329 3286 isti
1352 3220 1491 3285 vulnera
1512 3219 1743 3302 suaattingi2)
1765 3217 1891 3282 nolunt
1926 3216 1995 3282 Alii
2006 3215 2150 3297 furandi,

226 3305 280 3371 De
302 3304 471 3383 scandalo,
494 3307 582 3390 quod
604 3329 646 3371 ex
668 3307 847 3372 acerbitate
869 3304 1032 3384 nascitur,
1060 3312 1118 3370 aut
1141 3254 1145 3359 i
1170 3306 1226 3371 alii
1248 3327 1286 3372 ra
1310 3305 1409 3383 iendi,
1433 3310 1509 3385 [pag.
1530 3309 1585 3384 aa]
1614 3304 1671 3369 alii
1699 3302 1882 3382 scortandi,
1911 3302 1968 3366 alii
1989 3323 2150 3369 commes-

140 3392 292 3457 molestia
322 3392 442 3471 erucis,
480 3402 513 3456 et
541 3392 709 3458 doctrinae
737 3392 945 3467 austeritate,
974 3390 1118 3473 loquitur
1169 3391 1265 3458 sandi
1283 3327 1451 3458 deontiam
1472 3391 1535 3457 sibi
1556 3390 1697 3473 relinqui
1719 3388 1894 3473 postulant
1940 3386 2066 3455 Omnes
2087 3390 2151 3453 im·

139 3478 304 3544 Dominus
325 3480 360 3542 in
383 3479 546 3560 parabola,
569 3480 625 3543 ubi
643 3477 851 3562 evangelium
868 3477 1008 3542 sementi
1030 3497 1118 3542 eom·
1169 3499 1258 3560 pnne
1275 3478 1432 3543 vanitatis
1449 3496 1530 3542 suae
1551 3495 1685 3542 cursum
1702 3475 1855 3560 persequi
1872 3476 2022 3556 cnpinnt.
2058 3473 2151 3556 Quid

141 3576 237 3647 parat
258 3564 393 3647 (Matth.
417 3569 463 3642 13,
484 3566 527 3647 3).
572 3565 660 3629 Nam
682 3585 737 3629 eos
765 3564 821 3646 qni
843 3563 1021 3645 ingruente
1042 3583 1117 3646 per-
1168 3564 1271 3648 igitur
1293 3563 1424 3640 mirum,
1448 3564 1476 3627 si
1498 3584 1518 3628 a
1537 3560 1671 3628 Christo
1693 3584 1729 3629 se
1749 3558 1924 3626 avertant?

139 3652 333 3734 sequntione
355 3650 512 3716 deficiunt
533 3651 653 3716 semini
676 3649 800 3714 similes
821 3649 912 3725 facit,
935 3647 1021 3730 qnod
1043 3647 1118 3713 abs·
1255 3648 1366 3732 Atqui,
1388 3647 1476 3714 dicet
1495 3648 1667 3732 quispiam,
1686 3646 1878 3714 scandalum
1888 3645 2151 3712 monstrarehoe

140 3757 202 3818 qne
230 3735 340 3803 radice
367 3737 574 3820 germinavit.
618 3737 687 3803 Eos
715 3756 792 3801 vero
818 3733 995 3817 inquibus
1018 3732 1118 3800 suffc-
1168 3742 1234 3815 est,
1262 3755 1329 3800 non
1351 3734 1476 3800 tollere.
1520 3733 1735 3817 Respondes,
1764 3730 2042 3815 morbumfuisse
2064 3730 2150 3795 indi-

140 3832 235 3887 catur
266 3823 418 3888 doctrina
449 3824 536 3889 curis
564 3822 700 3899 saeculi,
736 3820 854 3886 semini
885 3820 974 3884 inter
1005 3820 1118 3902 spinas
1168 3820 1330 3900 candum,
1362 3828 1402 3886 nt
1428 3817 1610 3885 remedium
1643 3817 1778 3885 tandem
1805 3826 1993 3900 quaeratur.
2038 3816 2150 3883 Corri-

139 3922 245 3986 enato,
267 3930 351 3992 qnae
373 3910 445 3973 eius
466 3910 611 3975 fructum
628 3928 666 3973 ae
684 3908 909 3972 maturitatem
925 3906 1117 3988 impediant
1169 3906 1278 3992 ganda
1299 3907 1408 3990 potins
1429 3920 1501 3971 erat
1528 3907 1715 3972 animorum
1737 3903 1906 3981 mollities,
1930 3924 2030 3986 qnam
2051 3922 2150 3984 quas·

139 3992 311 4060 Difforunt
339 3993 543 4077 aliquantum
570 3994 651 4058 haec
678 3993 847 4059 scandala:
881 3991 938 4057 sed
965 4012 1041 4075 ego,
1068 3994 1118 4058 vi·
1170 3991 1265 4059 rendi
1287 3999 1496 4076 praetextus,
1525 3993 1582 4074 qui
1603 3991 1688 4059 nihil
1714 3990 1808 4056 nobis
1831 3988 2069 4073 suffragentur,
2098 3987 2149 4053 vi·

141 4081 261 4145 tandae
289 4080 490 4163 prolixitatis
517 4101 615 4146 eausa
641 4080 700 4144 snb
729 4100 796 4143 nno
823 4099 944 4161 genere
971 4097 1117 4160 compre-
1169 4079 1253 4144 tium
1291 4079 1433 4144 foveant.
1488 4079 1536 4144 At
1567 4096 1622 4145 ras
1657 4082 1710 4143 est
1742 4074 1853 4141 ardus.
1908 4072 1993 4155 Quis
2025 4070 2149 4157 negat?

140 4166 258 4231 hendo.
304 4166 468 4232 Audimus
490 4165 660 4231 Christum
685 4163 853 4246 discipulis
875 4164 945 4228 snis
966 4164 1118 4230 omnibus
1168 4163 1380 4230 Luctandnm
1402 4171 1513 4228 tamma
1536 4171 1595 4241 est,
1616 4182 1722 4245 neque
1744 4161 1778 4225 id
1800 4168 1913 4226 nostra
1933 4159 2067 4235 virtute,
2089 4157 2149 4223 sed

139 4251 405 4329 denunciantem,
428 4262 465 4340 nt
482 4274 575 4317 suam
594 4252 730 4333 quisque
751 4270 882 4315 emicem
903 4249 998 4314 tollat
1019 4249 1117 4333 (Luc.
1169 4249 1310 4316 Christi:
1333 4251 1389 4332 qni
1407 4249 1503 4316 sicuti
1520 4269 1581 4315 nos
1599 4246 1642 4313 ad
1659 4257 1827 4315 certamen
1847 4243 1959 4321 mittit,
1982 4243 2030 4309 ita
2047 4243 2149 4310 etiam

141 4342 170 4417 9,
188 4340 256 4421 23).
300 4338 466 4403 Audimus
488 4338 675 4403 hortantem
698 4336 739 4400 ad
761 4333 933 4400 subeunda
954 4333 1119 4417 quaelihet
1168 4335 1304 4402 instruit
1324 4335 1425 4400 armis
1451 4334 1646 4401 necessariis
1669 4332 1712 4399 ad
1732 4329 1939 4401 vincendum.
1979 4326 2148 4412 Oeiper·
2223 4344 2226 4349 ’

140 4424 224 4503 odia,
247 4424 436 4490 discrimina
458 4435 491 4490 et
518 4423 691 4507 opprobria
719 4434 853 4504 propter
878 4441 998 4486 nomen
1020 4441 1116 4485 suum
1168 4421 1351 4504 eiperemne
1371 4420 1451 4503 quid
1473 4420 1554 4485 illnd
1575 4418 1698 4487 valeat:
1722 4418 1844 4483 Beatos
1865 4416 2012 4497 assequi
2033 4435 2148 4497 perse·

139 4509 277 4595 (Matth.
300 4514 347 4586 10,
374 4514 438 4579 221.
491 4509 655 4575 Audimus
683 4514 884 4581 monentem,
918 4507 992 4571 lieri
1020 4505 1117 4571 aliter
1168 4506 1359 4591 quntionem
1395 4506 1568 4589 patiuntur
1598 4505 1639 4570 ob
1678 4503 1839 4569 iustitiam
1873 4500 2009 4583 (Matth.
2029 4507 2058 4579 ὁ,
2081 4500 2147 4585 10),

137 4617 208 4663 non
229 4615 334 4679 posse,
355 4596 437 4677 quin
457 4596 531 4661 odio
553 4597 657 4660 simus
679 4594 800 4676 impiis,
823 4593 903 4675 quin
923 4592 1116 4657 afflictiones
1167 4613 1265 4676 qnam
1286 4591 1381 4658 facile
1401 4592 1495 4658 nobis
1516 4598 1604 4657 esset
1623 4588 1771 4667 eluctari,
1794 4607 1862 4653 non
1880 4586 1943 4653 hoe
1964 4586 2148 4653 offendicu-

135 4683 174 4749 in
201 4680 327 4747 mundo
352 4703 413 4747 nos
439 4690 597 4747 maneant
621 4681 752 4764 (Ioann.
774 4684 823 4756 16,
842 4679 909 4760 33).
953 4676 1116 4745 Audimus
1167 4679 1236 4743 lum
1255 4677 1438 4757 modo,sed
1459 4695 1714 4761 quaecunquae
1734 4671 1908 4739 mundoet
1928 4692 2028 4739 carne
2050 4672 2148 4739 nobis

138 4768 412 4853 pronunciantem
438 4790 552 4833 omnes
580 4767 705 4843 bcatos,
740 4765 796 4848 qni
827 4765 1115 4847 persequutionem
1165 4765 1380 4849 ingeruntur!
1433 4763 1507 4828 Tibi
1541 4760 1622 4828 adeo
1658 4760 1797 4827 molesta
1838 4766 1890 4825 est
1922 4758 2146 4842 persequutio,

134 4855 293 4919 veritatis
318 4875 416 4920 cansa
443 4853 608 4919 sustinent
635 4852 821 4936 (Mettus,
844 4852 905 4929 10).
951 4848 1055 4917 Carni
1081 4858 1116 4915 et
1166 4857 1205 4915 ut
1237 4872 1256 4916 a
1286 4848 1420 4915 Christo
1453 4848 1588 4914 resilias.
1640 4846 1731 4913 Cur?
1776 4844 1892 4912 Nescis
1924 4842 2005 4927 quid
2035 4844 2147 4911 valeat

136 4941 294 5024 sangnini
327 4940 388 5005 hoc
419 4940 601 5003 marimum
634 4937 825 5005 scandalum
859 4941 933 5015 [pag.
966 4939 1020 5015 22]
1054 4944 1113 5001 est.
1170 4994 1207 5001 ,,
1240 4994 1260 4998 ,
1273 4992 1369 4999 ψ.

137 5026 270 5092 Natura
291 5029 379 5091 enim
408 5047 538 5092 erucem
559 5023 810 5090 reformidamus
832 5043 955 5088 omues.
999 5022 1115 5105 Itaque
1235 5071 1266 5137 1)
1286 5087 1330 5127 m
1349 5071 1487 5126 moiri&

137 5111 237 5178 malli
264 5111 326 5179 ¹¹³0
356 5110 397 5177 d0
426 5132 524 5178 ⁰¹¹⁰&
551 5109 719 5187 l‘fflffilmtr
746 5111 802 5193 qni
828 5108 968 5175 libefllffl'
995 5107 1115 5209 {limini
1235 5139 1266 5205 21
1285 5140 1365 5196 telles
1383 5156 1452 5208 gens
1469 5112 1504 5194 ne
1527 5138 1639 5194 renlent
1655 5138 1733 5208 point
1750 5136 1831 5206 qu'on
1853 5136 1954 5192 touche
1973 5135 2046 5190 leurs
2065 5150 2150 5191 mana

136 5198 247 5263 filium
256 5198 321 5263 Dei
343 5198 628 5281 amplecterentur,
651 5197 711 5263 sia
728 5216 824 5262 cruce
835 5214 987 5278 separare
1007 5215 1116 5277 ipsum
1167 5228 1201 5266 ne
1220 5204 1300 5281 qu‘on
1318 5216 1408 5279 gatte
1426 5209 1501 5264 leurs
1519 5224 1645 5276 rongnes.
1905 5287 1941 5343 2*
