4620 5894
124 250 188 315 455
800 244 923 314 AO'I'A
944 241 1126 352 SYNODI
1146 242 1468 309 {tumeamus
2075 240 2140 300 456

128 437 287 517 omnium,
311 455 395 520 quae
409 433 674 501 iustificationem
688 433 900 518 praecedunt,
912 432 1019 517 ipsam
1031 452 1110 515 pro·
1161 438 1227 512 tur,
1248 429 1327 498 dum
1349 452 1464 498 omnes
1492 431 1707 498 conscientias
1723 428 1904 514 tranquilla
1923 427 2045 494 fiducia
2065 447 2142 512 spo·

130 531 294 589 meretur:
317 523 387 587 sive
398 521 491 600 fides,
503 520 576 586 9119
588 541 697 604 99919.
726 518 822 601 Quae
834 519 931 584 nobis
942 517 998 583 hio
1009 538 1110 602 opera
1160 517 1253 583 11991.
1297 517 1364 585 Ubi
1389 518 1492 602 igitur
1519 517 1656 584 audacia
1683 516 1755 596 illa,
1784 515 1825 581 de
1852 536 1917 598 999
1942 513 2021 580 alibi
2046 513 2143 580 docet

128 610 425 677 comminiscuntur
441 606 674 673 iustificatione
689 605 821 690 priora?
849 604 1028 671 Ouiushoc
1045 605 1110 669 erit
1160 604 1296 680 Paulus,
1321 608 1396 683 [pag.
1418 608 1492 683 192]
1515 611 1707 669 9199999999
1725 623 1800 669 oum
1817 600 1990 667 fiduciaad
2011 607 2143 684 patrem

129 693 273 772 ordinis,
310 705 350 759 ut
383 691 528 758 radicem
557 693 684 758 fructus
718 699 867 775 tempore
908 689 1108 773 praecedat?
1160 711 1220 775 per
1247 689 1348 755 fidem
1369 689 1496 755 Christi
1520 689 1655 772 OEphes.
1681 692 1709 768 3,
1734 688 1811 771 12)t
1860 688 1938 752 Non
1964 692 2142 753 contentus

129 785 206 860 [pag.
224 783 299 861 199]
319 778 363 845 19
376 798 520 843 summa:
543 786 582 843 ut
592 778 785 862 intelligant
795 777 842 859 pii
853 774 992 843 lectores
1003 796 1109 858 quan·
1161 775 1301 841 fiduciae
1312 777 1452 855 nomine,
1471 774 1608 841 audacia
1624 795 1685 840 nos
1701 773 1846 851 instruit,
1865 793 1947 856 quae
1965 779 2054 838 certe
2064 771 2141 856 plus

127 877 201 931 tum
224 865 267 931 ad
288 863 458 930 doctrinae
485 864 717 930 correctionem
744 863 927 946 profectum
953 863 1011 940 sit,
1038 881 1108 926 mo-
1161 859 1339 944 quidquam
1368 869 1434 941 est,
1468 882 1567 944 quam
1595 860 1765 927 certitudo.
1810 857 1899 940 Quid
1927 862 2027 924 etiam
2053 855 2142 942 quod

127 951 229 1018 naohi
250 949 440 1017 reverendis
462 948 621 1032 patribus,
644 970 785 1032 quorum
802 954 913 1032 partes
933 955 1030 1012 erant
1051 967 1109 1011 au·
1162 947 1371 1013 certitudinis
1392 966 1505 1013 vocem
1525 946 1697 1029 aliquoties
1719 944 1889 1028 usurpati<
1917 944 2033 1028 Neque
2060 942 2142 1008 alibi

128 1039 222 1104 ribus
244 1056 405 1114 annuere,
434 1048 580 1100 veterem
603 1035 690 1100 hanc
712 1033 878 1100 dictarunt
894 1032 1108 1100 cantilenam:
1163 1053 1235 1098 eam
1257 1032 1383 1111 11191191,
1411 1054 1509 1116 99991
1531 1034 1567 1097 19
1589 1033 1658 1098 sola
1680 1032 1814 1117 gratuiti
1835 1031 1900 1096 Dei
1922 1029 2044 1095 amoris
2065 1049 2141 1112 per-

127 1123 216 1189 bona
242 1142 355 1204 opera,
383 1141 467 1204 quae
494 1121 760 1186 iustificatiouem
789 1117 1004 1202 praecedunt,
1043 1139 1111 1183 non
1162 1120 1313 1184 suasione
1333 1120 1444 1202 (Rom.
1464 1122 1494 1196 8,
1514 1117 1580 1202 37).
1625 1119 1697 1182 1919
1719 1138 1849 1183 9919919
1871 1136 1984 1183 veram
2006 1116 2071 1181 Dei
2088 1116 2141 1180 in·

128 1207 298 1274 meritoria
329 1226 402 1272 esse
430 1213 585 1272 aeternae
614 1207 744 1272 salutis:
779 1205 837 1271 sed
864 1205 1111 1288 praeparatoria
1162 1205 1369 1270 vocatiouem
1396 1205 1452 1268 isti
1482 1211 1652 1282 evertunt,
1665 1206 1690 1286 ¹)
1724 1224 1826 1286 quum
1853 1203 1983 1285 piorum
2012 1202 2142 1267 animos

128 1292 300 1359 duntaxat.
344 1293 457 1374 Atqui,
480 1293 508 1358 si
529 1314 596 1375 qua
614 1312 713 1375 opera
730 1290 829 1357 fidem
852 1296 1109 1370 anteverteras,
1162 1290 1380 1373 trepidatione
1415 1290 1636 1373 suspendunt,
1674 1311 1757 1373 quae
1783 1289 1854 1354 9919
1885 1287 1980 1353 nobis
2004 1288 2142 1354 ianuam

126 1379 200 1463 ipsa
217 1398 346 1461 quoque
368 1378 523 1443 venirent
539 1378 576 1441 in
586 1378 757 1444 calculum.
792 1375 861 1443 Sed
883 1376 957 1440 ideo
980 1376 1110 1441 nullum
1159 1376 1351 1460 praecludit.
1396 1374 1465 1456 Qui
1484 1376 1638 1455 haesitat,
1666 1375 1774 1458 inquit
1794 1375 1934 1441 Iacobus
1955 1374 2001 1455 (1,
2021 1374 2066 1458 6),
2095 1373 2141 1438 91-

127 1465 295 1541 919111919,
318 1465 393 1546 9919
415 1463 509 1528 99119
530 1471 610 1529 9991
630 1483 738 1546 99919.
771 1463 858 1528 Nam
881 1463 910 1528 91
931 1483 1032 1545 99919
1049 1482 1110 1528 999
1161 1462 1250 1527 911119
1272 1470 1323 1527 991
1349 1463 1464 1533 fluctui
1491 1463 1606 1537 maris,
1635 1462 1692 1544 qui
1719 1482 1739 1525 9
1767 1469 1866 1526 vento
1895 1460 2140 1525 circumfertur:

126 1557 289 1634 quaerant
310 1549 479 1627 homiues,
507 1549 596 1614 19919
617 1548 781 1614 duntaxat
801 1548 983 1614 invenient.
1026 1548 1109 1613 Pos-
1161 1568 1230 1612 999
1253 1569 1332 1632 ergo
1353 1548 1545 1613 existiment
1565 1547 1663 1627 19199,
1687 1567 1722 1613 99
1744 1546 1921 1629 quidquam
1944 1546 2142 1628 impetratu-

127 1636 209 1702 teris
235 1634 296 1702 rix
323 1634 589 1718 persuadebitur,
617 1643 750 1700 tantum
778 1635 880 1700 fuisse
908 1634 1052 1716 stuporis
1073 1635 1109 1699 in
1161 1655 1215 1699 ros
1238 1655 1258 1699 a
1279 1634 1433 1712 Domino,
1456 1632 1513 1698 sed
1536 1633 1593 1716 qui
1614 1633 1689 1698 vult
1710 1652 1861 1712 exorare,
1882 1631 1968 1696 nihil
1988 1630 2140 1698 haesitet.

127 1727 267 1805 papatu,
296 1730 336 1784 91
362 1720 585 1786 iustificationi
613 1720 719 1785 ullum
746 1741 829 1804 opus
858 1729 1108 1803 praeponerent,
1161 1718 1315 1785 Notanda
1347 1728 1398 1785 est
1429 1720 1603 1784 antithesis
1634 1720 1722 1783 inter
1756 1717 1855 1784 fidem
1887 1726 1921 1782 et
1949 1717 2141 1782 haesitatio-

129 1807 260 1873 etiamsi
281 1814 443 1890 negarent
463 1827 535 1872 esse
557 1807 640 1871 tanti
662 1806 738 1871 boni
761 1807 976 1871 meritorium.
1018 1804 1108 1885 Quid
1161 1826 1252 1871 nem:
1282 1804 1372 1870 unde
1399 1805 1553 1889 colligere
1580 1812 1769 1888 promptum
1790 1812 1854 1882 est,
1882 1803 1982 1868 fidem
2004 1802 2140 1880 destrui,

127 1893 217 1959 enim
239 1892 280 1957 ab
302 1891 437 1956 homine
459 1890 617 1974 prodibit,
648 1891 751 1958 119999
779 1893 897 1974 9911119
918 1889 984 1954 Dei
1010 1891 1110 1954 1119111
1160 1892 1258 1956 919191
1281 1912 1319 1956 ac
1340 1891 1467 1956 tollitur
1488 1887 1659 1955 certitudo.

127 1976 319 2062 regenitus?
365 1977 482 2062 Longe
517 1977 649 2043 diversa
683 1986 734 2043 est
760 1977 860 2043 Pauli
892 1975 1107 2041 ratiocinatio.
1248 1975 1317 2044 Sed
1338 1997 1403 2060 quo
1432 1977 1552 2041 melius
1579 1984 1648 2040 tota
1675 1996 1790 2041 eorum
1816 1973 1982 2058 theologia
2003 1976 2141 2058 patefiat

127 2064 293 2148 Ephesios
315 2063 483 2141 admouet,
512 2083 581 2146 999.
606 2067 624 2126 2
653 2064 699 2148 (v.
723 2062 759 2147 8)
781 2070 820 2128 91
841 2083 877 2129 99
897 2063 1110 2127 meminerint
1161 2063 1347 2140 lectoribus,
1371 2063 1562 2144 expendant
1581 2083 1665 2144 quae
1686 2063 1722 2126 in
1743 2060 1857 2126 eodem
1878 2061 2141 2144 capitesequuu-

128 2150 239 2234 919119
260 2148 405 2213 99119199
426 2169 507 2227 esse,
529 2168 597 2212 non
610 2170 653 2213 ex
675 2171 710 2214 se
731 2150 822 2231 ipsis,
845 2169 951 2230 neque
972 2168 1014 2212 ex
1031 2166 1109 2230 pro-
1161 2159 1217 2215 tur
1238 2149 1348 2215 verba.
1394 2146 1462 2214 Sed
1486 2168 1594 2232 99999
1621 2147 1709 2212 illud·
1731 2144 2142 2230 9999199119η1,99911919

127 2236 210 2319 priis
228 2234 393 2317 operibus.
436 2234 669 2300 Probationem
692 2233 832 2310 subiicit,
854 2255 921 2298 999
940 2251 1005 2315 999
1021 2232 1108 2316 lym·
1162 2254 1218 2300 eos
1249 2235 1306 2316 qui
1337 2256 1415 2300 vere
1443 2235 1609 2300 iustificati
1642 2243 1730 2310 sunt,
1772 2231 1893 2314 absque
1926 2232 2141 2310 dubitatione,

127 2321 222 2405 phati
247 2321 304 2385 isti
327 2327 437 2402 patres
458 2327 615 2398 utuntur,
649 2340 763 2404 opera,
793 2339 876 2402 quae
896 2317 1108 2403 praecedunt,
1161 2319 1249 2404 apud
1271 2341 1306 2386 se
1327 2320 1415 2403 ipsos
1443 2329 1601 2396 statuere,
1630 2340 1665 2384 se
1687 2340 1759 2384 esse
1786 2319 1987 2384 iustificatos.
2033 2315 2072 2383 Si
2094 2317 2143 2382 ita

127 2406 222 2471 nulla
254 2405 419 2471 sufficere:
453 2404 511 2471 sed
543 2426 641 2488 99991
674 2426 734 2490 ego
763 2403 901 2481 adduxi,
936 2424 1002 2468 non
1036 2404 1109 2469 aliis
1162 2415 1228 2471 est:
1251 2405 1387 2471 videant
1408 2427 1473 2488 qua
1494 2406 1622 2471 ratione
1644 2405 1809 2471 conciliari
1832 2413 1932 2488 queat
1952 2408 2142 2490 9199999919

128 2491 283 2576 operibus
305 2511 366 2556 nos
388 2512 459 2556 esse
487 2490 668 2574 praeditos,
696 2490 760 2557 nisi
788 2511 871 2573 quae
893 2491 987 2555 Deus
1013 2509 1108 2574 prae-
1162 2511 1237 2557 cum
1266 2491 1480 2558 dubitatione.
1524 2491 1623 2556 111991
1651 2490 1890 2557 enimPaulus
1919 2489 1996 2555 fidei
2023 2509 2141 2573 perpe-

127 2579 273 2661 paravit:
315 2577 391 2659 quia
424 2598 540 2642 sumus
578 2576 667 2642 illius
705 2576 846 2656 factura,
885 2575 927 2641 ad
959 2583 1109 2641 sanctam
1161 2586 1256 2643 19991
1277 2579 1356 2643 facit
1376 2578 1538 2643 comitem.
1584 2578 1690 2643 Taceo
1718 2575 1805 2659 quod
1834 2577 1939 2641 instar
1965 2576 2142 2640 axiomatis

128 2671 163 2729 91
183 2664 274 2747 91991
303 2664 405 2728 vitam
434 2663 545 2728 creati.
590 2661 692 2726 Fides
719 2682 818 2745 porro
844 2661 1109 2727 iustificationem
1161 2660 2140 2747 1119999991,99911Ρ9919991919999991991119119911

127 2751 176 2814 119
208 2747 391 2832 9199991111,
426 2757 465 2812 91
503 2757 614 2813 199199
645 2747 712 2812 Dei
750 2757 902 2830 respectu
943 2757 1107 2829 99999191.
1162 2749 1201 2816 Si
1224 2750 1358 2835 exlege
1380 2749 1644 2827 esthaereditns,
1667 2749 1783 2832 inquit,
1806 2746 2142 2814 exinanitaestfides

128 2833 329 2917 Quanquam
357 2831 398 2897 de
425 2832 491 2898 tide
518 2832 604 2916 quod
632 2833 762 2911 1119991,
791 2841 871 2899 1999
892 2834 1039 2898 fortassis
1061 2833 1110 2897 lo·
1162 2837 1273 2919 (Rom.
1293 2845 1323 2914 t,
1345 2835 1409 2919 14).
1452 2835 1547 2900 Fidei
1570 2835 1695 2900 nullam
1718 2836 1788 2900 fore
1810 2833 2041 2900 certitudinem
2066 2837 2141 2912 [pag.

128 2942 204 2988 cum
227 2919 373 2998 haberet,
396 2919 425 2984 si
446 2918 529 2985 fides
539 2920 620 3002 ipsa,
643 2940 728 3003 quae
742 2941 801 2985 nos
823 2920 858 2983 19
869 2920 1110 3002 possessionem
1166 2925 1238 3000 199]
1263 2929 1523 3006 argumentatur,
1547 2922 1575 2985 si
1596 2921 1750 3004 operibus
1771 2920 1900 2986 nitatur
1921 2920 2013 2986 salue
2033 2918 2142 2985 homi·

128 3007 272 3073 iustitiae
302 3010 376 3085 [pag.
406 3009 478 3083 191]
506 3006 626 3082 9111111,
661 3025 681 3070 9
713 3005 807 3070 nobis
840 3012 937 3071 esset.
982 3004 1109 3070 Verum
1160 3029 1251 3072 num.
1284 3007 1359 3072 Non
1383 3006 1584 3073 dubitathoo
1626 3029 1663 3072 ro
1680 3005 1914 3073 absurdissimo
1936 3006 1972 3070 in
1993 3005 2142 3071 medium

128 3113 229 3176 quum
258 3092 331 3174 ipsa
357 3110 487 3173 999999
513 3092 697 3175 gratuitum
724 3092 769 3156 911
794 3091 860 3156 Dei
887 3090 1025 3155 donum:
1054 3110 1109 3154 su·
1160 3094 1316 3177 proferre.
1361 3093 1406 3157 Et
1427 3093 1554 3157 merito.
1596 3029 1709 3174 duum
1731 3114 1818 3173 mox,
1840 3091 1995 3157 abolitam
2013 3112 2142 3175 quoque

127 3199 292 3263 pervacua
314 3184 365 3242 991
384 3177 464 3254 1919,
495 3198 594 3259 99991
621 3186 763 3260 ponunt,
792 3178 948 3260 exceptio.
994 3174 1109 3257 Quan-
1162 3199 1234 3244 esse
1260 3178 1520 3262 promissionem,
1543 3178 1620 3243 inde
1642 3179 1781 3264 colligat.
1825 3177 1936 3244 Pudet
1957 3186 2069 3243 autem
2088 3198 2144 3243 919

149 3286 227 3329 9991
246 3264 411 3348 scriptura
433 3262 519 3328 hano
530 3261 767 3328 dubitationem
778 3262 845 3327 alia
864 3263 991 3327 ratione
1011 3261 1108 3340 191111,
1161 3265 1256 3349 quasi
1284 3263 1325 3330 de
1350 3286 1387 3329 re
1420 3265 1575 3348 ambigua
1602 3263 1812 3343 contendere,
1848 3285 1922 3330 cum
1950 3265 1991 3330 iis
2023 3264 2079 3347 qui
2107 3284 2145 3329 se

128 3285 209 3414 dum
229 3349 329 3414 fidem
359 3349 495 3430 opponit
516 3348 684 3432 operibus:
712 3370 755 3414 ne
776 3349 866 3413 inter
892 3348 1011 3413 merita
1032 3369 1109 3414 cen·
1164 3351 1373 3420 Christianos
1391 3350 1568 3434 appellant.
1604 3350 1704 3416 (11919
1725 3361 1777 3416 991
1790 3352 1971 3434 scripturae
1983 3348 2143 3415 doctrina

129 3443 251 3501 seatnr.
286 3434 402 3516 Neque
424 3434 515 3498 enim
536 3434 715 3517 quidquam
738 3441 888 3500 nostrum
910 3435 1007 3499 affert
1027 3433 1110 3499 fides
1161 3436 1302 3515 Scimus,
1325 3436 1433 3520 inquit
1453 3437 1604 3514 Ioannes,
1626 3457 1686 3502 999
1703 3458 1774 3502 9999
1794 3437 1879 3502 filios
1890 3437 1954 3501 Dei
1971 3435 2004 3520 (1
2024 3436 2143 3502 Ioann.

130 3519 307 3584 adDeum:
328 3516 385 3584 sed
408 3518 494 3601 99911
517 3519 721 3586 ultronobis
743 3521 841 3585 offert
858 3521 960 3599 Deus,
982 3521 1107 3603 recipit.
1160 3529 1190 3602 4,
1210 3523 1255 3605 6).
1299 3523 1346 3588 Et
1366 3530 1487 3606 postea,
1510 3523 1600 3587 unde
1620 3522 1702 3588 haec
1724 3524 1860 3588 99199119
1887 3530 2057 3601 99999191,
2080 3542 2141 3586 ex-

126 3605 217 3670 Hinc
242 3606 296 3680 fit,
327 3614 366 3668 ut
392 3603 490 3682 fides,
518 3607 668 3687 quamvis
695 3606 901 3689 imperfecta,
929 3608 1108 3688 perfectam
1159 3610 1268 3693 ponit:
1296 3630 1429 3693 nempe,
1457 3631 1499 3674 ex
1521 3610 1640 3692 spiritu
1661 3629 1758 3691 911919
1787 3607 1878 3674 dedit
1898 3607 1999 3673 nobis.
2045 3606 2142 3673 Sicut

126 3689 345 3756 nihilomiuus
375 3691 535 3755 iustitiam
568 3690 746 3774 possideat:
784 3691 862 3773 quia
893 3712 959 3755 nou
997 3692 1108 3770 alium,
1162 3703 1196 3760 et
1217 3694 1344 3760 Paulus
1364 3695 1533 3773 admonet,
1562 3717 1627 3760 non
1650 3695 1767 3759 mundi
1789 3695 1942 3778 spiritum
1964 3713 2141 3759 9999999·

127 3796 226 3861 quam
247 3776 413 3859 gratuitae
434 3775 499 3839 Dei
518 3776 685 3855 bonitatis,
703 3783 891 3859 respectum
912 3775 1020 3841 habet.
1162 3781 1266 3864 pisse:
1295 3780 1353 3846 sed
1381 3781 1534 3863 spiritum
1562 3783 1617 3864 qui
1647 3801 1688 3844 ex
1716 3779 1790 3845 Deo
1816 3788 1883 3860 est,
1917 3788 1956 3844 ut
1985 3781 2141 3860 9919111119,

214 3861 332 3943 099119
355 3859 490 3939 decimo,
519 3861 554 3924 in
577 3881 713 3938 vanam,
745 3859 1109 3945 91199199111991199-
1162 3887 1246 3949 9999
1267 3866 1373 3931 91199
1395 3867 1517 3931 1199919
1538 3875 1618 3931 9991
1638 3866 1732 3932 nohis
1755 3865 1879 3950 (1091.
1900 3871 1929 3944 2,
1951 3870 2014 3949 12).
2051 3866 2142 3932 Alibi

125 3955 209 4027 1991,
232 3947 477 4013 haereticorum
497 3946 651 4012 fiduciam
675 3947 886 4012 invehuntur.
926 3948 978 4012 Ea
999 3956 1109 4012 autem
1162 3952 1263 4016 911991
1290 3952 1491 4034 expressius:
1521 3952 1596 4016 Non
1625 3953 1810 4035 accepimus
1836 3953 1958 4017 iterum
1986 3952 2143 4035 spiritum

127 4042 186 4113 est,
208 4030 390 4099 secundum
418 4052 531 4096 eorum
552 4031 794 4111 definitionem,
823 4031 903 4096 dum
931 4041 1020 4099 certe
1042 4042 1109 4099 sta·
1162 4037 1332 4103 servitutis
1352 4037 1387 4101 in
1416 4038 1585 4116 timorem,
1614 4037 1672 4103 sed
1695 4036 1880 4122 adoptionis
1908 4039 2075 4122 spiritum,
2104 4039 2142 4104 in

127 4117 802 4205 191919999111919911999999999999191Ι
830 4118 866 4182 19
887 4138 990 4201 99999
1012 4119 1109 4186 99111-
1161 4144 1226 4205 999
1259 4123 1438 4188 clamamus
1473 4122 1581 4200 Abba,
1615 4131 1710 4206 pater
1743 4124 1853 4205 (Rom.
1880 4129 1910 4203 8,
1943 4126 2004 4208 19).
2050 4124 2142 4191 Hinc

128 4206 242 4272 tudine
263 4203 510 4288 acquiescimus.
545 4202 672 4268 Verum
695 4203 917 4269 sihaeretioos
937 4205 1016 4272 t'aeit
1034 4204 1109 4270 talis
1162 4229 1312 4275 99999999
1341 4208 1500 4276 11199991
1527 4209 1646 4274 11119919
1673 4209 1885 4289 mendacia,
1917 4211 2011 4276 ouius
2041 4210 2142 4293 paulo

38 4350 41 4357 ,
128 4289 305 4358 certitudo:
330 4291 387 4356 ubi
409 4290 474 4354 erit
495 4288 643 4367 felicitas,
667 4310 767 4371 quam
784 4290 896 4355 David
918 4290 1108 4375 praedicat?
1162 4304 1239 4359 9919
1271 4296 1490 4360 meminimus.
1545 4295 1592 4359 111
1621 4317 1701 4360 9999
1739 4304 1845 4359 191919
1876 4295 1952 4361 fidei
1984 4305 2143 4362 naturam

127 4377 210 4456 1919,
233 4378 290 4443 ubi
314 4377 378 4442 erit
395 4395 460 4459 pax
491 4374 565 4453 illa,
595 4376 636 4440 de
664 4397 729 4459 qua
749 4375 874 4442 Paulus
897 4378 1110 4443 concionatur
1160 4383 1324 4465 ignorant,
1346 4382 1403 4464 qui
1425 4402 1498 4447 eam
1515 4380 1716 4447 dubitatione
1735 4383 1884 4448 miscent.
1918 4381 1957 4448 Si
1975 4382 2144 4449 dubitaret

128 4465 243 4546 quinto
266 4463 307 4527 ad
329 4463 497 4527 Romanos
517 4463 624 4545 capite
653 4464 697 4543 (v.
726 4462 772 4545 1),
796 4464 824 4528 91
851 4462 929 4528 alibi
952 4484 1051 4546 quam
1072 4464 1109 4528 iu
1163 4468 1303 4534 Paulus:
1344 4489 1412 4532 999
1445 4466 1583 4533 auderet
1622 4469 1720 4531 morti
1755 4476 1789 4532 et
1825 4469 1938 4533 inferis
1970 4470 2142 4544 insultare,

129 4548 199 4614 sola
226 4547 292 4612 Dei
319 4547 551 4613 benevolentia
579 4547 838 4630 acquiescimus?
882 4548 982 4615 Unde
1011 4570 1109 4633 99119
1163 4551 1438 4637 9999191119οά919
1465 4554 1543 4619 facit
1564 4554 1703 4619 Romen.
1727 4557 1747 4616 8
1772 4556 1816 4636 (v.
1835 4558 1873 4618 31
1895 4553 2000 4641 seqq.)
2027 4555 2084 4621 ubi
2108 4576 2145 4622 se

127 4633 239 4699 Deum
260 4632 421 4700 habemus
442 4633 632 4717 propitium,
655 4634 719 4698 nisi
742 4634 820 4716 quia
841 4655 909 4699 999
930 4635 1034 4700 191191
1051 4658 1110 4702 99-
1164 4649 1233 4705 1919
1256 4648 1383 4705 9911991
1405 4660 1479 4705 9999
1500 4641 1601 4704 199191
1618 4639 1658 4705 119
1680 4660 1791 4705 991919
1810 4639 1884 4720 Dei,
1905 4651 1943 4705 ut
1963 4640 2049 4706 nihil
2065 4662 2144 4707 eum

129 4719 256 4786 hiscum
291 4720 326 4783 in
360 4718 539 4783 iudicium?
591 4719 757 4785 Fateatur
770 4720 795 4801 ¹)
826 4741 1011 4802 uunquam,
1046 4721 1111 4787 nisi
1165 4726 1205 4791 ab
1227 4727 1294 4790 ista
1315 4725 1528 4807 persuasione
1550 4724 1719 4792 dimovere
1745 4736 1852 4808 99991.
1897 4726 1972 4792 Non
1995 4727 2143 4806 auderet,

129 4805 249 4891 gratis,
278 4805 404 4868 remitti
429 4813 565 4886 peccata
592 4812 727 4888 propter
748 4804 933 4873 Christum:
962 4806 1021 4873 sed
1048 4807 1111 4872 hoo
1164 4811 1272 4894 capite
1293 4811 1415 4893 quinto,
1439 4813 1485 4893 (v.
1506 4811 1539 4891 2)
1562 4813 1696 4894 gloriari
1718 4831 1819 4892 super
1840 4832 1899 4893 spe
1921 4812 2047 4896 gloriae
2068 4814 2142 4879 Dei.

128 4896 164 4959 19
187 4910 346 4974 suspenso
368 4889 571 4971 relinquunt,
594 4891 713 4973 quibus
735 4900 768 4956 91
786 4891 917 4974 9999119
937 4893 1110 4958 199111199-
1165 4895 1262 4977 Quod
1284 4917 1325 4961 ex
1349 4896 1542 4962 eiusverbis
1563 4896 1685 4979 liquido
1708 4905 1853 4980 apparet
1887 4898 2032 4965 (1999991
2054 4900 2144 4966 99119

198 5165 228 5232 1)
247 5166 288 5220 les
305 5163 451 5218 1999991199
468 5161 502 5219 de
520 5163 631 5218 Trente.
1231 5172 1261 5238 1)
1280 5187 1326 5226 cea
1344 5170 1473 5226 canailles
1490 5171 1523 5226 de
1541 5168 1651 5225 1191119.
