4620 5894
198 218 261 283 303
949 201 1201 273 ADVERSUS
1223 204 1261 269 P.
1285 201 1464 270 CAROLI
2149 210 2217 275 304

192 423 364 485 nunquam
386 398 520 466 cessabo
543 419 564 463 a
585 396 755 483 signaculo
777 395 896 475 cmcis;
920 399 954 460 et
970 393 1086 473 ecdem
1107 415 1176 459 mo-
1227 395 1346 460 crassis
1363 392 1530 478 foedisque
1546 392 1728 461 mendaciis
1739 393 2025 477 deprehendimus.
2052 393 2122 463 Sed
2139 398 2217 482 quis

192 493 305 555 mento
326 485 402 570 plus
424 483 549 552 centies
570 503 708 549 manum
724 482 760 546 in
777 501 909 547 crucem
926 480 1030 547 torsit
1064 480 1177 562 Quum
1227 479 1328 546 fidem
1352 478 1488 560 habeat,
1517 480 1617 546 etiam
1643 480 1672 546 si
1699 487 1799 563 caput
1827 500 1926 546 suum
1948 479 2027 548 diris
2048 482 2215 564 omnibus,

193 572 346 641 omnibus
373 572 496 637 mirum
524 577 612 636 esset
638 567 727 634 unde
754 573 848 633 tanta
874 566 1099 650 intemperies,
1123 587 1176 633 ro·
1229 587 1322 632 aram
1338 573 1470 645 tenens,
1502 565 1624 632 centies
1644 565 1841 633 devoveret?
1887 564 1963 648 Quo
1985 573 2098 634 autem
2118 570 2216 637 testi·

193 660 287 746 gavit
307 679 394 724 unus
412 678 479 740 qua
495 656 531 720 in
549 676 586 720 re
602 654 774 720 lacessitus
791 659 879 719 esset
895 674 915 718 a
932 652 1056 719 Vireto.
1087 651 1176 734 Quid
1228 653 1338 718 monio
1367 650 1577 718 ostendemus
1604 653 1714 735 ipsum
1742 651 1898 718 mentiri?
1943 652 2072 738 Nempe
2093 655 2217 723 vivum

193 767 248 811 me
279 764 393 829 rogas,
421 742 544 826 inquit,
571 741 665 824 qnasi
693 739 734 806 de
761 761 798 804 re
826 737 948 805 dubia?
992 740 1067 823 Ego
1089 739 1177 804 enim
1229 737 1337 804 adhuc
1364 737 1549 821 complures
1575 736 1672 822 probi
1698 738 1777 818 viri,
1806 739 1863 821 qui
1890 739 1999 804 sciunt
2025 760 2094 806 non
2118 762 2156 807 ro

193 830 333 898 vixdum
361 828 478 914 pedem
499 828 536 891 in
558 826 718 910 templum
739 825 933 905 intuleram,
957 846 1059 908 quum
1081 821 1177 891 audie
1228 831 1302 890 tum
1323 824 1429 904 modo,
1450 821 1509 890 sed
1528 824 1735 890 obsecratum
1757 825 1888 907 saepius
1910 846 1931 890 a
1952 825 2085 892 Farello
2101 833 2136 891 et
2152 763 2220 893 ifi-

194 917 304 1000 ipsum
329 917 365 982 in
393 920 589 982 scortatores
618 911 800 980 vociferari.
847 910 972 976 Vident
1001 932 1091 978 nunc
1111 911 1178 978 lee-
1229 917 1300 976 rete
1321 911 1431 990 fuisse,
1455 916 1493 975 ut
1514 916 1649 976 strenue
1670 917 1857 994 susceptam
1874 911 2021 994 papistae
2039 932 2218 996 personam

194 1008 284 1069 teres
306 1021 405 1084 quam
433 1001 516 1066 bene
543 998 606 1066 sibi
634 998 784 1064 conscius
814 998 928 1076 fuerit,
957 998 1012 1080 qui
1040 997 1178 1064 simulac
1229 1003 1387 1063 tueretur.
1432 996 1474 1062 In
1504 1004 1662 1081 suggestu
1688 996 1751 1063 hoc
1778 997 1908 1080 saepius
1936 995 2067 1081 publice
2088 997 2219 1066 dictum

195 1087 402 1154 scortationis
434 1086 556 1152 mentio
594 1085 680 1152 facta
712 1092 800 1163 erat,
840 1081 942 1168 digito
980 1104 1016 1149 se
1049 1084 1179 1167 putavit
1228 1083 1302 1148 fuit.
1347 1081 1415 1148 Sed
1436 1083 1595 1165 privatim
1616 1083 1716 1148 etiam
1738 1081 1778 1147 de
1800 1082 1863 1149 hac
1885 1104 1922 1149 re
1944 1083 2029 1149 serie
2051 1084 2213 1168 interpel-

195 1174 382 1240 monstrari.
434 1172 507 1256 Ego
533 1176 646 1238 autem
677 1171 808 1254 saepius
842 1168 882 1235 de
910 1169 1027 1235 Vireto
1055 1169 1177 1248 audivi,
1230 1168 1318 1234 latus
1343 1169 1415 1234 fuit.
1465 1169 1512 1235 Ilt
1539 1168 1618 1252 quid
1638 1190 1731 1253 ‚opus
1759 1168 1824 1233 fuit
1855 1169 2003 1254 mitigari
2034 1191 2055 1235 a
2086 1170 2217 1238 Farelli

217 1281 294 1326 uum
314 1264 428 1325 sancte
450 1263 627 1336 assereret,
655 1262 731 1336 [pag.
751 1260 804 1335 22]
826 1276 997 1338 nunquam
1023 1254 1085 1320 sibi
1108 1263 1179 1320 tum
1231 1253 1384 1321 studiosis
1407 1255 1477 1320 eius
1499 1253 1765 1321 vehementiam?
1811 1253 1952 1320 Causam
1976 1255 2093 1321 reddit.
2129 1255 2221 1338 Quia

195 1281 307 1411 Caroli
320 1346 345 1427 ¹)
367 1343 497 1409 venisse
518 1345 554 1408 in
576 1351 731 1421 mentem,
755 1341 869 1408 sedin
915 1363 1012 1408 onere
1032 1341 1179 1406 modeste
1230 1340 1383 1406 Farellus
1410 1346 1444 1406 et
1464 1340 1601 1406 Viretus
1629 1342 1691 1408 sibi
1716 1339 1873 1408 solvendo
1895 1360 1963 1406 non
1984 1347 2103 1407 essent
2145 1342 2222 1409 Hu-

194 1428 613 1515 dixissequantumlocus
636 1435 744 1494 atres
766 1362 959 1510 postulabat.
994 1428 1087 1493 Haec
1105 1434 1178 1492 tan·
1231 1428 1283 1492 ius
1303 1426 1368 1508 rei,
1397 1427 1474 1510 quia
1499 1426 1636 1493 idonens
1662 1433 1737 1507 [pag.
1759 1432 1813 1507 24]
1835 1425 1936 1492 iudex
1957 1449 2025 1493 non
2045 1433 2113 1508 est,
2131 1426 2222 1494 iudi-

195 1522 270 1583 tum
298 1515 445 1582 breviter
478 1513 584 1598 attigi.
637 1514 692 1580 Ab
728 1514 802 1579 aliis
844 1514 993 1580 consulte
1027 1535 1178 1597 superse-

196 1601 272 1682 deo,
295 1624 338 1667 no
365 1602 523 1668 foetorem
555 1600 698 1665 nimium
725 1620 963 1667 commoveam:
993 1600 1059 1666 nisi
1091 1599 1178 1684 quod

193 1709 262 1753 une
284 1687 383 1755 verbo
411 1687 572 1754 admoneo
599 1694 637 1753 ut
666 1685 942 1770 recordeturque
968 1688 1102 1752 nomine
1121 1707 1178 1770 pe·

194 1774 327 1841 cuniam
354 1775 576 1860 corrogaverit
599 1795 619 1838 a
645 1774 821 1857 primariae
844 1771 1015 1857 dignitatis
1037 1772 1178 1839 homini-

193 1858 258 1924 bus
291 1867 330 1924 ut
355 1881 428 1925 eam
455 1860 543 1926 solus
579 1860 815 1944 ingurgitaret:
855 1860 946 1945 atqui
978 1858 1178 1942 pauperibus

194 1965 269 2010 eam
300 1944 450 2027 rogabat,
481 1967 548 2010 non
577 1946 648 2011 sibi
700 1947 810 2029 Atque
838 1944 900 2010 has
928 1945 1028 2011 fuisse
1056 1945 1179 2028 primas

195 2030 417 2096 offensionum
445 2051 560 2096 causas
584 2032 671 2096 inter
700 2033 810 2115 ipsum
837 2036 870 2096 et
894 2030 1064 2096 uarellum
1090 2037 1179 2097 certe

194 2117 317 2182 certius
339 2123 401 2182 est:
424 2113 511 2199 qued
531 2115 687 2182 Farellus
708 2118 814 2201 primo
835 2138 1013 2202 congressu
1031 2117 1081 2182 illi
1099 2116 1179 2182 adu·

195 2200 258 2265 lari
279 2222 349 2267 nen
376 2201 584 2281 sustinuerit,
613 2202 699 2285 quod
722 2202 839 2269 deinde
868 2204 1005 2270 liberius
1028 2225 1105 2270 eum
1127 2203 1177 2267 in·

196 2287 795 2442 tttltttfttttfttutf
813 2290 1180 2442 similtiriibltl

193 2427 335 2543 longini
352 2458 471 2524 detulit
490 2480 590 2543 quam
610 2468 647 2525 ut
667 2461 805 2544 privatis
827 2462 897 2527 eius
919 2461 1100 2528 rationibus
1122 2482 1180 2526 ex·

61 2600 65 2605 .
195 2543 335 2628 pediret.

283 2628 433 2714 Sequuta
455 2637 506 2696 est
527 2631 716 2716 disputatio,
738 2653 823 2716 quae
845 2632 996 2717 frigebat,
1019 2639 1182 2716 quantum

197 2715 325 2794 audivi,
356 2717 421 2782 nisi
448 2738 521 2783 eam
549 2717 758 2785 calefecisset.
803 2719 907 2785 Pauci
933 2721 1022 2784 enim
1045 2718 1183 2783 aderant

196 2803 441 2889 antagonistae,
467 2810 501 2868 et
522 2802 572 2867 illi
594 2824 661 2870 non
683 2813 735 2871 sat
756 2806 840 2871 bene
861 2805 1024 2872 instructi.
1065 2804 1183 2869 Prodit

195 2887 427 3040 iffioarqlus
436 2890 486 3039 lin
499 2909 636 2955 coenam
644 2891 673 2974 ²)
696 2891 797 3042 vp⁰lr⁰
820 2898 895 2992 atus
907 2890 1039 3042 {algua
1054 2898 1180 3041 sfpfiontf.

196 2997 243 3040 ιι
319 2996 408 3040 emm
461 2996 500 3042 oe
533 2997 652 3042 moror.
733 2999 795 3042 xor
830 2998 889 3042 um
928 2998 977 3043 eor
1019 2999 1040 3041 a
1109 2997 1183 3043 voa

196 3061 403 3144 quaestione:
433 3062 542 3128 utrius
574 3068 714 3128 naturas
745 3063 870 3128 intuitu
894 3062 1047 3129 Christus
1077 3061 1181 3127 domi·

196 3147 293 3213 nium
318 3147 399 3213 eoeli
428 3154 462 3212 et
489 3154 598 3214 terrae
627 3149 776 3215 haberet:
806 3171 884 3215 nam
905 3150 934 3214 si
955 3149 1101 3228 divinae,
1130 3149 1181 3213 in-

195 3233 284 3382 anit,
320 3255 398 3318 ergo
424 3234 475 3298 illi
504 3256 571 3301 nen
600 3241 651 3301 est
678 3235 792 3302 datum
820 3257 862 3301 ex
888 3257 952 3319 que
973 3255 1108 3303 carnem
1130 3235 1182 3300 in·

219 3321 283 3399 uit;
305 3319 334 3384 si
355 3320 531 3401 humanae,
554 3342 632 3406 ergo
653 3321 726 3388 iure
748 3322 969 3388 haereditarie
991 3321 1182 3390 devolutum

194 3405 260 3469 fuit
281 3404 324 3468 ad
344 3413 494 3486 matrem,
517 3427 559 3471 ex
581 3428 644 3490 quo
666 3407 821 3475 Christus
844 3410 915 3475 sine
934 3408 1047 3475 liberis
1071 3408 1182 3475 deces-

195 3490 250 3555 sit.
293 3489 446 3557 Farellus
469 3491 510 3556 ad
532 3491 658 3559 obieeta
678 3494 736 3559 illa
756 3495 927 3578 respondit
948 3505 1111 3580 quantum
1129 3517 1182 3563 sa·

196 3576 240 3640 tis
263 3585 341 3639 erat.
392 3576 521 3641 Verum
548 3585 585 3641 ut
611 3599 729 3645 ansam
754 3579 960 3663 praecideret
986 3581 1107 3647 talibus
1130 3583 1182 3646 in·

197 3660 311 3744 eptiis:
341 3660 411 3727 Cur
432 3661 502 3740 hic,
525 3663 651 3746 inquit,
680 3663 854 3730 sedemus?
877 3672 952 3745 [pag.
973 3672 1026 3746 23]
1048 3689 1091 3733 an
1113 3687 1182 3732 non

196 3752 237 3812 ut
257 3745 369 3829 palam
390 3744 448 3811 fiat
468 3747 546 3813 huic
567 3749 698 3833 populo,
724 3749 906 3816 doctrinam
928 3772 1028 3834 quam
1049 3754 1182 3835 profite-

196 3853 274 3897 mur
295 3852 409 3900 veram
435 3854 507 3899 esse
534 3841 633 3900 etex
653 3835 756 3902 verbo
777 3834 843 3901 Dei
865 3843 1050 3919 sumptam,
1072 3839 1182 3921 papis·

196 3924 307 3983 tarum
329 3939 409 3984 vero
431 3919 625 4003 religionem
646 3921 782 4006 impiam
803 3943 875 3988 esse
896 3929 929 3987 et
946 3923 1078 4007 plenam
1094 3923 1182 3988 mul-

197 4005 242 4072 tis
268 4003 573 4072 abominationibus.
623 4008 692 4074 Eas
720 4008 825 4092 igitur
851 4011 1059 4092 quaestiones
1083 4029 1181 4075 exeu-

196 4091 328 4170 tiamus,
349 4089 390 4155 de
408 4091 527 4174 quibus
544 4092 639 4159 nobis
657 4096 916 4161 controversiam
932 4101 1078 4161 movent.
1112 4095 1182 4159 Ex-

1230 1515 1326 1593 cium,
1350 1513 1473 1597 opinor,
1495 1534 1597 1596 penes
1614 1512 1782 1579 auditores
1800 1533 1872 1579 esse
1891 1512 1996 1579 debet
2030 1513 2085 1579 nli
2103 1523 2219 1583 autem

1230 1606 1347 1664 tenent
1375 1599 1547 1677 memoria,
1577 1598 1721 1683 adeoque
1749 1600 1843 1683 pueri
1866 1605 1900 1664 et
1921 1599 2135 1671 mulierculae
2156 1599 2219 1666 ad-

1231 1686 1296 1751 huc
1330 1684 1427 1750 hodie
1453 1691 1605 1765 narrant,
1639 1693 1678 1750 ut
1705 1687 1836 1768 saepius
1866 1685 1964 1751 hians
2000 1685 2218 1767 obmutuerit,

1232 1792 1335 1854 quum
1355 1771 1502 1837 aVireto
1524 1780 1766 1854 provocaretur.
1800 1772 1914 1851 Porro,
1938 1792 1982 1837 an
2003 1771 2071 1837 ulle
2093 1772 2130 1837 in
2147 1773 2222 1857 api·

1232 1856 1305 1922 culo
1327 1864 1454 1925 restent
1476 1857 1584 1923 adhue
1600 1857 1650 1922 illi
1668 1856 1831 1924 debitores
1848 1855 2001 1924 Farellus
2019 1863 2054 1923 et
2068 1857 2220 1940 Viretus,

1232 1965 1274 2009 ex
1296 1944 1377 2010 actis
1398 1950 1536 2024 constat,
1560 1965 1651 2027 quae,
1675 1966 1717 2009 ne
1740 1944 1853 2009 statim
1897 1943 2140 2025 ublicarentur,
2164 1967 2220 2012 se-

1230 2029 1283 2094 lus
1314 2028 1453 2096 Carolus
1486 2030 1619 2096 obstitit.
1674 2031 1781 2095 Estne
1817 1965 1971 2096 credibile
2004 2031 2094 2097 viros
2128 2029 2218 2112 illos,

1231 2137 1298 2181 non
1317 2114 1464 2200 stupidos
1482 2138 1543 2183 nee
1562 2115 1683 2181 nullius
1701 2115 1816 2181 iudicii
1827 2138 1865 2181 ac
1882 2114 2086 2199 prudentiae,
2109 2117 2219 2182 scien·

1231 2209 1280 2268 tes
1303 2223 1341 2267 ac
1363 2202 1511 2269 volentes
1533 2224 1627 2269 suam
1648 2203 1815 2268 inscitiam
1831 2201 1977 2268 voluisse
1994 2201 2117 2267 mundo
2139 2223 2220 2285 pro-

1231 2286 1329 2353 dere?
1381 2288 1534 2353 Alterum
1561 2288 1769 2355 mendacium
1797 2297 1848 2353 est
1879 2288 1967 2372 quod
2000 2287 2153 2367 subiicit,
2182 2309 2220 2356 se

1230 2372 1402 2439 bonafide
1424 2381 1565 2441 certasse
1587 2396 1646 2457 pro
1669 2373 1838 2441 catholicis
1865 2373 2024 2440 adversus
2044 2372 2220 2441 llerellum

1232 2468 1267 2525 et
1293 2460 1456 2526 Viretum.
1510 2461 1652 2526 Fatetur
1687 2469 1799 2526 autem
1827 2483 1847 2526 a
1876 2461 2013 2526 notariis
2041 2467 2219 2552 exceptam

1233 2552 1337 2612 tetam
1359 2545 1615 2630 disputationem
1636 2545 1746 2614 fuisse.
1780 2548 1843 2612 Est
1859 2555 1971 2611 autem
1988 2548 2025 2611 in
2046 2547 2129 2614 actis
2145 2567 2225 2631 per·

1233 2633 1410 2715 seriptum,
1438 2653 1633 2716 quacunque
1662 2637 1703 2698 de
1731 2655 1767 2700 re
1800 2634 1959 2699 movisset
1990 2634 2223 2716 quaestionem

1234 2717 1381 2798 Carolus,
1405 2720 1591 2802 praefatum
1613 2741 1743 2805 semper
1763 2720 1879 2798 fuisse,
1901 2741 1968 2785 nen
1989 2718 2063 2785 ideo
2084 2740 2120 2786 se
2142 2739 2225 2786 oon-

1234 2801 1379 2883 tendere,
1401 2803 1488 2888 quod
1510 2805 1695 2873 doctrinam
1718 2805 1843 2872 Farelli
1867 2812 1900 2870 et
1920 2805 2031 2871 Vireti
2053 2805 2225 2889 improba-

1233 2896 1300 2955 ret:
1335 2897 1487 2956 sanctum
1515 2893 1605 2958 enim
1632 2913 1703 2958 esse
1733 2900 1766 2957 et
1797 2890 2017 2957 orthodoxum
2045 2890 2135 2975 qued
2163 2913 2224 2976 po·

1235 2984 1386 3055 suerent,
1413 2998 1514 3061 seque
1536 2985 1605 3043 toto
1628 2978 1738 3043 animo
1760 2978 1915 3061 amplecti
1942 2978 2064 3061 absque
2086 2983 2224 3045 conme-

1234 3062 1344 3128 versia
1365 3083 1479 3128 eorum
1500 3065 1712 3130 sententiam:
1736 3063 1794 3129 sed
1816 3071 1947 3129 tantum
1968 3072 2008 3128 ut
2028 3063 2151 3131 clarius
2168 3064 2225 3132 in·

1234 3155 1418 3215 notesceret
1438 3171 1538 3232 quam
1560 3150 1654 3215 fertis
1674 3150 1717 3214 sit
1739 3172 1776 3216 ac
1799 3151 1924 3217 invicta
1945 3148 2073 3215 Christi
2093 3151 2224 3219 veritas

1235 3234 1393 3301 adversus
1421 3237 1532 3300 emnia
1557 3236 1765 3319 papistarum
1785 3236 1860 3302 tela.
1911 3233 1951 3302 Si
1973 3256 2033 3319 pro
2055 3236 2221 3305 catholiea

1235 3319 1299 3386 fide
1322 3321 1470 3388 certabat
1490 3340 1567 3386 eum
1589 3321 1773 3403 haereticis,
1795 3321 1872 3388 talis
1890 3322 2049 3405 praefatio
2067 3342 2226 3390 exsecra-

1234 3407 1293 3472 bili
1313 3407 1349 3472 in
1371 3407 1482 3473 Deum
1503 3408 1709 3492 blasphemia
1730 3429 1799 3474 non
1821 3407 1959 3474 carebat.
1993 3407 2032 3475 Si
2054 3407 2224 3476 sentiebat

1235 3491 1358 3578 aliquid
1387 3514 1458 3560 esse
1485 3495 1520 3559 in
1545 3496 1718 3561 axiomatis
1750 3503 1830 3560 tunc
1852 3496 2028 3577 propositis
2055 3494 2224 3563 dissenta-

1234 3601 1336 3645 neum
1357 3600 1377 3644 a
1398 3579 1497 3645 verbo
1519 3578 1665 3659 Domini,
1689 3602 1754 3664 qua
1775 3580 1975 3646 conscientia
1995 3582 2148 3647 omnibus
2166 3604 2223 3650 as·

1234 3665 1444 3744 sentiebatur,
1466 3686 1565 3749 seque
1584 3667 1621 3730 in
1642 3665 1698 3732 illo
1720 3687 1882 3733 consensu
1905 3666 2069 3732 victurum
2088 3688 2126 3733 ac
2148 3687 2226 3734 mo-

1234 3752 1378 3816 riturum
1406 3749 1594 3817 asserebat?
1646 3749 1736 3832 Quid
1775 3752 1816 3817 ad
1861 3751 1943 3817 haec
1985 3751 2223 3836 respondebit?

1234 3843 1309 3916 [pag.
1328 3840 1382 3914 25]
1408 3836 1581 3920 Arguetne
1606 3837 1757 3904 falsitatis
1785 3838 1911 3903 iuratos
1940 3837 2085 3904 scribas?
2131 3839 2223 3908 Aeta

1235 3922 1427 3987 authentica
1452 3922 1658 4006 repudiabit?
1711 3923 1780 3991 Sed
1810 3922 1888 4008 quid
1920 3923 1981 3989 tali
2007 3924 2223 4007 improbitate

1235 4014 1462 4090 consequetur,
1485 4009 1548 4075 nisi
1571 4017 1609 4074 ut
1626 4010 1732 4093 magis
1750 4032 1788 4077 ac
1806 4011 1914 4095 magis
1933 4011 2106 4076 infamiam
2122 4033 2223 4080 suam

1236 4093 1377 4178 augeat?
1423 4093 1553 4159 Vivant
1575 4095 1674 4161 etiam
1696 4094 1794 4161 hodie
1821 4095 1896 4179 plus
1917 4116 2018 4180 quam
2038 4096 2131 4163 mille
2154 4105 2224 4165 tes-

196 4180 251 4241 tra
271 4177 353 4241 haec
375 4183 469 4260 septa
490 4198 533 4242 ne
555 4200 724 4279 vagemur.
768 4180 903 4264 Alioqui
925 4181 1014 4246 enim
1030 4180 1183 4248 ludamus
1235 4186 1301 4260 tes,
1331 4180 1389 4263 qui
1414 4179 1583 4246 solennem
1605 4180 1696 4247 illam
1723 4182 1994 4265 protestationem
2015 4181 2157 4250 subinde
2178 4185 2224 4252 ab

197 4261 363 4327 auditores
385 4263 441 4345 qui
463 4285 613 4347 suspensi
631 4264 857 4334 definitionem
878 4268 1022 4351 aliquam
1044 4267 1084 4332 de
1106 4289 1182 4334 cau·
1235 4287 1273 4332 eo
1302 4265 1477 4349 repetitam
1504 4267 1606 4334 fuisse
1633 4267 1751 4335 dicent.
1797 4269 1864 4333 Eat
1884 4290 1991 4347 nune,
2021 4277 2056 4333 et
2077 4270 2224 4353 gratiam

197 4347 242 4411 sis
264 4347 440 4431 propositis
463 4356 663 4433 exspectant.
708 4352 785 4418 Non
806 4353 948 4420 referam
970 4353 1083 4420 ordine
1105 4353 1183 4437 quid
1234 4353 1297 4420 hac
1319 4352 1502 4419 mentiendi
1526 4352 1731 4438 impudentia
1763 4376 1783 4420 a
1811 4354 1880 4419 suis
1903 4351 2092 4420 Serbonitis
2115 4348 2222 4422 aueuss

196 4438 308 4497 actum
337 4433 381 4498 sit
412 4441 526 4518 postca
552 4442 610 4502 aut
637 4437 771 4504 dictum.
823 4437 914 4506 Satis
947 4440 1037 4506 enim
1067 4440 1181 4522 habeo,
1233 4447 1339 4524 petur.
1376 4437 1599 4520 Quinetiam,
1622 4461 1725 4523 quum
1746 4440 1788 4506 ad
1808 4441 1944 4506 missam
1965 4447 2105 4508 ventum
2122 4449 2225 4523 esset,

197 4538 301 4601 quum
329 4517 393 4585 duo
422 4519 510 4588 dicct
538 4520 679 4590 Carolus
701 4524 737 4589 in
757 4523 869 4591 libello
891 4547 959 4607 suo,
985 4527 1022 4591 in
1043 4533 1182 4612 utroque
1234 4525 1454 4592 confitebatur
1481 4526 1670 4610 opinionem
1697 4527 1863 4607 sacrificii,
1892 4548 1991 4610 quam
2012 4525 2138 4593 habent
2159 4548 2223 4610 pa·

196 4625 274 4669 eum
295 4604 459 4672 mendacii
488 4608 597 4692 palam
619 4611 824 4677 convincere.
868 4613 1040 4697 Rogatum
1060 4634 1096 4679 se
1117 4616 1181 4679 fin-
1233 4612 1355 4696 pistae,
1389 4609 1646 4678 abominandum
1684 4634 1756 4679 csse
1794 4613 2003 4697 sacrilegium
2036 4619 2070 4677 et
2101 4613 2223 4682 mortis

197 4690 249 4776 git
276 4711 297 4755 a
322 4691 448 4756 Farelli
480 4697 711 4776 sectatoribus,
745 4719 788 4763 ne
815 4704 884 4763 tam
911 4698 996 4766 acris
1024 4707 1058 4765 et
1078 4700 1181 4767 vehe·
1234 4697 1362 4764 Christi
1401 4699 1668 4782 abnegationem,
1706 4704 1932 4765 commentum
1975 4698 2016 4763 de
2056 4700 2224 4783 corporali

197 4797 291 4842 mens
312 4783 399 4843 esset
419 4778 456 4842 in
474 4782 661 4862 certamine,
684 4785 762 4866 quia
782 4784 959 4851 nonnullos
978 4785 1014 4850 in
1035 4787 1181 4871 papista-
1233 4784 1420 4867 praesentia
1441 4783 1563 4850 falsum
1584 4806 1655 4852 esse
1677 4792 1712 4851 et
1732 4785 1876 4850 alienum
1898 4784 2115 4867 ascripturis,
2139 4785 2224 4853 ado·

196 4882 274 4928 rum
295 4870 407 4948 partes
429 4864 621 4935 retraheret
666 4867 751 4950 Quis
772 4869 872 4938 huius
896 4872 946 4937 rei
968 4871 1061 4939 nobis
1086 4873 1180 4939 testis
1232 4870 1394 4935 rationem
1426 4871 1624 4937 sacramenti
1656 4869 1858 4939 horrendam
1884 4889 1956 4936 esse
1986 4869 2222 4940 idololatriam

196 4947 281 5014 erit?
326 4948 454 5032 Nempe
475 4949 614 5019 Carolus
631 4955 713 5037 ipse,
731 4977 831 5039 quem
848 4958 1008 5042 nuperis
1030 4963 1088 5037 tot,
1111 4964 1180 5023 tam
1232 4953 1341 5036 Quem
1363 4977 1453 5022 nune
1481 4958 1618 5040 papistis
1647 4956 1837 5023 blandiendi
1857 4955 1967 5022 locum
1988 4955 2104 5037 habet,
2135 4979 2223 5043 ques

1231 5047 1301 5106 tam
1317 5042 1472 5107 atrociter
1489 5041 1659 5110 damnavit
1673 5050 1707 5109 et
1719 5064 1860 5127 querum
1870 5041 2085 5127 praecipuum
2095 5041 2223 5128 Deum,

270 5139 302 5205 1)
322 5136 376 5195 Sic
413 5138 592 5196 [accudere
609 5141 717 5198 ouum
734 5144 850 5214 acqua.
919 5144 950 5215 2)
968 5162 1077 5203 scenam
1095 5146 1145 5214 (l).
1232 5126 1295 5194 hoc
1315 5135 1367 5194 est
1388 5147 1515 5193 sacram
1537 5129 1683 5208 missam,
1705 5137 1756 5195 tot
1775 5130 1905 5213 probris
1927 5128 2061 5196 affecit?
