4620 5894
148 230 215 296 695
1060 228 1266 299 SERVEnI
2117 234 2173 297 696

144 416 422 500 pseudoiudaeum
439 416 586 500 aliquem.
632 416 697 485 soa
717 418 771 486 cui
792 418 844 483 ais
865 417 938 499 heri
959 418 1140 484 iniuriam?
1193 425 1261 484 tum
1276 419 1440 500 perducit,
1461 419 1543 485 nviro
1565 417 1699 501 artificio
1716 420 1885 504 cmnpleait,
1909 425 1940 485 et
1949 419 2173 502 perfectissinu

148 503 298 586 Lepidi?
322 505 426 570 literis
446 506 483 569 in
503 525 584 571 savo
601 503 812 587 deformatis?
857 503 897 570 se·
917 504 1022 584 scires,
1046 505 1141 589 lepem
1193 507 1301 570 munia
1316 507 1485 586 praestitit.
1531 505 1598 570 Neo
1629 506 1698 588 ipse
1729 507 1833 572 solum
1858 508 2040 588 praestitit,
2071 507 2173 572 sedet

152 590 245 656 Mam
278 591 401 656 triadem
441 590 484 655 ad
515 590 652 674 pluriam
682 589 811 670 Christi,
837 610 900 656 nou
925 611 1009 656 esses
1031 594 1066 655 tu
1092 591 1140 656 ita
1191 590 1281 656 nobis
1296 611 1357 673 per
1378 591 1529 673 spiritum
1554 611 1649 656 suum
1668 591 1761 672 dedit,
1783 598 1818 657 ut
1839 612 1897 657 nos
1922 613 1961 658 ea
1978 597 2174 673 praestemus

155 674 281 742 Christo
298 676 544 742 contumeliosus.
568 675 668 755 Dens,
690 677 807 758 inquis,
824 676 920 742 voluit
938 678 1032 760 lepcm
1049 676 1141 741 Mam
1192 696 1273 758 puae
1295 675 1410 741 Iudaei
1431 696 1494 741 non
1509 675 1722 759 praestabant.
1768 678 1881 762 Lepon
1903 679 1960 757 ita,
1983 678 2091 759 quoad
2109 680 2173 743 eius

152 760 286 839 servari,
321 767 350 826 et
379 760 525 828 Christus
558 763 642 828 idem
673 763 772 828 voluit
803 782 874 828 cum
900 768 1005 846 patre.
1048 760 1141 828 Deus
1192 781 1296 843 opera,
1328 782 1385 827 nos
1411 781 1472 826 reon
1492 763 1704 842 dissolvimus,
1737 763 1793 828 sed
1813 764 2029 845 implevimus,
2041 766 2066 841 ι)
2098 765 2173 830 siud

149 845 224 914 item
238 865 303 927 per
320 845 519 913 Malachiam
537 848 615 932 lepis
631 848 724 915 illius
741 847 982 914 observationem
1000 848 1036 913 in
1055 848 1141 929 futu·
1194 847 1322 913 Paulus
1339 848 1393 927 ait,
1412 847 1440 912 lc
1460 867 1508 913 ens
1524 869 1587 913 non
1604 848 1732 913 irritam
1748 849 1898 932 facimus,
1920 851 1979 915 sed
2000 848 2172 915 stabilimus

152 952 227 997 rum
248 934 449 1000 commendat.
473 933 671 1015 Respondco:
700 933 806 1001 Voluit
822 933 914 1000 Dus
934 936 1030 1019 lepem
1049 933 1140 1000 vllam
1194 932 1299 1016 (Rom.
1321 932 1368 1019 3).
1428 869 1537 1014 lupa
1575 932 1698 999 scribas
1736 940 1764 999 et
1798 935 2000 1001 Pharisaeos
2039 935 2173 1001 abundat

149 1022 281 1101 propter
312 1020 577 1103 transpressiones
589 1023 613 1097 ¹)
653 1021 697 1086 ad
734 1025 856 1103 tempus
894 1040 960 1086 esse
990 1019 1140 1101 positam,
1193 1020 1316 1084 iustitia
1336 1023 1445 1085 nodva
1465 1021 1501 1083 in
1521 1019 1677 1100 faciendis
1703 1020 1850 1101 operibus
1873 1021 1953 1105 lepis
1977 1019 2108 1099 (Mutila
2130 1021 2171 1103 5).

149 1103 245 1170 donec
266 1105 385 1170 veniret
404 1102 560 1185 Christus,
583 1109 612 1170 et
631 1104 784 1191 Christus
804 1105 888 1171 men
905 1105 1009 1172 voluit.
1035 1104 1141 1170 Voluit
1191 1104 1330 1187 Deoua
1356 1124 1392 1168 re
1419 1104 1490 1171 aide
1512 1104 1689 1185 Irenaeum,
1716 1105 1796 1172 libro
1823 1112 1945 1188 quarto,
1969 1106 2074 1189 capite
2098 1108 2171 1172 vive

149 1189 242 1256 Deus
260 1190 296 1254 in
313 1189 450 1256 iucundo
464 1190 529 1273 filii
551 1191 685 1256 advmtu
698 1213 758 1273 per
774 1210 888 1256 nocam
904 1190 1141 1257 resurrectionis
1192 1191 1273 1255 simo
1294 1190 1432 1272 septimo.
1476 1190 1541 1255 Ais
1561 1196 1612 1255 tu:
1645 1191 1751 1257 Donec
1773 1194 1890 1258 coetum
1911 1198 1941 1258 et
1962 1198 2054 1258 terra
2076 1197 2172 1257 trans·

152 1276 222 1341 eius
240 1275 379 1359 pluriam
399 1295 457 1342 nos
478 1276 659 1362 clarificari,
680 1278 814 1360 desurper
830 1277 1021 1361 reponerari,
1043 1275 1140 1357 refer·
1192 1278 1311 1355 eventi>
1350 1296 1413 1340 non
1445 1278 1693 1359 praeteriturum
1730 1280 1852 1360 apicem
1890 1299 1930 1344 eac
1971 1278 2051 1361 laps,
2101 1280 2171 1360 quin

149 1362 318 1426 mationem
339 1363 376 1427 in
398 1362 488 1429 nobis
509 1362 663 1428 coelestem
690 1364 968 1444 et'reparationem
988 1361 1078 1443 ficri:
1112 1365 1141 1424 et
1191 1361 1298 1426 onmia
1318 1361 1404 1444 facta
1425 1363 1496 1442 siret
1519 1363 1702 1444 etquotidie
1720 1363 1808 1444 fiant.
1833 1363 2038 1446 Respoudeo:
2063 1362 2171 1430 Omnia

199 1448 300 1513 ristus
339 1449 423 1514 idem
461 1449 570 1529 voluit,
611 1454 703 1532 atque
734 1450 905 1530 praestitit.
970 1448 1034 1513 Per
1066 1445 1141 1510 Ma-
1185 1467 1247 1528 per
1272 1444 1434 1525 Clsmstum
1455 1453 1529 1513 serra
1547 1446 1643 1529 facta,
1680 1449 1842 1514 domitia
1870 1450 1906 1514 in
1934 1448 2030 1514 nobis
2057 1470 2172 1532 semper

166 1531 292 1600 achiam
323 1533 444 1619 reducit
478 1535 570 1600 Deus
602 1535 721 1617 populo
757 1535 793 1598 in
827 1535 1010 1599 memoriam
1043 1533 1140 1615 lepem
1189 1532 1280 1614 haret,
1313 1535 1405 1598 iuata
1431 1534 1589 1615 spiritum,
1622 1554 1683 1599 non
1711 1535 1804 1600 iuncta
1824 1536 1959 1601 literam.
2006 1534 2124 1602 Adhuc
2141 1542 2172 1601 tn

149 1619 332 1699 mosaicam,
356 1621 449 1685 cuius
469 1621 507 1685 in
525 1621 704 1704 captivitate
725 1625 815 1686 erant
830 1640 935 1702 paene
956 1621 1024 1685 iam
1041 1618 1137 1684 obliti.
1190 1620 1357 1698 contendis,
1385 1619 1461 1702 lepis
1481 1620 1547 1684 vim
1568 1639 1634 1684 esse
1654 1621 1812 1687 duntaxat
1832 1622 1869 1686 in
1891 1622 2087 1703 quibusdam
2108 1622 2171 1689 aab

155 1704 359 1788 Commendat
386 1705 512 1771 solitam
537 1707 616 1790 lepis
637 1705 877 1773 observationem
897 1725 994 1788 usam
1015 1705 1059 1770 ad
1081 1704 1138 1769 ad-
1191 1704 1297 1784 latam,
1324 1706 1359 1769 in
1380 1706 1666 1784 caeremonialibus,
1688 1727 1749 1771 nvn
1771 1709 1806 1771 in
1827 1707 1969 1791 decalvpi
1986 1711 2168 1790 praeceptis.

150 1796 274 1857 auitum
296 1790 407 1871 Elias,
429 1812 469 1857 ne
482 1796 638 1874 putarent
658 1792 694 1858 oh
715 1792 925 1874 captivitatem
951 1811 1017 1856 asse
1042 1790 1139 1854 mium
1191 1789 1248 1854 Ad
1268 1790 1323 1855 hoc
1351 1810 1403 1874 epo
1428 1788 1589 1858 Cleristam
1617 1792 1686 1858 dico
1713 1812 1779 1857 csse
1799 1793 1978 1875 perfectum
2001 1798 2081 1872 [pag.
2103 1799 2170 1873 aaa]

151 1876 244 1943 illum
267 1876 496 1961 abrepatum,²)
523 1883 558 1942 ut
583 1878 692 1960 fenerat
719 1879 919 1961 septuapinta
941 1877 1044 1942 annis.
1088 1875 1139 1939 Eo
1190 1875 1394 1941 liberatorem.
1438 1876 1491 1942 Ab
1512 1878 1596 1942 ouini
1618 1878 1749 1956 vinculo,
1779 1884 1808 1943 et
1828 1880 1978 1944 servitute
2000 1879 2090 1963 lepis,
2122 1901 2169 1945 nas

145 1962 251 2046 mapis
273 1963 310 2028 id
325 1963 493 2044 putabant,
517 1965 596 2046 quia
611 1965 776 2046 perierant
797 1968 869 2028 tunc
890 1963 1015 2029 tabulae
1039 1961 1139 2044 foede·
1191 1962 1224 2025 in
1254 1962 1425 2027 libertatem
1457 1965 1611 2047 intepram
1636 1961 1780 2032 Christus
1814 1965 1999 2029 vindicavit.
2048 1964 2170 2030 Sabbata

145 2048 204 2130 ris,
237 2052 265 2112 et
286 2069 400 2113 neotum
427 2049 539 2131 faedus
561 2050 802 2130 exspectabatur,
838 2048 873 2114 in
894 2070 954 2131 quo
976 2068 1037 2113 non
1059 2048 1139 2113 dice-
1191 2068 1260 2130 erpo
1282 2050 1414 2128 penitus
1441 2054 1487 2113 cst
1508 2050 1582 2131 ipsa
1602 2049 1651 2113 vis
1673 2049 1757 2131 lepis.
1809 2049 1883 2113 Vim
1916 2051 1998 2133 lepis
2030 2051 2168 2135 intellipe,

148 2138 217 2200 resti
244 2135 399 2216 amplius:
441 2134 531 2200 Arca
561 2136 698 2217 foederis
726 2134 860 2200 Domini
882 2135 962 2217 (Ier.
986 2136 1032 2219 3).
1082 2133 1139 2198 Ad
1190 2136 1387 2203 autoritatem
1406 2135 1537 2217 lipardi,
1559 2136 1669 2218 iupum
1686 2136 1853 2216 servitutis,
1876 2136 2045 2202 vinculum
2066 2137 2170 2221 oblipa-

149 2219 229 2285 ham
262 2220 348 2304 vulpi
381 2221 561 2286 suasionem
594 2222 834 2304 reprimendam,
869 2222 917 2286 ait
939 2220 1138 2286 Melantias:
1189 2220 1291 2298 tiarzis,
1314 2240 1374 2300 pao
1396 2221 1569 2285 necessario
1598 2221 1830 2304 adstrinpimur
1856 2222 1914 2286 sab
1943 2224 2041 2287 certis
2057 2226 2168 2304 poeuis

150 2304 336 2373 Mementote
359 2308 437 2390 lepis
455 2305 568 2386 Masis,
590 2312 619 2372 et
640 2327 703 2372 ecce
725 2327 778 2390 epo
799 2307 887 2371 mitto
907 2306 994 2371 vobis
1010 2305 1136 2370 Etiam.
1194 2304 1344 2385 Quanmis
1354 2307 1509 2388 pleraque
1525 2325 1583 2370 nos
1598 2306 1757 2387 faciamus
1774 2312 1913 2372 contenta
1932 2309 1970 2372 in
1987 2310 2054 2392 lepe
2066 2308 2169 2388 Masis,

154 2392 257 2473 Quasi
285 2392 387 2457 dicat:
421 2391 572 2474 ansque
598 2393 693 2476 lepem
725 2398 855 2457 servate.
916 2393 1003 2456 Nam
1036 2391 1138 2455 Elias
1189 2393 1253 2469 cit)
1276 2396 1380 2457 tarsun
1398 2411 1462 2457 non
1480 2391 1618 2475 sacirvnm
1640 2413 1678 2457 ea
1700 2393 1731 2456 vi
1754 2393 1839 2477 lepis,
1862 2395 1916 2459 sed
1940 2396 2022 2476 arcia
2042 2398 2169 2477 spiritus

145 2477 272 2542 veniens
289 2497 341 2541 cor
359 2482 496 2541 vestrum
512 2478 703 2561 reformabit,
723 2484 760 2542 ut
776 2477 911 2543 credatis
923 2477 998 2542 Iesu
1011 2475 1138 2566 Christo
1189 2496 1254 2556 nos,
1282 2496 1363 2558 auae
1382 2477 1449 2545 siat
1472 2476 1629 2561 sumenda,
1658 2479 1748 2542 docet.
1803 2478 1867 2543 Hoc
1902 2482 1997 2545 modo
2033 2483 2169 2561 dicineus,

147 2561 217 2643 tilio
241 2562 308 2628 Dei
341 2562 510 2628 liberatori.
565 2564 708 2629 Duravit
742 2564 840 2646 ipitur
875 2564 926 2628 teu
960 2583 1059 2644 usqae
1094 2563 1137 2627 ad
1188 2562 1326 2645 decalopi
1350 2562 1447 2648 lepem
1469 2582 1535 2628 esse
1559 2565 1723 2628 sublatam.
1761 2564 1815 2628 Ea
1843 2566 1907 2648 lepe
1938 2585 1998 2631 vos
2029 2588 2095 2632 vion
2121 2568 2168 2633 ad·

151 2647 304 2746 Ioannem
337 2648 516 2730 baptistam,
550 2655 585 2713 ut
610 2647 766 2748 ‘Christus
799 2649 934 2747 enpanti.
994 2648 1044 2713 Tu
1065 2668 1137 2714 vero
1187 2649 1310 2731 strinpi,
1333 2648 1472 2748 utendas
1487 2650 1522 2715 in
1539 2649 1693 2749 sabbatho.
1716 2649 1866 2748 Aliorum
1887 2671 2014 2733 quoque
2030 2674 2169 2735 praecep

146 2733 680 2904 ttttttttttttttt
701 2732 1135 2900 teltttt‘ttttttt
1186 2735 1978 2906 {tttttttlti’tttthttht..that
1995 2758 2169 2891 teth

148 2905 223 2971 Nou
245 2907 329 2971 venit
350 2910 385 2971 ut
406 2905 594 2972 dissolveret.
618 2905 666 2970 In
681 2925 743 2971 saa
758 2926 896 2990 persona
913 2907 1023 2987 primo
1040 2907 1136 2989 lepem
1189 2905 1234 2969 ibi
1260 2907 1420 2972 multandi
1441 2908 1524 2971 ratic
1552 2907 1587 2970 in
1614 2906 1703 2972 nobis
1729 2907 1827 2972 moin
1849 2907 1948 2974 ltabct.
1995 2909 2056 2974 Eae
2071 2912 2168 2991 prima

146 3010 209 3055 non
231 2991 374 3057 dissolvit
397 2990 551 3072 Christus,
587 2993 643 3058 sed
669 2992 755 3058 omini
782 2993 871 3058 modo
899 3012 968 3057 earn
988 2991 1135 3072 inplevit.
1159 3008 1173 3076 Ι,
1182 2999 1348 3075 praecepto
1370 2992 1415 3057 ibi
1437 2997 1562 3071 constat,
1590 2992 1685 3076 lepem
1706 3013 1776 3058 eam
1797 2993 1907 3058 literae
1930 3017 1952 3060 a
1974 2994 2050 3061 Deo
2071 2998 2168 3062 datam

150 3075 303 3142 Huncin
332 3098 366 3143 eo
393 3077 628 3144 dissolutionem
649 3077 926 3145 calumniabantur
948 3077 1134 3157 Pharisaei,
1186 3096 1253 3142 esse
1285 3080 1442 3143 duntaaat
1469 3078 1589 3159 populo
1624 3078 1682 3158 illi,
1716 3099 1807 3160 quum
1828 3080 1941 3146 educit
1963 3083 2003 3146 de
2026 3082 2167 3166 Aepyptv.

148 3163 241 3229 eiad
263 3163 317 3229 hac
346 3164 415 3244 ipse
435 3166 607 3244 respondet.
660 3165 752 3230 Venit
778 3166 846 3246 ipse
871 3166 970 3246 prius
998 3163 1134 3246 implere,
1188 3163 1257 3228 Lea
1272 3165 1394 3245 peccati
1416 3168 1445 3228 et
1465 3163 1583 3244 mortis,
1616 3168 1688 3229 teste
1712 3164 1822 3246 Paulo,
1859 3171 1929 3230 erat
1955 3167 2010 3232 leu
2032 3167 2167 3251 deealopi,

148 3268 246 3331 paam
264 3254 442 3330 sequeretur
464 3250 601 3315 literalis
622 3250 796 3317 dissolutio.
841 3249 896 3315 Eu
923 3270 955 3315 eo
982 3250 1064 3331 quod
1090 3253 1135 3314 est
1188 3271 1209 3314 a
1231 3271 1295 3332 aaa
1316 3270 1373 3316 nos
1395 3249 1539 3315 liberatos
1566 3270 1632 3314 esse
1660 3251 1708 3314 ait
1737 3251 1827 3316 Rom.
1851 3256 1874 3314 7
1894 3257 1925 3316 et
1948 3257 1978 3317 8.
2027 3254 2167 3332 Liberali,

145 3334 315 3416 spirituale
337 3337 373 3400 in
397 3336 467 3418 lepe,
491 3336 577 3402 nihil
598 3343 643 3402 est
664 3337 861 3403 dissolutum.
906 3336 950 3401 In
968 3335 1053 3401 nullo
1071 3335 1135 3399 dis·
1187 3336 1298 3417 inaruit,
1332 3356 1444 3401 sumas
1476 3357 1497 3400 a
1529 3335 1591 3419 lepe
1625 3336 1683 3402 nlla
1712 3337 1863 3421 decalopi,
1897 3359 1982 3419 quiae
2024 3346 2093 3405 erat
2125 3340 2166 3405 lm

146 3421 236 3486 solvit
255 3423 353 3505 lepem
372 3420 527 3502 Christus,
550 3424 641 3487 iunia
663 3442 770 3487 aereum
787 3422 976 3506 lepislatoris
994 3426 1132 3486 mentem.
1186 3424 1311 3501 mortis,
1334 3423 1369 3486 in
1391 3443 1455 3503 qua
1477 3422 1700 3486 detinebamur.
1752 3422 2079 3490 Administrationem
2096 3445 2166 3491 mat·

149 3506 271 3588 Scopas
293 3508 370 3590 lepis
393 3505 546 3573 Christus
566 3514 618 3574 est.
663 3508 754 3574 Data
780 3510 844 3590 t'uit
870 3509 920 3574 lca
942 3508 985 3574 ad
1009 3506 1135 3577 Olaristi
1186 3510 1228 3573 tis
1249 3514 1278 3573 et
1298 3509 1512 3573 damnationis
1533 3512 1619 3572 vocat
1639 3508 1730 3573 illam
1752 3511 1788 3574 in
1808 3528 1888 3574 sano
1911 3512 2073 3594 scriptam
2090 3514 2165 3579 aeu-

147 3595 301 3674 mpsteria
318 3595 580 3676 prachpurnnda,
613 3599 641 3658 ct
668 3599 702 3658 ut
730 3594 858 3659 iuterim
885 3594 977 3658 rrrdis
993 3594 1134 3675 populus
1187 3595 1249 3678 lapi
1272 3594 1374 3677 lepem,
1398 3598 1425 3658 et
1447 3593 1577 3673 aboleri,
1601 3613 1656 3658 sea
1676 3594 1772 3676 fintene
1794 3596 1936 3677 accipere
1958 3603 2008 3674 (2.
2037 3597 2105 3667 Cor.
2126 3603 2162 3672 3).

146 3678 350 3746 contineretur
372 3680 407 3742 in
430 3680 540 3745 timore
562 3680 636 3759 Dei,
659 3685 687 3744 et
708 3681 849 3746 iustitiae
870 3680 990 3764 repre-la.
1020 3679 1134 3761 Lepem
1194 3680 1336 3746 Velatam
1358 3679 1427 3745 illis
1454 3680 1501 3743 ait
1532 3700 1598 3745 esse
1619 3700 1685 3760 car,
1718 3681 1773 3762 pai
1799 3681 1894 3762 intem
1924 3682 2006 3766 lepis
2035 3687 2071 3749 in
2097 3703 2164 3749 saxo

148 3766 201 3832 ulle
223 3764 405 3831 dissolveret
427 3770 454 3830 et
474 3765 668 3850 irrfrinperet,
700 3766 756 3847 qui
778 3771 883 3832 caedra
903 3770 1033 3830 mertem
1056 3765 1134 3847 lepis
1185 3768 1320 3848 scriptae
1342 3786 1403 3830 nont
1424 3766 1535 3830 vident.
1591 3765 1705 3831 bissem
1737 3787 1808 3850 erpo
1838 3769 1965 3849 accepit,
2004 3775 2035 3835 et
2063 3771 2164 3836 abolita

146 3852 240 3921 aliter
260 3851 385 3933 faceret,
419 3871 515 3933 paam
550 3851 601 3917 lev
635 3852 693 3917 illa
727 3851 931 3935 sipnihcabat.
987 3850 1050 3915 Sed
1078 3849 1134 3931 put
1186 3858 1230 3917 est
1251 3852 1386 3935 decalopi
1408 3851 1465 3915 lev.
1510 3851 1661 3935 Decatopi
1690 3853 1739 3918 hen
1764 3852 1919 3917 terribilis
1942 3862 2025 3935 erat,
2063 3857 2164 3922 vende

143 3937 324 4022 sipiificata
347 3939 454 4002 omitia
483 3943 511 4003 et
533 3939 707 4019 promissa,
741 3939 832 4002 iuxta
869 3938 946 4021 lepis
977 3936 1073 4017 tinem
1106 3939 1134 3999 et
1185 3939 1245 4017 bat,
1261 3943 1425 4018 peccatam
1446 3936 1587 4020 aupebot,
1621 3940 1705 4003 iram
1734 3937 1931 4019 operabatur,
1966 3943 2074 4009 virtus
2107 3943 2164 4006 erat

146 4044 281 4107 scopum,
306 4025 348 4089 ad
370 4044 506 4108 unpaern
528 4025 664 4106 complet,
686 4024 739 4090 ille
760 4023 815 4089 hoe
833 4024 921 4106 facit,
947 4028 981 4087 ut
1003 4023 1053 4087 lec
1071 4021 1132 4086 ‚illa
1180 4025 1302 4107 peccati
1341 4029 1368 4088 ct
1407 4024 1667 4106 transpressionis
1705 4025 1834 4103 occasio,
1878 4033 2020 4107 propter
2067 4028 2163 4094 camis

145 4131 202 4177 suo
239 4112 282 4175 sit
315 4130 442 4176 munere
471 4111 590 4193 hanclo,
618 4131 681 4192 per
711 4131 803 4193 seque
825 4110 954 4191 impleta
982 4109 1130 4190 quiescat.
1184 4116 1308 4176 nostroe
1327 4108 1582 4193 frapilitatem‚⁴)
1605 4109 1641 4174 ob
1662 4110 1698 4176 id
1714 4111 1849 4176 sublata.
1898 4112 2009 4192 Quem
2031 4116 2163 4197 differens

144 4197 339 4278 Adimplevit
372 4197 434 4276 ita,
465 4202 492 4262 et
515 4198 675 4277 usquead
695 4197 862 4262 ntirvimum
884 4196 1004 4278 apicem
1024 4195 1132 4259 omrvia
1184 4198 1231 4261 tia
1258 4198 1300 4261 sit
1327 4197 1409 4260 inter
1436 4193 1539 4278 lepem,
1574 4196 1696 4261 leuticia
1728 4200 1756 4260 et
1788 4199 2016 4279 caeremonias,
2051 4200 2162 4266 nomine

143 4283 371 4350 consummavit
391 4280 552 4362 Christus,
574 4283 630 4363 qui
651 4288 696 4347 est
716 4285 885 4364 ipsorum)
905 4282 1014 4347 aniana
1038 4281 1132 4364 lepis:
1186 4283 1264 4366 lepis
1279 4283 1446 4363 potissime
1455 4285 1483 4360 ὁ)
1506 4281 1678 4346 continetur
1698 4281 1870 4364 decalopus,
1894 4288 1931 4347 ut
1952 4284 2021 4369 lepc
2048 4286 2161 4351 anhlote

143 4374 267 4437 tantam
289 4369 375 4435 abest
396 4374 432 4434 ut
453 4369 547 4452 lepern
570 4368 623 4432 ille
650 4370 836 4435 dissolveret.
883 4368 930 4432 At
951 4368 1129 4449 tempvrc,⁴)
1183 4371 1227 4433 sit
1247 4369 1412 4451 decalopus
1432 4366 1585 4432 sublatas.
1622 4367 1772 4438 Christ-ns
1792 4368 1926 4432 redemit
1946 4392 2008 4435 aas
2030 4373 2069 4437 ab
2089 4390 2159 4436 etse

142 4476 201 4538 nuo
220 4457 296 4522 daia
318 4461 363 4520 est
385 4455 434 4519 len·
452 4476 513 4520 non
531 4459 575 4520 est
593 4455 745 4535 inventus,
769 4476 807 4519 nc
823 4454 1050 4534 uniusquidem,
1074 4452 1130 4533 pai
1183 4457 1321 4520 eratione
1343 4459 1371 4517 ct
1392 4453 1605 4518 nvaledictione
1627 4454 1705 4536 lepis
1727 4454 1851 4533 (Galat.
1871 4459 1918 4533 3).
1974 4457 2001 4520 I
2002 4459 2047 4522 lla
2070 4462 2159 4522 auten

144 4543 240 4626 lepcm
262 4544 296 4606 in
319 4540 462 4607 ontriibus
483 4541 552 4606 sine
573 4542 823 4625 hanspressione
840 4541 980 4618 servarit,
1008 4544 1129 4619 eccepto
1182 4540 1358 4606 maledictio
1381 4544 1408 4603 et
1429 4540 1606 4618 exsecratio,
1636 4544 1703 4605 erat
1731 4541 1835 4606 virtues
1863 4540 1943 4624 lepis
1965 4543 2111 4628 deealopi,
2130 4544 2158 4604 ut

149 4625 287 4697 Christo.
332 4627 408 4710 Ipse
430 4628 536 4693 mursia
558 4626 635 4710 lepis
662 4627 842 4710 sipuihcata
863 4625 1025 4705 stabilivit,
1051 4644 1127 4707 pro·
1183 4626 1297 4693 ibhlun
1319 4626 1413 4692 docet.
1460 4624 1498 4691 Si
1526 4626 1709 4691 maledictus
1736 4631 1782 4691 cst
1810 4629 1915 4693 munis
1948 4631 2008 4711 qui
2040 4637 2082 4695 est
2110 4624 2157 4692 snb

144 4714 245 4778 missa
266 4715 372 4778 moestia
394 4714 530 4794 donnavit,
559 4714 709 4795 mpsteria
730 4714 837 4780 ovinia
864 4714 907 4778 ad
928 4731 1022 4777 suam
1044 4712 1128 4793 effec

1250 4883 1279 4950 1)
1298 4883 1448 4951 implemus.

211 4954 242 5021 1)
260 4960 486 5022 transgressores.
1248 4953 1279 5017 2)
1298 4954 1457 5007 transibunt.

209 5022 241 5087 2)
260 5023 398 5077 abolitum.
1248 5020 1280 5088 3)
1299 5036 1340 5075 ea.

209 5092 240 5158 3)
259 5093 382 5159 ipsemet.
1248 5088 1279 5154 4)
1298 5090 1516 5144 imbecillitatem.

208 5160 241 5229 4)
259 5164 285 5214 A
302 5167 434 5228 tempore.
1248 5158 1279 5226 5)
1296 5159 1475 5229 potissimum.
