4620 5894
198 270 240 337 39
1022 261 1088 329 ΒΕ
1119 256 1394 329 SOANDALIS.
2174 264 2217 329 40

200 438 376 517 electione,
404 443 582 522 antequam
603 440 834 515 nascerentur,
862 434 905 500 ad
924 433 1067 500 salntem
1088 452 1184 517 prae-
1236 431 1380 497 tionibus
1418 431 1609 516 compellet,
1649 432 1756 512 nullo,
1796 439 1834 499 ut
1872 430 2020 512 videtur,
2061 435 2216 517 profectu.

200 524 343 591 ordinati
375 523 521 590 rueme:
562 521 644 589 alios
675 521 773 588 sicuti
805 528 885 587 sunt
916 526 1052 587 aeterne
1082 520 1184 586 exitio
1235 516 1364 582 Verum
1391 538 1493 600 quum
1519 519 1606 602 ipsos
1627 519 1867 585 inexcusabiles
1889 517 1951 584 hoc
1971 517 2069 585 modo
2091 519 2216 601 reddat,

201 609 375 688 destinati,
403 610 441 675 in
462 608 533 676 suis
554 607 697 691 peccatis
718 627 864 673 manere.
908 605 1008 673 Ultra
1030 625 1090 688 pro
1150 604 1184 669 di
1235 603 1290 669 hic
1323 623 1452 688 quoqne
1486 603 1647 669 nonnulla
1679 603 1846 670 doctrinae
1870 606 1921 671 vis
1951 612 2097 689 apparet
2142 605 2217 673 Non

200 701 278 776 [pag.
299 698 354 775 47]
382 695 482 761 etiam
511 693 541 760 si
568 694 618 760 fae
644 698 746 771 esset,
773 712 841 758 non
868 698 980 758 tamen
1003 711 1087 775 expe
1113 690 1119 705 '
1160 697 1182 755 ι.
1236 688 1507 755 animadvertunt
1533 689 1630 755 stulti
1656 690 1822 769 homines,
1851 690 2112 774 quampulchre
2133 694 2218 760 inter

200 781 300 848 Nunc
332 801 428 860 varo,
461 800 565 863 quum
596 799 664 844 non
696 777 808 844 minus
840 777 980 860 impium
1013 778 1056 842 eit
1084 797 1183 861 quam
1235 795 1272 841 ee
1293 773 1407 840 ordine
1430 776 1638 841 consentiant
1648 775 1712 842 Dei
1733 796 1841 860 opera.
1875 775 1965 841 Hine
1986 779 2026 842 fit
2042 785 2081 842 nt
2099 777 2218 847 doctri-

200 867 357 947 noxinm,
390 863 481 932 unde
507 884 585 943 nes,
618 871 776 946 tanquam
801 863 923 929 iniecta
943 884 1062 943 manu,
1095 867 1185 928 arcet
1234 879 1322 938 nam,
1344 880 1429 942 qnae
1445 861 1530 925 nihil
1546 859 1635 926 alind
1653 869 1704 928 est
1720 882 1819 944 quam
1837 870 1991 929 aeternae
2007 863 2080 929 eins
2098 864 2217 932 volun·

200 952 380 1032 Dominus,
427 970 634 1033 errnmpere,
657 949 755 1016 officii
775 949 881 1015 nostri
899 962 986 1026 erat,
1008 947 1094 1030 qnod
1115 948 1185 1014 Do-
1236 946 1315 1012 tatis
1335 945 1503 1024 ministra,
1526 968 1602 1013 cnm
1624 947 1794 1014 voluntate
1814 948 1887 1031 ipsa
1907 956 2032 1015 temere
2052 949 2090 1014 in
2112 960 2217 1017 certa·

200 1038 314 1105 minus
341 1043 373 1102 tr
416 1037 456 1116 it,
489 1040 685 1102 reverenter
705 1057 757 1101 am
795 1036 872 1113 coti,
903 1041 937 1100 et
957 1055 995 1100 eo
1017 1039 1185 1100 contentos
1235 1053 1314 1098 men
1330 1032 1546 1098 committant.
1586 1033 1730 1100 Proinde
1748 1033 1920 1112 discamus,
1942 1055 2009 1100 non
2029 1034 2217 1103 hominibus

201 1125 243 1190 ab
275 1123 366 1188 omni
398 1121 465 1188 alia
495 1119 708 1206 inquisitione
744 1142 764 1186 a
802 1120 917 1186 tinere.
972 1118 1064 1185 Vere
1094 1120 1184 1185 enim
1236 1116 1310 1184 ideo
1335 1117 1426 1201 loqui
1453 1118 1581 1198 Deum,
1615 1125 1653 1183 nt
1680 1140 1763 1202 qnae
1789 1119 1875 1203 apud
1903 1140 1939 1186 se
1965 1120 2044 1185 olim
2072 1119 2218 1189 decrevit

201 1208 350 1292 sapiendi
367 1207 485 1293 regula
500 1208 537 1272 in
554 1207 618 1274 hac
635 1213 730 1290 parte
747 1207 824 1272 talis
841 1213 893 1272 ost
909 1204 1078 1285 sobrietas,
1100 1225 1185 1289 qnae
1237 1203 1393 1282 revellat,
1427 1210 1486 1269 ant
1507 1206 1606 1271 etiam
1626 1206 1786 1289 corrigat:
1810 1204 1869 1269 sed
1890 1206 1998 1288 potius
2030 1213 2069 1271 ut
2097 1207 2216 1274 effectu

200 1293 285 1360 nihil
312 1293 457 1377 amplius
485 1292 571 1361 scire
599 1298 747 1377 appetat,
776 1312 875 1375 quam
923 1291 990 1357 nod
1014 1291 1185 1375 scripturis
1236 1292 1309 1356 iso
1331 1289 1532 1372 comprobet,
1555 1311 1656 1373 quam
1678 1292 1775 1356 firma
1797 1290 1865 1356 sint
1886 1297 1920 1356 et
1939 1291 2079 1358 stabilia.
2125 1291 2229 1374 Quos·

200 1388 251 1447 est
283 1379 477 1446 revelatum.
532 1378 626 1444 Nihil
657 1384 746 1445 certe
777 1313 1005 1444 absconditum
1038 1399 1059 1442 a
1090 1377 1185 1442 nobis
1237 1312 1278 1442 ald
1299 1375 1394 1440 initio
1421 1375 1522 1441 semel
1550 1376 1665 1460 elegit,
1691 1375 1764 1441 fieri
1785 1376 1900 1458 nequit
1920 1384 1958 1442 ut
1978 1384 2132 1460 pereant:
2159 1379 2217 1445 sed

200 1465 294 1532 Deus
327 1485 399 1533 esse
428 1464 549 1544 voluit,
582 1465 648 1529 nisi
676 1464 769 1531 cuius
798 1470 857 1529 ant
883 1483 1086 1547 supervacua
1114 1469 1186 1528 erat
1237 1461 1315 1613 dm
1346 1461 1455 1544 perire
1485 1462 1574 1544 ipsos
1606 1482 1672 1527 non
1705 1462 1793 1540 vult,
1823 1462 1859 1526 in
1886 1461 1987 1528 fidem
2012 1463 2217 1548 tutelamque

200 1551 359 1636 cognitio,
393 1557 451 1616 ant
476 1548 584 1633 magis
610 1551 778 1630 abstrusa,
811 1570 910 1632 qnam
931 1556 969 1614 ιιι
989 1549 1059 1614 eius
1081 1549 1185 1632 perci·
1267 1546 1363 1612 hristi
1381 1545 1491 1612 tradit.
1527 1547 1634 1613 Porro
1650 1554 1689 1613 nt
1701 1546 1872 1613 Christum
1889 1546 2034 1614 habeant
2050 1557 2216 1633 pastorem

200 1634 342 1721 piondne
371 1637 475 1702 simus
499 1655 644 1718 capaces.
690 1633 766 1716 Quo
788 1636 895 1720 magis
915 1635 1039 1721 ingrati
1061 1655 1184 1711 snmus,
1237 1653 1342 1715 aquo
1364 1631 1602 1712 custodiantur,
1623 1633 1660 1698 in
1682 1633 1753 1699 eins
1774 1633 1860 1698 ovile
1877 1632 1989 1718 colligi
2004 1655 2140 1703 necesse
2156 1645 2214 1703 eet

201 1721 268 1788 nisi
295 1728 447 1789 nostrum
474 1719 664 1804 inquirendi
689 1718 835 1787 studium
863 1727 1120 1804 attemperamns
1142 1718 1185 1786 ad
1236 1720 1354 1802 Itaque
1370 1738 1473 1801 qnnm
1491 1719 1632 1802 pastoris
1651 1737 1763 1786 vocam
1780 1717 1945 1786 audiendo
1961 1719 2105 1787 salntem
2122 1721 2215 1788 electi

202 1828 279 1873 enm
300 1827 399 1890 qnam
420 1807 493 1890 ipse
515 1807 622 1872 tenuit
642 1805 777 1872 modum
799 1806 953 1873 docendo.
994 1805 1084 1887 Quid
1105 1825 1185 1889 ergo
1236 1811 1495 1887 consequuntur,
1527 1804 1613 1869 nihil
1646 1803 1736 1870 alind
1763 1825 1861 1888 qnam
1889 1812 2026 1871 externe
2051 1808 2213 1892 evangelii

200 1892 371 1974 miramur,
389 1893 471 1959 siin
488 1890 645 1976 abyssum
664 1914 699 1958 se
716 1892 945 1976 praecipitant,
964 1900 1023 1959 aut
1042 1891 1184 1976 scopulis
1236 1889 1476 1974 praedieatione
1509 1890 1551 1956 ad
1584 1912 1682 1956 sunm
1713 1892 1815 1956 finem
1848 1890 2040 1975 perducitur
2066 1893 2214 1976 ipsorum

198 1978 355 2058 allidunt,
390 1979 446 2062 qui
474 1977 744 2061 phreneticorum
770 1998 863 2044 more
890 1977 1050 2044 adversus
1072 1977 1184 2043 Deum
1237 1976 1361 2042 electio.
1406 1975 1558 2041 Eandem
1585 1986 1618 2041 et
1645 1975 1793 2058 reprobis
1820 1976 2001 2043 doctrinam
2026 1978 2120 2045 iubet
2141 2000 2213 2063 pro·

198 2065 342 2132 violento
363 2065 491 2147 impetu
510 2063 635 2129 ruunt?
675 2063 787 2130 Deum
809 2063 997 2148 tyrannidis
1018 2072 1184 2141 accusant,
1236 2063 1322 2146 poni.
1367 2061 1459 2128 Cirr?
1506 2062 1561 2127 An
1582 2071 1621 2127 nt
1642 2061 1727 2145 qnod
1750 2061 1790 2128 de
1811 2063 1944 2128 illorum
1965 2064 2066 2131 exitio
2090 2066 2212 2145 statuit,

199 2150 287 2233 qued
314 2150 417 2215 exitio
445 2148 610 2216 adiudicat
637 2149 785 2215 nondum
814 2159 917 2215 natos.
967 2151 1016 2214 At
1041 2149 1185 2215 sentient
1237 2147 1388 2214 evertat?
1434 2146 1525 2228 Quin
1548 2149 1655 2231 potius
1677 2155 1716 2212 nt
1736 2148 1901 2214 obstinate
1927 2169 2041 2214 eornm
2062 2150 2213 2218 incredu-

198 2234 280 2300 olim
297 2235 423 2301 iustum
445 2234 603 2301 iudicem:
627 2235 694 2300 imo
713 2235 780 2300 iam
797 2235 888 2300 intus
905 2234 1064 2313 sentiunt,
1084 2234 1184 2300 etiam
1236 2234 1312 2299 litae
1334 2233 1440 2318 megia
1460 2234 1636 2317 patefaciat
1655 2233 1733 2317 qnid
1754 2234 1864 2300 valeat
1885 2234 2031 2301 occultae
2048 2235 2213 2303 electionis

198 2321 225 2386 si
248 2341 319 2385 non
338 2329 529 2404 agnoscant.
574 2318 765 2386 causantur
781 2320 904 2386 frustra
920 2320 993 2385 dari
1009 2326 1185 2403 praecepta
1237 2320 1353 2403 gratia.
1410 2317 1517 2400 Quale
1550 2321 1640 2384 enim
1672 2319 1832 2385 illustrius
1865 2320 2049 2404 speculum,
2084 2322 2120 2386 in
2152 2343 2213 2406 qno

197 2405 238 2472 de
260 2405 426 2484 moribus,
456 2404 580 2471 frustra
601 2405 693 2489 leges
715 2405 809 2483 ferri,
835 2406 947 2488 inique
968 2407 1067 2471 etiam
1090 2426 1184 2472 exer·
1235 2405 1318 2471 haec
1340 2405 1512 2488 perspicue
1534 2405 1688 2484 reluceat,
1710 2407 1756 2471 fin
1784 2407 1789 2420 '
1814 2413 1935 2490 potest,
1958 2427 2058 2489 quam
2080 2406 2162 2472 dum
2180 2406 2213 2474 in

196 2492 264 2558 cori
277 2491 401 2558 iudicia
418 2489 596 2575 puniendis
614 2490 792 2570 maleficiis,
811 2511 913 2573 quum
930 2491 1007 2557 latia
1024 2498 1185 2577 regantur
1236 2491 1402 2557 communi
1425 2490 1591 2570 doctrina,
1620 2491 1734 2556 eadem
1792 2493 1822 2556 ei
1851 2493 2035 2573 vocatione,
2064 2494 2139 2576 pari
2162 2513 2212 2559 or-

197 2577 326 2656 omnia,
354 2576 410 2644 vel
436 2576 547 2660 potins
574 2583 735 2642 rotantur.
752 2581 776 2656 ¹)
820 2575 925 2659 Quasi
949 2598 1028 2645 vero
1049 2598 1116 2643 non
1138 2578 1185 2643 ita
1236 2597 1332 2661 gano,
1355 2583 1549 2643 tantumest
1569 2575 1743 2642 hominum
1766 2576 1951 2657 discrimen,
1974 2587 2014 2643 ut
2034 2577 2091 2643 alii
2112 2578 2214 2662 perti·

197 2683 274 2729 snos
292 2663 416 2730 electos
434 2662 554 2746 spiritu
572 2669 686 2729 sancto
703 2661 892 2728 moderetur
907 2661 1009 2742 Deus,
1028 2663 1184 2747 reprobos
1236 2664 1364 2728 naciter
1386 2667 1460 2742 [pag.
1474 2668 1530 2743 49]
1551 2671 1718 2746 respuant,
1747 2661 1833 2746 quod
1855 2663 1912 2727 alii
1934 2663 2125 2730 obedienter
2146 2686 2215 2731 am·

197 2747 346 2815 Satanae
370 2746 543 2832 agitandos
564 2749 744 2831 permittat,
767 2754 807 2812 nt
827 2749 893 2814 illis
911 2750 1093 2814 doctrinam
1114 2749 1184 2832 pie·
1235 2747 1448 2831 plectuntur?
1493 2748 1657 2815 Videmus
1682 2756 1795 2814 tamen
1826 2749 1968 2827 interea,
2003 2757 2040 2815 ut
2074 2750 2215 2817 verbum

196 2834 275 2900 tatis
299 2842 333 2899 et
356 2833 606 2901 exhortationes
626 2834 811 2900 fructuosas
832 2831 964 2914 reddat,
992 2834 1052 2901 hoa
1074 2841 1186 2900 teneat
1236 2831 1324 2917 qnod
1351 2833 1496 2899 hominis
1524 2854 1582 2899 cre
1611 2836 1790 2917 protertur,
1823 2836 1885 2900 etsi
1912 2835 2091 2918 impiorum
2118 2834 2216 2902 corda

197 2919 425 2987 contumaciae
452 2920 620 2987 convictos
642 2928 677 2984 et
697 2919 947 2998 inexcusabiles,
970 2922 1047 3003 quia
1067 2919 1186 2987 moniti
1236 2940 1302 2984 non
1325 2918 1487 2998 emendet,
1509 2921 1606 2985 feriat
1626 2928 1738 2986 tamen
1760 2921 1907 3003 ipsorum
1928 2921 2161 3001 conscientias,
2183 2930 2218 2988 et

197 3025 267 3070 uon
288 3005 473 3088 paruerint.
521 3003 665 3082 Omitte,
688 3026 788 3089 quarn
809 3005 893 3071 nihil
915 3006 1096 3088 proficiant,
1119 3006 1186 3072 Dei
1234 3005 1405 3072 lasciviam
1426 3005 1532 3071 instar
1552 3007 1659 3071 fraeni
1679 3003 1836 3072 cohibeat

197 3089 444 3176 providentiam
479 3091 681 3157 calumniose
710 3091 789 3157 Fati
821 3091 953 3157 nomine
984 3091 1183 3157 infamando.
1322 3090 1398 3157 Iam
1425 3089 1466 3156 de
1494 3091 1674 3171 scandalis,
1710 3092 1829 3174 quihus
1856 3091 2036 3158 secundum
2065 3092 2217 3160 ordinem

198 3177 314 3260 Neque
346 3176 435 3242 enim
458 3176 514 3243 vel
542 3177 714 3244 intricatos
738 3197 910 3244 causarum
932 3198 1040 3244 nexus
1061 3179 1184 3244 somni·
1237 3176 1493 3261 assignavimus,
1525 3184 1576 3242 est
1602 3176 1837 3243 disserendum.
1883 3176 2083 3258 Queruntur
2107 3179 2215 3258 multi,

199 3283 296 3328 amus
330 3282 407 3327 cum
435 3260 577 3339 Stoicis,
618 3263 670 3328 vel
704 3263 802 3330 astris
840 3262 1031 3330 subiicimns
1068 3261 1186 3329 mundi
1237 3261 1445 3347 evangelium
1476 3260 1713 3330 discordiarum
1742 3285 1814 3329 esso
1842 3264 1981 3342 fontem,
2008 3265 2087 3347 qnia
2114 3265 2215 3333 simul

199 3348 490 3432 gubernationem,
518 3348 573 3413 vel
595 3349 823 3414 necessitatem
849 3349 1129 3416 comminiscimur
1148 3350 1185 3413 in
1236 3355 1334 3430 atque
1356 3349 1506 3433 emergit,
1527 3369 1595 3414 nna
1617 3357 1758 3434 snrgunt
1778 3351 2017 3415 contentiones:
2046 3350 2124 3430 imo,
2148 3373 2215 3417 non

199 3435 272 3516 ipsa
304 3454 418 3497 rernm
451 3440 579 3499 natura.
631 3435 736 3516 Atqui
767 3454 805 3500 ea
834 3442 885 3501 est
918 3456 1017 3518 qnam
1050 3435 1184 3501 fatalem
1237 3455 1331 3501 secus
1352 3455 1389 3500 ao
1412 3435 1441 3499 si
1470 3434 1643 3501 classicum
1671 3436 1856 3514 cecinisset,
1886 3436 2034 3501 homines
2062 3437 2153 3502 inter
2180 3457 2215 3503 se

199 3526 321 3583 vocant
344 3519 473 3600 profani
495 3519 655 3584 homines.
690 3520 807 3604 Longe
828 3520 930 3603 igitur
948 3520 1038 3586 aliud
1056 3531 1107 3587 est
1119 3520 1185 3586 Dei
1237 3529 1418 3586 armantur.
1462 3520 1652 3585 Fatendum
1674 3528 1724 3587 est
1749 3542 1828 3587 sane
1855 3521 1941 3604 qnod
1961 3520 2116 3588 Christus
2138 3543 2215 3606 pro-

200 3602 458 3687 praedcstinatic
497 3625 596 3686 quam
634 3606 748 3670 fatum.
810 3604 878 3671 Sed
916 3606 1056 3673 facessat
1095 3607 1126 3672 lo
1150 3628 1184 3672 ο-
1237 3607 1374 3672 nunciat
1396 3606 1530 3689 (Matth.
1553 3611 1601 3686 10,
1620 3611 1685 3684 34),
1708 3607 1807 3672 simul
1825 3628 1901 3673 cum
1922 3607 2096 3691 evangelio
2117 3606 2215 3674 dissi·

200 3688 343 3755 machia
358 3688 388 3773 ²)
433 3687 473 3755 si
500 3690 568 3754 fixa
595 3698 661 3767 est,
691 3690 860 3773 inquiunt,
887 3700 1019 3757 aeterno
1040 3692 1106 3757 Dei
1127 3628 1184 3758 de-
1237 3690 1293 3756 dia
1319 3692 1387 3757 lere
1420 3699 1454 3757 et
1480 3713 1608 3776 pugnas
1634 3692 1769 3758 exoriri:
1806 3693 1864 3757 scd
1891 3714 1957 3775 qna
1983 3691 2018 3757 id
2042 3693 2214 3760 occasione

202 3781 292 3841 creto
320 3794 433 3838 rernm
460 3775 640 3840 necessitas
668 3780 742 3854 [pag.
767 3781 838 3855 48]‚
869 3796 1113 3859 supervacuum
1134 3787 1185 3843 est
1236 3778 1296 3841 fiat
1317 3777 1540 3859 reputandum
1561 3786 1621 3844 est
1666 3779 1825 3857 Primum,
1853 3780 1881 3844 si
1903 3779 2143 3844 contumaciter
2164 3781 2214 3845 in·

203 3860 333 3938 docere,
358 3859 454 3941 quale
476 3861 519 3925 sit
541 3860 697 3942 cariusque
718 3860 871 3926 officium.
915 3862 1009 3927 Nihil
1031 3862 1119 3928 enim
1142 3883 1184 3928 ex
1236 3871 1377 3946 snrgunt
1397 3862 1558 3942 homines,
1576 3885 1676 3946 quum
1699 3885 1754 3930 ecs
1774 3865 1810 3929 in
1832 3864 1980 3930 ordinem
2001 3885 2119 3950 eogere
2142 3865 2214 3931 vult

203 3967 241 4011 eo
259 3943 347 4028 quod
365 3946 431 4010 iam
449 3947 666 4012 constitutum
683 3958 743 4025 est,
765 3947 907 4012 mutabit
925 3947 1081 4015 doctrina.
1122 3950 1184 4014 Aa
1236 3949 1338 4027 Dens,
1362 3969 1426 4031 qna
1449 3947 1483 4012 id
1505 3951 1633 4015 ratione
1655 3952 1722 4025 fiat,
1745 3951 1812 4015 iam
1834 3950 1927 4033 prius
1949 3949 2104 4016 diximus.
2138 3951 2213 4016 Dif-

203 4032 259 4115 qni
282 4029 470 4116 expendere
491 4053 625 4097 rursum
639 4031 810 4110 debebant,
833 4033 943 4098 aDec
963 4054 1091 4117 qnoque
1111 4035 1184 4116 ipso
1235 4033 1321 4099 fieile
1347 4042 1413 4114 est,
1442 4043 1481 4099 ut
1507 4037 1564 4118 qni
1591 4036 1655 4100 sibi
1683 4036 1822 4101 nimium
1850 4036 1997 4118 sapiunt,
2028 4035 2152 4102 dociles
2178 4057 2213 4102 se

202 4116 389 4182 ordinatam
411 4119 446 4182 in
468 4118 558 4184 hunc
579 4118 680 4182 finem
698 4139 770 4183 esse
786 4116 976 4198 doctrinam,
1000 4128 1038 4185 ut
1055 4121 1184 4186 arcanis
1236 4118 1370 4185 Christo
1393 4119 1580 4203 praebeant.
1614 4122 1687 4187 Iam
1710 4143 1797 4199 vero,
1820 4143 1919 4204 qnnm
1934 4121 2073 4187 affectus
2095 4125 2214 4201 earnis,

203 4205 274 4269 eius
292 4203 438 4269 consiliis
454 4204 648 4270 subserviat.
686 4201 777 4284 Quos
790 4211 995 4271 aeternaeua
1011 4203 1184 4290 adoptione
1236 4205 1351 4288 quiin
1373 4205 1736 4291 hominibnsregnant,
1765 4205 1901 4272 totidem
1922 4208 1989 4272 sint
2012 4208 2108 4291 qnasi
2128 4208 2213 4274 terc-

201 4289 450 4372 praeordinavit
470 4288 512 4354 ad
533 4288 654 4367 vitam,
677 4311 786 4354 nonne
808 4289 971 4371 doctrina,
993 4292 1087 4374 qnasi
1109 4314 1183 4375 pcr-
1236 4312 1290 4357 ces
1318 4311 1356 4356 ac
1383 4290 1561 4357 indomitae
1596 4292 1737 4370 bellnae,
1773 4294 1935 4358 miramur
1960 4292 1989 4358 si
2011 4293 2214 4360 tumultuose

202 4382 293 4440 recta
322 4397 442 4453 manu,
478 4375 568 4440 dncit
594 4396 658 4456 quo
686 4374 928 4441 destinaverat?
981 4375 1070 4458 Quid
1095 4379 1183 4443 enim
1236 4377 1314 4462 ingo
1342 4386 1376 4442 et
1408 4378 1521 4444 fraeno
1550 4378 1729 4444 resistant?
1774 4378 1877 4462 Atqui
1908 4379 2007 4443 nimis
2036 4379 2213 4464 indignum

203 4459 293 4523 alind
312 4470 362 4525 est
380 4461 496 4526 efficax
514 4461 650 4538 vocatio,
674 4481 772 4544 quam
790 4461 966 4541 electionis,
990 4483 1072 4545 qnae
1091 4465 1184 4546 prins
1236 4472 1295 4543 est,
1317 4464 1411 4530 cuiue
1432 4464 1512 4529 mali
1532 4484 1630 4530 causa
1651 4466 1687 4528 in
1708 4464 1802 4530 nobis
1824 4464 1997 4547 reperitur,
2025 4464 2155 4549 culpam
2177 4466 2213 4531 in

202 4543 341 4624 latebat,
370 4545 671 4629 complementum?
714 4547 886 4630 Reprobas
908 4547 1009 4614 variis
1030 4548 1183 4635 obiurga·
1236 4549 1447 4633 evangelium
1479 4551 1628 4617 conferri.
1678 4550 1791 4616 Nihilo
1824 4552 1945 4616 rectius
1976 4551 2120 4630 faciunt,
2157 4551 2212 4635 qni

1236 4634 1407 4700 turbarum
1430 4644 1532 4713 matu,
1562 4644 1596 4702 et
1619 4635 1857 4703 discordiarum
1878 4636 1960 4717 odio,
1982 4657 2002 4700 a
2024 4638 2115 4719 pacis
2137 4636 2213 4704 doe·

1236 4721 1326 4784 trina
1352 4720 1538 4787 abhorrent.
1555 4722 1579 4807 ¹)
1634 4723 1825 4805 'tranquillo
1857 4730 1944 4787 statu
1977 4721 2063 4786 nihil
2096 4731 2212 4806 putant

274 4816 303 4881 l)
322 4833 424 4872 comme
443 4821 466 4873 si
483 4819 509 4873 lc
527 4820 624 4874 monde
642 4820 726 4875 estoit
742 4822 840 4875 tourne
858 4837 892 4876 en
909 4836 962 4875 une
981 4820 1063 4876 losse.
1235 4826 1307 4871 0⁸⁸0
1329 4806 1456 4872 melius.
1501 4807 1590 4889 Quid
1613 4829 1701 4892 arga,
1732 4810 1759 4874 si
1781 4818 1943 4893 tyrannus
1965 4809 2130 4891 quispiam
2153 4809 2211 4874 hoo

272 4884 303 4949 2)
323 4884 400 4941 Nous
418 4887 536 4943 laisaons
553 4889 633 4943 telles
650 4888 785 4945 resveries
802 4904 856 4944 aux
874 4890 979 4958 Pavens
997 4896 1026 4943 et
1042 4889 1070 4944 la
1086 4889 1180 4959 prede·

204 4955 334 5008 stination
357 4953 391 5008 de
414 4955 483 5009 Dieu
506 4953 551 5009 n’a
567 4957 624 5011 rien
643 4956 677 5011 de
694 4973 819 5012 commun
837 4974 903 5012 avec
921 4957 988 5012 cela.
1023 4957 1095 5013 C’est
1112 4957 1182 5012 donc

203 5038 255 5077 une
284 5024 417 5076 calumnie
446 5024 603 5078 meschauea
651 5025 723 5078 nand
751 5041 820 5081 ceux
848 5028 893 5094 qui
921 5026 1031 5079 venient
1059 5026 1182 5081 diffamer

202 5100 297 5147 nostre
325 5091 447 5171 doctrine
476 5107 547 5146 nous
578 5041 762 5173 eundoppent
787 5109 821 5148 en
847 5094 926 5148 telles
953 5094 1059 5150 choses.
1110 5094 1181 5151 Maia
1303 5094 1333 5163 1)
1352 5096 1426 5152 Add.
1444 5098 1469 5151 ll
1486 5098 1545 5152 leur
1568 5099 1669 5154 semble
1712 5097 1757 5154 n’il
1779 5097 1823 5168 n’y
1846 5099 1937 5154 arien
1960 5098 1995 5152 de
2019 5100 2142 5155 meilleur
2158 5113 2206 5169 que

202 5158 353 5229 regardona
371 5160 542 5229 simplement
559 5174 594 5214 an
611 5160 685 5215 taret
720 5161 760 5217 Ils
777 5161 915 5231 alleguent
931 5167 979 5218 ea.
1235 5163 1270 5220 de
1289 5181 1318 5220 se
1337 5167 1407 5220 tenir
1426 5183 1485 5237 aoy,
1503 5174 1532 5221 et
1548 5173 1679 5236 pourtant
1694 5116 1729 5223 ds
1747 5169 1852 5237 prisent
1869 5172 1976 5222 surtorn
1993 5172 2045 5223 ete.

204 4718 408 4727 ——-———-
