4620 5894
539 1385 832 1484 romnus
848 1384 1209 1496 x(ultionum,
1237 1386 1353 1483 1³10
1380 1385 1687 1486 tuerent.
1743 1326 1746 1330 ’

262 1588 369 1654 Aiunt
389 1587 559 1666 Getonem,
582 1609 683 1670 quum
706 1586 747 1653 de
769 1586 973 1672 corrigendis
993 1587 1180 1670 sumptibus
1201 1587 1387 1654 immodicis
1399 1587 1424 1673 ¹)
1449 1588 1536 1673 apud
1557 1591 1716 1674 populum
1737 1610 1914 1658 romanum
1936 1592 2038 1657 verbe
2059 1593 2132 1661 fuo-

105 1709 204 1768 turns
226 1705 322 1779 esset,
345 1699 394 1763 ite
414 1700 600 1783 praefatum
624 1720 711 1778 esee,
734 1698 876 1764 multum
899 1697 960 1765 eibi
981 1698 1051 1762 fore
1073 1699 1209 1783 negotii,
1231 1700 1310 1782 quie
1331 1705 1449 1767 venter
1471 1722 1568 1767 eures
1589 1723 1658 1768 non
1680 1703 1826 1771 haberet.
1870 1701 1960 1768 Mihi
1980 1722 2077 1783 vero,
2100 1705 2131 1771 ei

106 1812 150 1879 ed
183 1810 424 1878 restituendum
454 1810 587 1894 pietatis
620 1809 826 1889 doetrineml,
860 1809 1152 1894 repurgandisque
1179 1810 1335 1877 eooleeiae
1356 1811 1560 1896 eorruptolas
1580 1811 1678 1879 hodie
1704 1816 1933 1881 Romanenses
1966 1812 2128 1895 hortarer,

106 1924 280 2008 eliquanto
301 1923 377 2006 plue
399 1930 486 1988 esset
508 1921 722 1989 difficultatis.
767 1921 882 2003 Neque
907 1922 996 1986 enim
1018 1941 1093 1986 oum
1123 1920 1225 1987 surdo
1246 1928 1365 1988 ventre
1386 1920 1498 2002 modo,
1527 1923 1585 1988 sed
1611 1925 1810 1993 etiamnum
1832 1945 1929 1992 oeeen
1951 1921 2129 1990 ambitione

104 2033 328 2121 pugnandum
347 2034 440 2099 foret
482 2031 646 2099 Videmus
668 2032 756 2097 enim
778 2019 1027 2116 quibueoundue
1048 2032 1231 2100 rationibus
1253 2033 1333 2100 vieti
1352 2033 1488 2115 fuerint,
1510 2054 1566 2100 eos
1587 2035 1801 2104 nihilominus
1823 2043 1913 2104 sture
1935 2033 2129 2116 obstinatos,

104 2146 249 2232 quiade
270 2146 342 2213 vitu
362 2153 396 2210 et
416 2145 542 2211 honore
564 2144 627 2211 eibi
649 2142 872 2210 dimicandum
893 2143 1051 2211 iudioent
1095 2141 1251 2224 Proinde,
1274 2165 1342 2210 non
1363 2165 1419 2210 ero
1440 2151 1510 2210 tem
1530 2145 1671 2232 ineptus,
1693 2157 1734 2215 ut
1754 2170 1810 2216 eos
1831 2145 1874 2213 ad
1896 2165 2012 2212 senam
2033 2164 2129 2211 men·

104 2265 175 2324 tem
195 2275 353 2323 revoonre
373 2256 499 2321 frustra
521 2275 627 2321 ooner.
672 2256 726 2321 De
749 2257 790 2321 iis
812 2255 945 2339 loquor,
969 2277 1108 2339 quorum
1132 2255 1339 2339 deploratam
1360 2256 1494 2322 omnino
1516 2253 1757 2322 oontumuoium
1778 2252 1951 2319 eernimue.
1997 2254 2128 2321 Verum

102 2367 215 2454 potine
244 2366 309 2433 ulio
337 2387 392 2432 mo
414 2373 618 2446 uenientem,
641 2372 680 2431 ut
701 2373 883 2452 agnoscent
904 2367 950 2450 pii
971 2387 1103 2447 omnes,
1127 2388 1229 2450 quem
1250 2366 1390 2433 eoeleste
1411 2367 1455 2432 eit
1477 2366 1626 2450 ipsorum
1647 2363 1808 2447 impietas.
1854 2362 1959 2431 Ouius
1982 2366 2031 2431 roi
2051 2386 2129 2450 epe·
2187 2446 2189 2449 Ι

100 2481 212 2548 eimen
234 2479 371 2545 minime
392 2480 568 2545 obseurum
589 2477 644 2545 hie
666 2479 702 2544 in
724 2479 805 2545 uotis
827 2477 1030 2544 Tridentini
1037 2478 1167 2545 eonoilii
1187 2477 1341 2544 exhibeo:
1365 2477 1422 2544 nbi
1442 2477 1615 2545 interiores
1633 2494 1747 2542 omnes
1765 2496 1843 2540 euos
1860 2495 1977 2543 sensus
1999 2477 2046 2541 ite
2067 2496 2128 2542 ex·

102 2591 281 2677 plieerunt,
291 2589 320 2673 ²)
347 2597 388 2655 ut
413 2591 540 2657 nemini
568 2588 704 2655 dubium
725 2589 937 2673 reliquerint,
959 2589 1091 2673 qualem
1113 2589 1260 2655 habituri
1288 2590 1394 2655 simus
1422 2589 1577 2656 ecelesiae
1598 2594 1734 2666 etatum,
1756 2587 1786 2652 ei
1807 2606 1923 2651 eorum
1944 2593 2051 2653 stetur
2071 2605 2128 2651 er·

101 2701 210 2769 bitrio.
255 2702 393 2781 Verum,
415 2722 480 2785 quo
501 2701 620 2767 melius
641 2700 677 2766 id
698 2708 819 2785 puteat,
831 2703 860 2786 ⁸)
888 2701 1027 2768 lentoree
1049 2701 1196 2785 primum
1217 2707 1350 2785 rogatos
1372 2700 1474 2778 velim
1497 2706 1532 2765 et
1548 2700 1705 2779 monitos,
1726 2704 1765 2762 ut
1785 2717 1912 2777 meum,
1935 2695 1992 2762 De
2013 2718 2129 2764 neees-

105 2815 202 2883 nitate
223 2813 452 2881 reformandae
473 2813 645 2894 ecelesiae,
674 2817 750 2893 [pag.
769 2817 802 2893 4]
823 2811 960 2894 librum,
986 2817 1198 2897 pereurrant:
1228 2809 1349 2879 deinde
1371 2811 1569 2879 conferendo
1591 2810 1781 2890 uestiment,
1804 2815 1916 2875 utram
1937 2809 1974 2874 in
1995 2815 2127 2892 purtem

107 2925 248 2994 debeant
268 2926 379 3009 potius
400 2924 568 2992 inolinere.
613 2925 771 2992 Genevee
795 2927 824 2989 3.
846 2923 928 2991 Idue
949 2923 1109 2992 Novemb.
1136 2928 1229 2990 1547.

261 3216 291 3284 l)
309 3216 351 3271 les
368 3223 432 3285 trop
449 3215 567 3284 grandes
584 3213 758 3284 superfluiten
776 3214 857 3285 qu'ilz
876 3222 994 3287 avoyent
1012 3231 1046 3271 en
1063 3217 1199 3282 bouqueto
1217 3213 1272 3269 ofin
1290 3212 1325 3268 de
1349 3213 1470 3278 corniger
1488 3212 1516 3268 ln
1533 3210 1722 3281 gommundine
1740 3217 1831 3268 entant
1849 3209 1924 3266 elom
1942 3210 1959 3265 t
1975 3205 2070 3263 Rome.

260 3301 292 3370 2)
309 3302 347 3357 Et
363 3301 398 3358 de
415 3301 473 3372 fait,
490 3302 510 3355 il
527 3316 561 3355 ne
585 3300 644 3356 funt
661 3303 740 3371 point
763 3300 910 3356 demender
933 3319 970 3355 un
995 3301 1060 3356 chef
1083 3299 1202 3355 d’oeuvre
1220 3299 1282 3368 plus
1312 3297 1424 3352 noteble
1442 3313 1495 3366 que
1513 3311 1561 3352 ιιι
1578 3296 1668 3351 benur
1685 3303 1762 3352 entes
1779 3295 1816 3351 du
1835 3294 1946 3351 Ooneile
1964 3293 1999 3350 de
2016 3291 2124 3350 Trente

121 3387 205 3453 quen
221 3388 349 3458 produio:
369 3390 405 3442 ou
421 3388 457 3442 ilz
476 3393 525 3442 out
541 3387 683 3442 tellement
699 3388 819 3457 degorgt
837 3403 868 3442 ce
886 3385 968 3456 qu’ilz
985 3391 1103 3457 avoyent
1118 3399 1155 3440 eu
1172 3383 1291 3454 profond
1308 3381 1343 3438 de
1361 3380 1501 3439 l’eetomto
1519 3387 1567 3438 ete.
1664 3429 1667 3434 .

262 3472 290 3540 3)
307 3489 379 3543 pour
394 3474 485 3528 mieux
503 3472 634 3529 entendre
652 3473 678 3527 le
696 3481 798 3541 totoue.
