4620 5894
119 184 183 249 355
924 174 991 241 DE
1012 173 1236 241 AETERNA
1256 172 1343 239 DEI
2071 168 2130 231 356

117 373 283 523 ἰξθθθθθι
327 367 404 434 Hac
425 365 540 433 eadem
561 365 780 450 promissione
800 364 918 444 fretus,
949 363 1102 430 alacriter
1125 364 1128 385 '
1153 362 1247 427 Deus
1276 362 1450 427 hominum
1478 383 1606 440 manus,
1640 383 1729 428 nunc
1750 362 1872 447 ligatas
1894 372 2017 443 teneat,
2050 384 2135 429 nune

195 475 279 541 opus
305 475 343 519 se
368 452 528 536 accinget,
543 455 567 531 ¹)
600 451 678 535 quia
715 470 894 532 persuasus
927 448 1000 528 erit,
1033 469 1102 512 non
1125 392 1129 603 ἱ
1152 448 1266 513 flectat
1286 448 1353 513 huc
1375 456 1409 512 ot
1430 447 1508 513 illuc
1530 445 1571 511 ad
1592 448 1839 530 exsequendum
1857 453 1934 529 [pap.
1956 454 2032 531 181]
2053 448 2134 533 quod

117 542 289 609 fortuitam
322 559 358 605 se
390 558 525 623 oporam
550 538 588 602 in
609 556 685 602 aere
707 536 829 602 iacere:
862 554 945 618 quae
978 536 1013 598 in
1036 532 1102 599 Dei
1154 535 1287 613 statuit,
1321 535 1507 617 quiounquo
1536 532 1746 599 mediocriter
1768 535 1804 599 in
1825 537 1993 620 scriptura
2014 537 2134 602 exerci-

118 628 258 695 verbum
280 626 484 699 recumbens,
506 643 626 689 areano
645 622 716 688 eius
735 620 871 687 consilio
888 621 922 685 in
939 619 1101 703 optimum
1154 621 1215 684 tati
1248 627 1337 697 sunt,
1378 641 1446 684 non
1477 618 1642 685 vocabunt
1673 620 1708 684 in
1739 623 2011 687 controversiam.
2066 622 2135 687 Imo

118 715 221 779 linem
253 710 423 796 dirigetur.
477 708 641 791 Denique,
681 708 769 774 sicut
799 703 1007 791 providentia
1037 704 1102 769 Dei
1155 706 1319 771 communi
1342 705 1411 770 fero
1442 706 1591 770 omnium
1624 725 1724 770 sensu
1755 716 1925 789 receptum
1948 716 2011 786 ost,
2044 706 2134 790 quid·

119 800 185 864 rite
205 817 351 880 expensa
371 816 490 861 manus
510 802 643 860 nostras
670 814 738 858 non
763 792 893 878 ligat,²)
927 793 975 857 ita
1009 792 1102 857 invo-
1155 790 1233 874 quid
1251 791 1432 855 moliantur
1451 791 1610 869 homines,
1630 798 1786 857 eventum
1804 792 1838 857 in
1856 813 1961 857 manu
1971 793 2038 858 Dei
2059 813 2135 859 esse.

119 885 285 952 ostionem
305 880 386 947 adeo
408 902 474 946 non
496 878 645 963 impedit,
672 887 712 944 ιιι
733 880 842 961 potius
864 878 1017 943 stabiliat.
1064 874 1103 942 Si
1154 876 1223 942 Sed
1246 877 1324 959 quia
1355 877 1392 941 in
1418 882 1488 941 tam
1509 875 1612 941 densa
1643 876 1809 943 humanae
1840 878 1965 943 mentis
1996 876 2135 963 caligine

118 969 200 1054 quid
228 970 296 1034 iam
324 965 491 1046 acciderit,
524 964 626 1032 simili
657 966 691 1029 in
724 974 855 1049 tempus
886 962 1102 1048 praeteritum
1127 998 1130 1037 ι
1154 983 1312 1045 perquam
1333 963 1444 1027 tenuis
1476 970 1510 1027 et
1536 963 1604 1027 fere
1635 963 1777 1028 evanida
1808 971 1860 1029 est
1892 964 1952 1029 illa
1984 966 2134 1049 cognitio,

118 1056 299 1122 sobrietate
320 1052 443 1119 iudicia
465 1061 579 1117 nostra
600 1051 776 1134 temperari
799 1049 962 1116 convenit.
1001 1047 1104 1113 Nulla
1127 1042 1130 1095 l
1155 1048 1320 1131 scriptura
1351 1047 1504 1112 altiorem
1532 1048 1626 1114 nobis
1648 1048 1816 1133 speculam
1838 1048 1999 1127 aedificat,
2035 1070 2135 1133 equa

119 1140 163 1206 ad
184 1138 380 1226 patientiam
402 1138 509 1222 aptior
531 1137 728 1215 exhortatio,
762 1157 861 1219 quam
895 1134 975 1200 dum
1008 1132 1103 1199 audi·
1127 1102 1130 1193 i
1154 1134 1266 1198 Deum
1298 1133 1558 1216 contemplemur
1590 1136 1702 1199 omnia
1739 1136 1912 1200 hominum
1955 1156 2059 1221 opera
2092 1136 2135 1201 sio

118 1247 202 1306 mus,
235 1224 320 1291 nihil
352 1224 487 1289 fortuito
520 1222 706 1306 contigisse,
752 1222 809 1287 sed
841 1219 927 1304 quod
958 1218 1103 1284 Domino
1127 1220 1131 1279 Ι
1154 1218 1392 1298 moderantem,
1414 1220 1509 1283 utin
1531 1220 1632 1283 finem
1658 1241 1679 1284 a
1700 1241 1736 1285 se
1758 1221 1964 1286 destinatum
1986 1221 2133 1305 applicet

117 1312 229 1378 visum
249 1317 308 1391 est,
342 1310 445 1375 fuisse
473 1308 656 1391 impletum.
701 1309 835 1373 Interea
856 1328 923 1372 non
946 1307 1102 1390 sequitur,
1242 1302 1382 1371 Summa
1400 1314 1510 1370 autem
1528 1304 1593 1371 huc
1611 1304 1711 1370 redit:
1735 1306 1897 1387 Quamvis
1914 1307 2082 1385 homines,
2101 1318 2135 1373 ut

116 1397 197 1481 quin
220 1416 334 1462 rerum
355 1394 571 1460 adversarum
597 1394 727 1477 culpam
748 1393 803 1459 vel
824 1392 959 1477 ignavia
980 1400 1103 1469 nostra,
1154 1389 1333 1455 indomitae
1366 1391 1490 1456 bestiae
1521 1391 1686 1474 nullisque
1710 1393 1851 1458 vinculis
1872 1394 2046 1472 coercitae,
2074 1394 2135 1460 las·

116 1482 172 1548 vel
206 1482 387 1559 temeritas,
423 1480 478 1545 vel
508 1480 734 1565 incogitantia,
775 1478 830 1544 vel
862 1475 953 1542 aliud
986 1477 1103 1542 vitium
1155 1476 1295 1542 civiant:
1318 1498 1438 1543 arcano
1462 1486 1572 1542 tamen
1595 1478 1707 1543 fraerm
1725 1479 1913 1563 gubernari,
1937 1488 1977 1543 ut
1993 1502 2039 1543 no
2056 1478 2135 1564 digi-

116 1569 237 1633 merito
258 1567 427 1634 sustineat.
469 1564 568 1646 Quod
590 1565 620 1630 si
641 1563 682 1631 de
704 1564 812 1631 causis
835 1569 1016 1629 eventuum
1034 1582 1103 1626 non
1155 1568 1227 1626 tum
1249 1561 1381 1645 quidem
1402 1584 1535 1629 movere
1558 1578 1688 1646 queant,
1722 1565 1785 1630 nisi
1819 1562 1861 1629 ad
1887 1565 2135 1649 exsequendum

113 1652 250 1736 liqueat,
280 1658 319 1718 ut
352 1672 451 1735 saepe
484 1649 639 1717 videntur
672 1671 755 1734 quae
788 1649 941 1715 accidunt
972 1655 1104 1732 praeter
1155 1647 1220 1713 Dei
1251 1649 1358 1732 magis
1391 1670 1489 1731 quam
1523 1670 1618 1714 suum
1652 1670 1742 1731 opus.
1797 1650 1885 1715 Nam
1918 1649 2046 1730 fideles,
2081 1652 2135 1734 qai

116 1739 280 1804 rationem
301 1737 463 1803 accidere:
497 1744 610 1801 tamen
644 1756 687 1801 nc
720 1737 767 1800 sio
795 1734 928 1819 quidem
952 1733 1103 1799 desinent
1155 1741 1376 1815 spontaneum
1410 1734 1458 1798 illi
1492 1735 1684 1816 obsequium
1712 1735 1917 1818 impendunt,
1951 1758 2021 1801 non
2045 1758 2135 1803 secus

115 1825 191 1908 piae
212 1830 350 1902 mentes,
383 1830 418 1888 et
450 1822 633 1905 sapientiae
662 1828 695 1887 et
722 1821 868 1887 iustitiae
887 1819 1021 1885 laudem
1042 1820 1102 1883 tri·
1126 1854 1129 1923 l
1155 1830 1253 1902 atque
1275 1820 1393 1903 angeli,
1417 1840 1536 1885 manus
1558 1821 1627 1884 eius
1649 1821 1807 1887 censendi
1829 1830 1916 1887 sunt.
1946 1821 2062 1903 Quare
2084 1844 2134 1888 eos

116 1909 217 1975 buero
241 1910 324 1975 Deo.
1125 1928 1129 1999 ι
1154 1905 1360 1986 potissimum
1378 1905 1432 1969 hio
1449 1926 1677 1985 commemoro,
1697 1907 1816 1990 quibus
1834 1907 1919 1972 nihil
1929 1910 2046 1973 minus
2063 1930 2134 1991 pro-

202 1996 341 2075 Verum,
381 1995 437 2060 ubi
477 1995 708 2059 interveniunt
742 1993 914 2057 hominum
958 1990 1100 2070 consilia,
1125 2004 1128 2065 l
1153 1991 1296 2071 positum
1326 1998 1385 2069 est,
1419 2011 1517 2073 quam
1551 1990 1672 2056 habero
1704 1993 1882 2076 quidquam
1915 1993 1969 2060 vel
2002 1995 2134 2060 consilio

114 2082 312 2159 voluntates,
348 2078 467 2158 studia,
503 2086 650 2159 conatus,
677 2078 752 2161 plus
774 2078 809 2142 in
830 2100 868 2143 eo
890 2084 941 2143 est
962 2075 1100 2142 difficul-
1125 2074 1128 2143 i
1153 2074 1217 2140 Dei
1241 2078 1350 2156 ulline,
1384 2077 1437 2143 vel
1468 2090 1727 2141 consentaneum
1760 2080 1830 2144 eius
1864 2079 2042 2145 voluntati.
2088 2083 2134 2145 Ao

113 2167 202 2245 tatis,
225 2164 387 2250 quomodo
408 2165 477 2230 illic
498 2185 627 2249 quoque
649 2172 766 2248 regnet
787 2162 852 2228 Dei
875 2162 1098 2246 providentia:
1125 2146 1128 2247 f
1152 2160 1213 2226 sibi
1237 2162 1378 2245 quidem,
1400 2162 1493 2245 quasi
1515 2169 1666 2227 votorum
1688 2171 1863 2247 compotes,
1886 2164 2054 2247 plandunt
2075 2167 2134 2230 im·

113 2273 183 2317 non
204 2251 302 2317 modo
324 2272 367 2316 ne
390 2250 470 2333 quid
492 2258 629 2335 geratur
660 2248 726 2314 nisi
755 2271 797 2315 ex
824 2250 896 2313 eius
917 2258 1009 2327 nutu,
1042 2246 1100 2313 sed
1124 2256 1127 2315 ἕ
1151 2248 1207 2331 pii,
1222 2247 1247 2329 ¹)
1293 2247 1360 2314 Sed
1383 2270 1436 2312 res
1456 2248 1589 2312 tandem
1619 2251 1816 2332 comprobat,
1846 2271 1906 2333 por
1928 2253 2032 2335 ipsos,
2062 2251 2133 2318 lieet

114 2337 215 2402 etiam
248 2358 291 2402 ne
324 2335 404 2419 quid
437 2335 649 2401 deliberando
676 2335 803 2418 agitent
834 2334 996 2413 homines,
1035 2334 1099 2398 nisi
1124 2334 1127 2359 ¹
1151 2334 1272 2399 inscios
1291 2356 1329 2399 ac
1346 2334 1507 2411 nolentes,
1526 2332 1614 2417 quod
1632 2333 1791 2401 divinitus
1809 2336 2001 2401 ordinatum
2020 2338 2133 2414 fuerat,

114 2421 203 2507 quod
225 2423 295 2504 ipse
316 2422 468 2505 inspirat.
513 2420 594 2486 Edit
625 2421 757 2503 quidem
791 2425 865 2499 [pag.
894 2425 968 2499 180]
1001 2421 1100 2483 ineo
1152 2440 1223 2485 osse
1245 2419 1427 2503 impletum.
1471 2420 1578 2484 Porro
1600 2419 1693 2487 Deus
1720 2422 1792 2504 ipse
1821 2443 1911 2488 nunc
1939 2422 2062 2506 impiis,
2095 2422 2134 2488 ad

114 2505 258 2591 quotidie
298 2507 469 2589 praeclara
509 2527 588 2571 suae
627 2504 854 2589 providentiae
894 2504 1098 2579 documenta,
1151 2506 1320 2588 punienda
1342 2505 1513 2570 hominum
1535 2516 1677 2588 peccata,
1711 2516 1868 2591 tanquam
1901 2509 2046 2593 flagellis
2072 2509 2133 2573 uti·

137 2614 216 2658 uum
240 2592 352 2657 stultis
374 2592 547 2657 hominum
569 2592 716 2657 consiliis
736 2592 852 2657 fraena
872 2590 999 2670 laxans,
1032 2591 1098 2655 imo
1152 2600 1219 2655 tur:
1250 2613 1350 2670 nuno,
1373 2592 1466 2674 quasi
1489 2589 1617 2656 obtorto
1639 2592 1722 2659 eollo
1745 2615 1800 2658 eos
1821 2593 1981 2672 traheret,
2013 2594 2134 2660 benefi-

114 2614 326 2745 dissimulans
348 2678 389 2742 ad
408 2699 520 2743 eorum
539 2684 727 2761 apparatus,
750 2688 873 2742 eventu
890 2676 1025 2741 tandem
1043 2696 1099 2740 eos
1152 2676 1280 2742 cantiae
1302 2698 1382 2742 suae
1404 2676 1574 2742 ministros
1597 2683 1669 2755 [pag.
1691 2682 1765 2757 182]
1789 2700 1860 2744 esse
1882 2681 1979 2764 cogit.
2011 2680 2134 2745 Prioris

114 2766 305 2830 frustratur.
351 2761 420 2829 Sed
439 2765 475 2828 in
499 2763 565 2828 alio
587 2784 709 2848 genere
736 2769 906 2846 potentem
934 2762 1007 2827 eius
1028 2782 1098 2825 ma·
1150 2761 1290 2827 membri
1324 2763 1476 2846 exempla
1510 2762 1674 2847 colligere,
1713 2765 1865 2831 immensi
1897 2765 2011 2848 operis
2044 2767 2133 2831 foret

112 2871 194 2916 num
217 2859 250 2914 et
273 2848 530 2914 dominationem
553 2849 699 2915 celebrat
720 2849 894 2931 scriptura,
916 2869 1018 2930 quum
1036 2847 1097 2911 im·
1149 2848 1264 2914 Pauca
1280 2856 1412 2914 tantum
1429 2848 1590 2932 attingere
1606 2849 1815 2931 praestiterit.
1839 2851 2026 2935 Postquam
2043 2850 2133 2917 Deus

111 2937 184 3020 pios
201 2935 352 3014 infatuat,
371 2957 473 3018 quum
490 2935 654 3020 vertigine
672 2935 823 3018 pereutit,
842 2955 945 3017 quum
962 2933 1097 2999 demen—
1148 2934 1326 3019 Assyrium
1347 2934 1389 3000 ad
1410 2932 1600 3000 bellandum
1622 2935 1765 3001 inuitans
1787 2938 1918 3020 virgam
1938 2937 2064 3004 furoris
2086 2936 2134 3003 sui

111 3027 161 3087 tat
183 3028 218 3085 ot
239 3021 457 3105 obstupefacit
479 3040 550 3086 eos:
573 3020 726 3087 similitor
743 3041 847 3104 quum
864 3040 979 3084 eorum
999 3018 1098 3085 corda
1149 3021 1392 3105 vocavit(lesa.
1408 3025 1457 3099 10,
1470 3020 1514 3104 5),
1536 3042 1596 3086 noc
1618 3021 1682 3086 alio
1703 3042 1802 3105 quam
1826 3023 1895 3088 irae
1916 3044 1999 3089 suae
2021 3022 2134 3090 baculo

111 3106 312 3186 effoeminat,
346 3114 380 3171 et
400 3127 524 3191 pavore
545 3106 662 3191 replet,
697 3114 736 3172 ut
769 3105 812 3172 ad
845 3104 916 3170 folii
949 3104 1097 3171 cadentis
1150 3113 1313 3172 armatum
1337 3127 1408 3173 esse
1430 3105 1554 3172 docuit:
1584 3114 1698 3190 postea
1717 3108 1752 3172 in
1775 3109 1845 3174 eius
1868 3109 2064 3193 superbiam
2085 3111 2133 3175 in·

111 3192 289 3276 strepitum
311 3190 495 3259 concidant.
540 3194 668 3257 Parum
691 3214 770 3278 ergo
797 3190 1003 3258 considerate
1039 3191 1096 3256 Pi·
1148 3192 1295 3260 vehitur:
1319 3193 1405 3274 quod
1427 3215 1462 3259 se
1482 3214 1549 3259 non
1570 3200 1763 3278 agnosceret
1784 3194 1888 3260 voluti
1915 3197 2063 3261 securim
2084 3193 2134 3263 vel

111 3278 220 3365 ghius,
251 3277 330 3343 dum
359 3278 394 3342 in
422 3279 504 3345 istas
531 3280 703 3364 angustias
724 3277 889 3346 concludit
910 3277 1031 3357 Deum,
1059 3283 1097 3341 ut
1148 3299 1272 3346 serram
1292 3278 1424 3344 aliunde
1442 3279 1609 3363 agitatam.
1638 3278 1712 3346 Hac
1733 3279 1861 3345 ratione
1883 3286 1918 3346 et
1940 3281 2134 3348 sancuficcu·

110 3370 269 3447 tanquam
287 3364 340 3430 vir
361 3363 517 3447 prudens,
528 3365 558 3447 ⁸)
580 3371 615 3429 et
636 3363 704 3430 dux
723 3365 772 3430 rci
790 3362 943 3429 militaris
961 3364 1095 3447 peritus,
1148 3365 1262 3443 aDeo,
1281 3372 1315 3431 et
1332 3364 1524 3430 conductitii
1541 3365 1612 3431 cius
1630 3365 1753 3431 milites
1770 3366 1935 3446 dicuntur,
1954 3375 1989 3433 ct
2000 3389 2133 3451 operam

110 3450 257 3515 hostium
280 3470 414 3516 suorum
436 3450 572 3515 consilia
592 3450 799 3533 praevidens,
831 3451 866 3515 ili
896 3450 1095 3515 contrarium
1149 3450 1200 3515 illi
1212 3472 1345 3530 navare,
1364 3473 1444 3535 quos
1461 3452 1595 3524 ambitio
1609 3452 1732 3534 alioqui
1750 3474 1819 3530 sua,
1838 3462 1872 3517 et
1890 3452 2084 3533 crudelitas,
2102 3465 2133 3520 et

111 3535 320 3618 tempestivis
374 3535 530 3600 remediis
572 3543 691 3602 vortat.
765 3535 870 3616 Quasi
909 3556 989 3600 vero
1028 3557 1096 3600 uon
1149 3537 1289 3602 avaritia
1317 3537 1471 3620 impellit:
1514 3546 1548 3603 ot
1573 3538 1739 3603 Dominus
1772 3539 1919 3604 vicissim
1954 3540 2054 3605 sibilo
2083 3539 2133 3606 vel

111 3628 292 3703 utrumque
325 3618 447 3685 diserte
478 3621 699 3704 exprimatur:
740 3620 837 3701 Quod
870 3620 1098 3705 deprehendat
1149 3623 1283 3690 classico
1312 3645 1347 3688 se
1374 3644 1429 3689 eos
1456 3623 1497 3688 ad
1527 3644 1619 3688 arma
1640 3644 1758 3689 vocare
1785 3630 1935 3689 testatur.
1989 3627 2133 3695 Divinae

111 3707 279 3790 sapientes
300 3707 335 3770 in
358 3708 483 3772 astutia
503 3727 578 3771 sua:
612 3716 647 3771 ot
673 3707 801 3772 auferat
829 3707 983 3789 spiritum
1004 3707 1097 3791 prin·
1149 3709 1382 3775 beneficentiae
1404 3710 1493 3775 viam
1526 3711 1636 3793 parari
1664 3709 1836 3774 hominum
1864 3710 2049 3793 maleficiis,
2083 3713 2133 3780 vel

111 3794 236 3877 cipum,
260 3811 298 3858 ac
322 3814 436 3857 eorum
458 3790 670 3875 prudentiam
693 3812 889 3858 evanesaere
906 3793 1006 3859 faeiat
1023 3793 1097 3875 (Iob
1150 3815 1239 3859 unus
1260 3795 1318 3860 Mo
1333 3795 1388 3860 ⁷sis
1421 3794 1512 3860 locus
1544 3797 1623 3861 satis
1656 3795 1744 3861 clare
1777 3794 1993 3861 demonstrat.
2051 3800 2132 3866 Plus

112 3884 142 3959 5,
166 3882 223 3958 13;
246 3878 370 3943 Psalm.
392 3882 443 3954 76,
471 3879 535 3961 13).
580 3878 690 3944 Nimis
713 3900 825 3944 crassa
846 3878 946 3943 etiam
967 3879 1099 3943 inscitia
1150 3901 1248 3963 quam
1265 3818 1435 3958 scelerato,
1456 3881 1581 3964 perfida
1598 3888 1632 3946 et
1649 3880 1791 3947 crudelis
1808 3882 1916 3947 fuerat
1932 3887 2132 3969 conspiratio

110 3972 171 4043 est,
194 3964 274 4030 dum
296 3986 338 4029 ne
362 3970 398 4029 at
415 3963 481 4028 Dei
503 3963 677 4031 voluntate
699 3965 793 4043 mori,
815 3963 871 4047 qui
889 3964 1038 4029 consulto
1056 3964 1098 4029 ab
1149 3968 1290 4032 fratrum
1317 3965 1448 4049 Ioseph,
1483 3988 1586 4051 quum
1619 3989 1695 4032 eum
1715 3966 1906 4034 venderent
1952 3970 1983 4034 A
2024 3972 2070 4049 ui,
2098 3974 2130 4036 in

110 4050 244 4116 homine
262 3984 533 4133 occiditurzquia
551 4050 609 4116 ubi
626 4050 803 4116 intercedit
819 4050 961 4115 hominis
980 4050 1098 4116 volun·
1150 4053 1262 4119 Deum
1292 4052 1506 4132 transscribit,
1541 4052 1599 4119 sed
1632 4053 1696 4119 alio
1729 4062 1891 4138 respectu,
1931 4077 1998 4121 ven
2026 4059 2131 4123 'tionis

109 4145 171 4217 tas,
194 4136 288 4202 Deus
310 4157 408 4221 agere
428 4156 494 4201 non
516 4135 653 4202 dicatur.
661 4140 690 4216 ⁴)
735 4134 825 4217 Quid
846 4157 924 4219 ergo
944 4136 1098 4201 innume·
1150 4138 1251 4204 huius
1273 4160 1419 4204 causam:
1442 4137 1517 4205 Non
1540 4160 1599 4205 vos
1621 4140 1709 4215 estis,
1732 4139 1789 4204 sed
1811 4140 1978 4206 Dominus
2001 4145 2060 4226 qui
2080 4165 2131 4208 me

110 4224 157 4289 ris
179 4224 363 4306 scripturae
396 4222 594 4288 testimoniis
626 4224 693 4302 fiet,
725 4243 810 4306 quae
832 4221 959 4307 gladios
980 4221 1098 4304 impio-
1150 4224 1328 4308 praemisit,
1362 4231 1400 4289 ut
1431 4246 1491 4291 vos
1523 4224 1646 4290 alerem
1679 4225 1778 4304 (Gen.
1803 4230 1855 4305 45,
1884 4230 1927 4303 5).
1992 4228 2131 4295 Constet.

112 4330 189 4374 rum
211 4309 276 4373 Dei
298 4328 401 4374 manu
423 4311 496 4392 regi
517 4307 705 4374 testantur?
750 4309 807 4373 An
830 4309 903 4374 sine
924 4308 1099 4373 hominum
1150 4332 1237 4395 ergo,
1261 4331 1364 4393 quum
1386 4311 1485 4393 impie
1508 4320 1652 4394 agerent,
1674 4331 1733 4393 per
1755 4331 1815 4381 eos,
1828 4320 1939 4377 tamen
1958 4324 2131 4399 operatum

111 4394 248 4461 oonsilio
270 4395 368 4460 occisi
391 4402 471 4461 sunt
492 4394 552 4458 lilii
575 4394 676 4460 Heli?
701 4393 745 4476 (1.
769 4393 860 4460 Sam.
885 4398 915 4472 4,
941 4399 1005 4470 11).
1035 4395 1097 4458 At·
1123 4410 1126 4427 ²
1151 4417 1222 4462 esse
1242 4397 1362 4474 Deum,
1394 4404 1433 4461 ut
1455 4396 1556 4462 vitam
1585 4397 1621 4460 in
1643 4403 1749 4461 morto
1771 4396 1970 4462 invenirent.
2018 4401 2129 4483 Quan-

113 4481 178 4564 qui,
215 4479 414 4546 adscribitur
445 4479 600 4563 elogium,
636 4479 724 4564 quod
757 4479 900 4547 voluerit
932 4478 1097 4544 Dominus
1151 4489 1221 4547 tum
1249 4483 1283 4546 in
1316 4482 1395 4564 ipsis
1418 4492 1497 4561 erat,
1531 4480 1718 4547 occiderant
1748 4483 1893 4548 fratrem.
1950 4484 2036 4552 Inde
2068 4487 2130 4552 illis

113 4565 261 4632 occidere
281 4566 380 4650 ipsos.
425 4565 614 4646 (laetarum,
644 4568 723 4650 quin
751 4573 912 4650 perpetuo
937 4567 1099 4651 gubernet
1151 4569 1221 4633 vita
1243 4566 1389 4651 affulget.
1434 4567 1529 4632 Idem
1557 4567 1592 4632 in
1615 4569 1775 4634 scelerum
1804 4570 1954 4634 omnium
1980 4574 2129 4657 principe

1151 4661 1185 4718 et
1215 4654 1391 4737 impiorum
1423 4655 1529 4737 capite
1562 4653 1688 4720 Satana
1720 4655 1905 4738 perspicere
1938 4665 1998 4722 est
2044 4659 2131 4724 Eum

1151 4742 1243 4806 Deua
1266 4740 1308 4804 ad
1331 4739 1560 4824 decipiendum
1581 4739 1699 4806 Achab
1721 4760 1795 4805 cum
1822 4741 1884 4808 hoc
1904 4742 2062 4810 mandato
2084 4743 2129 4810 di-

185 4819 213 4885 1)
233 4827 330 4875 mettre
348 4822 389 4876 les
407 4823 493 4876 mains
512 4826 528 4877 t
548 4824 576 4876 la
593 4830 681 4892 peste,
700 4840 803 4878 comme
821 4822 875 4878 l’on
893 4824 940 4878 dit.

183 4887 213 4953 2)
233 4905 304 4957 pour
320 4906 391 4945 nous
408 4891 507 4944 rendre
527 4891 605 4946 oisifs
624 4908 659 4946 ou
677 4909 836 4961 paresseux.
1150 4933 1355 4942 ----

183 4956 214 5021 3]
233 4957 308 5012 Aac.
330 4960 376 5027 qui
398 4965 465 5027 peut
486 4959 601 5014 laucher
621 4960 726 5016 l'herbe
750 4977 815 5016 sous
839 4961 880 5016 les
897 4961 976 5030 pieds
994 4962 1028 5017 de
1047 4978 1096 5018 son

115 5026 228 5084 mama
1221 5030 1250 5094 1)
1269 5030 1343 5083 Add.
1362 5047 1466 5085 comme
1485 5030 1540 5086 s’ils
1559 5032 1670 5085 avaient
1687 5031 1782 5085 vairam
1794 5030 1863 5085 Dieu
1881 5038 1909 5086 et
1926 5033 2008 5100 qu’ils
2026 5035 2127 5090 fussent

183 5092 213 5162 4)
232 5093 292 5148 Lib.
310 5092 329 5148 8
346 5109 407 5164 cap.
423 5093 449 5149 3.
475 5095 555 5151 Bere
573 5097 740 5153 mesdavit:
757 5098 899 5154 iudicatur.
1150 5100 1277 5154 maistres
1295 5099 1329 5154 de
1347 5106 1415 5154 tout.
