4620 5894
240 269 304 335 6⁸15
1152 255 1356 325 SERVE'PI
2008 244 2024 267 '⁸
2209 252 2259 312 ili

241 453 431 521 coelestibus.
479 450 595 533 Nepos,
619 450 777 515 internum
801 454 875 527 [pag.
896 452 972 527 611]
991 447 1144 513 hominem
1165 466 1231 513 csse
1255 446 1258 483 ³
1283 444 1362 509 lium
1394 448 1440 521 (1.
1465 443 1534 512 Cor.
1560 450 1604 509 10
1625 450 1654 512 et
1675 444 1751 509 Heb.
1776 450 1797 507 7
1819 448 1849 509 et
1873 448 1919 523 9).
1978 438 2140 537 Cornelis
2161 438 2261 504 dieitm

243 558 359 605 nonum
380 537 546 603 hominem.
591 536 709 600 Annon
736 535 782 600 ibi
803 539 849 600 est
869 554 970 599 rionis
991 534 1088 612 homo,
1110 532 1166 597 nbi
1188 536 1232 596 est
1283 536 1346 595 tota
1374 531 1432 596 illa
1458 537 1544 596 ndns
1568 532 1740 615 peneratia,
1767 530 1847 612 qnia
1875 549 1944 594 nou
1971 530 2050 593 erat
2077 529 2126 591 rto
2151 528 2185 589 u
2208 544 2263 604 nos,

244 622 429 691 innovatio?
465 621 558 685 Intus
575 621 610 685 in
626 621 716 686 nobis
736 626 782 685 est
802 622 975 685 innovatio:
994 638 1065 703 erpo
1088 620 1175 683 intus
1196 618 1231 681 in
1282 636 1359 681 rtooo
1379 617 1562 701 hoeploriae
1578 618 1696 700 spiritu
1716 616 1855 699 repetiti,
1877 634 1938 680 nee
1955 614 2003 679 od
2026 611 2182 677 coelestem
2195 610 2265 675 hone

245 709 335 775 nobis
368 713 413 773 est
444 726 543 771 novus
578 706 681 785 hano,
714 707 913 772 absconditus
945 708 980 769 in
1012 706 1102 770 corde
1133 703 1229 768 homo
1283 704 1381 768 odam
1409 722 1479 768 uem
1510 701 1632 768 Christo
1660 702 1847 767 resuscitati.
1903 699 1984 765 Non
2015 720 2111 783 nepo,
2138 699 2212 779 quin
2228 696 2266 761 ad

247 795 349 860 Rides
370 799 413 871 tu,
435 793 518 874 quod
536 791 751 857 elementarem
765 790 885 856 Christi
902 793 1052 874 spiritum
1070 793 1231 870 incormcp
1283 790 1413 855 candem
1440 788 1676 867 haereditatem,
1708 788 1806 852 etad
1834 786 1922 852 idem
1949 785 2022 852 Dei
2052 804 2182 868 repnnm
2211 784 2266 846 sint

245 880 363 945 tibilom
394 898 447 962 epo
481 878 586 942 dicans
621 878 750 942 essedo
779 877 957 943 substantia
985 877 1102 941 interni
1127 875 1230 939 nostri
1283 894 1390 941 earnm
1399 874 1548 956 plerique
1558 879 1634 955 post
1652 873 1906 939 resurrect-iorum
1924 870 2140 937 assumendi.-
2161 874 2266 933 etnam

246 965 392 1031 hominis.
449 963 568 1044 Quaeso
590 968 633 1040 te,
660 968 762 1043 potest
789 982 855 1028 esse
883 963 1061 1043 compositio
1091 963 1165 1026 nica
1193 980 1231 1024 ea
1282 960 1364 1025 nulli
1386 960 1492 1038 etiami,
1525 957 1649 1024 Christo
1670 963 1860 1042 resurpente,
1888 976 1962 1023 aim
1980 954 2191 1037 patriarchis
2210 956 2266 1019 ion

247 1071 357 1131 corne,
385 1050 537 1131 sonpuine
565 1053 593 1113 et
621 1049 758 1127 ossibus,
787 1050 856 1113 sine
880 1049 1059 1114 elerncntori
1087 1044 1228 1127 spiritu?
1282 1047 1456 1125 assumpti:
1475 1044 1538 1111 Sed
1553 1051 1751 1126 praesentem
1771 1047 1950 1123 detumet
1973 1042 2139 1107 adventus
2161 1038 2267 1106 ctiam

249 1137 323 1203 Non
345 1140 390 1201 est
411 1136 447 1199 in
464 1134 553 1198 nobis
575 1139 738 1198 truncatus
750 1132 903 1213 Christus,
925 1135 980 1200 sed
1001 1138 1064 1199 toto
1080 1153 1140 1197 sua
1158 1150 1228 1195 car·
1282 1133 1364 1197 doira
1386 1131 1528 1196 coelestia
1550 1131 1618 1196 dico
1640 1151 1706 1196 esse
1730 1130 1819 1195 nobis
1834 1130 1973 1211 potiora.
2024 1127 2098 1193 Hoc
2126 1125 2216 1191 aelim
2234 1146 2266 1190 ee

247 1224 301 1287 nis
328 1226 356 1287 et
382 1220 518 1303 spiritus
551 1221 769 1301 conpositione
796 1240 829 1284 se
864 1221 951 1285 nobis
982 1218 1231 1283 substantialiter
1284 1216 1387 1281 Paulo
1408 1217 1480 1281 herm
1500 1216 1558 1280 tibi
1578 1218 1742 1299 cocpnitum.
1790 1216 1948 1297 Quornodo
1971 1218 2114 1279 mortem
2133 1210 2266 1277 Chridm

248 1308 462 1373 mnimnuicat.
510 1304 653 1385 §ponus
670 1304 736 1369 Dei
753 1311 798 1369 est
818 1305 1006 1388 hypostatice
1027 1305 1163 1385 spiritns
1179 1302 1230 1365 ho-
1282 1303 1408 1367 ocniens
1437 1302 1581 1380 abolevit,
1616 1304 1717 1369 uitam
1744 1300 1833 1367 nobis
1859 1302 1896 1365 in
1924 1300 2034 1365 lucem
2061 1300 2265 1381 produxitd

247 1394 356 1471 minis,
381 1397 461 1455 etse
482 1390 572 1455 nobis
593 1391 640 1455 ita
661 1411 733 1455 rere
754 1392 974 1456 communicat:
1002 1390 1082 1455 sieut
1103 1388 1230 1453 rubum
1282 1387 1555 1453 immortalitatem.
1603 1388 1757 1469 Quomodo
1770 1407 1833 1469 per
1853 1392 1991 1452 martene
2013 1386 2180 1451 meite
2199 1404 2267 1461 ενοι,

248 1477 314 1545 Dei
335 1483 380 1542 est
397 1476 585 1558 hypostatice
606 1476 702 1551 lemnio,
725 1482 755 1540 et
774 1497 808 1541 se
827 1476 916 1541 nobis
936 1478 982 1540 ita
1004 1496 1073 1540 nere
1095 1494 1229 1540 conemu-
1282 1475 1337 1555 qni
1358 1473 1470 1538 martie
1490 1472 1619 1539 habehat
1639 1474 1823 1554 imperium,
1851 1473 1886 1537 id
1907 1477 1964 1550 est,
1987 1470 2172 1548 diabolum
2192 1470 2267 1536 eth'-

248 1564 342 1629 nicat.
389 1561 477 1626 Sient
506 1566 550 1625 est
577 1562 614 1624 in
640 1561 729 1627 nobis
757 1562 953 1627 elementaris
975 1563 1043 1625 eins
1063 1581 1154 1637 caro,
1182 1560 1230 1623 ita
1282 1558 1368 1625 beros
1384 1559 1523 1625 reddidit
1539 1561 1682 1624 seruituti
1698 1560 1807 1624 mortis
1824 1557 2004 1623 obnoxios?
2043 1556 2209 1638 meodo
2222 1574 2267 1619 nos

247 1654 276 1714 ct
297 1647 493 1713 emundaris
519 1647 662 1727 spiritns.
712 1647 765 1712 Aa
791 1648 847 1712 ilio
878 1647 1035 1712 increatae
1061 1647 1143 1712 lucis
1167 1643 1231 1726 ful·
1282 1646 1433 1709 insnum
1461 1645 1583 1710 coeleste
1611 1666 1741 1729 repnum
1767 1645 1880 1722 mend,
1908 1644 1999 1708 etin
2027 1640 2215 1708 coelestibus
2231 1661 2269 1706 se

247 1753 322 1817 pore
344 1734 530 1797 immutatur
552 1732 589 1795 in
614 1753 631 1797 s
656 1733 735 1797 iritu
760 1738 867 1799 nostro
890 1734 987 1814 prior
1008 1737 1129 1798 mentae
1151 1731 1230 1797 lueis
1282 1731 1354 1796 dere
1374 1729 1472 1811 fecit?
1505 1732 1624 1796 Annon
1644 1751 1743 1813 usque
1763 1731 1807 1795 od
1827 1734 1960 1795 mortun
1985 1726 2119 1793 Christi
2140 1726 2269 1810 repascit

246 1820 358 1901 forma,
383 1819 509 1900 ipseque
526 1822 597 1881 tunc
611 1754 728 1882 Christi
745 1819 862 1901 inteper
882 1819 1017 1900 spiritns
1034 1818 1230 1900 adimipitnr,
1283 1816 1392 1880 mors?
1426 1815 1545 1881 Annon
1555 1823 1668 1897 potres
1685 1836 1790 1881 omnes
1804 1816 1936 1897 fuerunt
1953 1818 2057 1879 antea
2075 1812 2269 1896 ininferna?

247 1906 329 1969 siecd
351 1904 473 1986 intepra
502 1922 583 1967 coro.
618 1903 705 1968 .Hoc
732 1909 767 1967 tn
782 1904 880 1984 plone
900 1924 963 1968 non
984 1904 1149 1986 intellipis‚
1178 1920 1232 1967 nec
1286 1901 1361 1966 Solo
1389 1922 1475 1967 mors
1504 1901 1621 1968 Christi
1648 1903 1807 1980 infernum
1832 1902 2007 1983 adstrepit,
2035 1906 2066 1966 et
2084 1900 2271 1982 paradisum

247 1990 385 2071 crealiter
406 1990 515 2053 antima
536 1994 645 2052 nostra
658 1987 818 2053 Chr-istum
835 1990 1085 2056 substantialiter
1107 1989 1230 2053 induat.
1284 1988 1418 2067 operuit.
1464 1986 1615 2068 Cupiebot
1638 1986 1763 2052 Paulus
1783 1987 1929 2064 dissolui,
1960 1991 1993 2050 et
2015 2007 2089 2051 esse
2120 2006 2195 2051 moa
2213 2006 2271 2050 min

248 2074 369 2157 Ropas,
398 2074 452 2138 ubi
473 2075 577 2138 cloecat
599 2074 752 2151 Ioarenes,
787 2076 865 2141 tales
886 2096 943 2139 nos
970 2096 1036 2140 esse
1060 2077 1094 2138 in
1115 2073 1231 2138 mundo
1287 2072 1417 2151 Christo,
1440 2074 1474 2136 in
1489 2074 1656 2153 paradiso,
1676 2073 1758 2155 quod
1772 2072 1922 2154 patribus
1946 2072 2031 2137 olim
2048 2092 2121 2138 non
2138 2073 2269 2139 dabatur.

249 2160 319 2237 hoc,
352 2160 461 2240 qualis
494 2164 538 2223 est
570 2160 639 2240 ipse
670 2158 840 2225 Christus?
893 2160 997 2226 Verba
1030 2162 1099 2225 eins
1132 2158 1233 2239 capite
1287 2156 1324 2222 Si
1351 2178 1424 2221 caro
1453 2157 1572 2223 Christi
1601 2164 1645 2222 cst
1672 2178 1741 2223 uere
1768 2159 1868 2236 cibus,
1902 2163 1951 2222 est
1979 2179 2057 2224 vere
2088 2160 2271 2224 aliniadrrm

250 2250 361 2328 quarto
384 2244 510 2324 prioris
536 2245 685 2325 epistolae
706 2251 780 2309 siant
801 2245 890 2311 hoec:
926 2246 1096 2311 Fiduciam
1118 2245 1229 2308 habea·
1286 2242 1324 2307 Si
1345 2249 1481 2308 estsere
1503 2244 1692 2323 adimendum,
1714 2244 1781 2323 ille,
1808 2244 1864 2325 qni
1887 2263 1925 2308 ca
1949 2246 2125 2325 nutritur,
2150 2246 2272 2328 efficitur

247 2351 320 2395 mus
342 2331 386 2394 od
407 2331 491 2394 diem
512 2330 635 2407 indicii,
658 2332 735 2409 onia
753 2332 835 2395 sient
852 2332 905 2396 ille
921 2337 973 2407 est,
996 2338 1024 2395 ct
1044 2352 1100 2395 nes
1121 2347 1232 2395 sumen
1282 2328 1530 2393 substantialiter
1550 2350 1651 2394 unnim
1671 2350 1741 2394 cnm
1760 2328 1892 2394 Christo.
1929 2329 2165 2397 Substantiahi
2185 2337 2272 2396 arun

252 2418 287 2480 in
304 2415 422 2479 mundo
440 2415 502 2478 hoc.
535 2413 745 2479 Hebraismns
764 2416 912 2497 frequens
928 2423 973 2482 est
992 2422 1020 2480 et
1036 2416 1232 2497 manifestus,
1283 2414 1336 2479 hoc
1357 2415 1466 2479 carnis
1493 2412 1610 2480 Christi
1632 2415 1697 2480 cibo
1719 2436 1779 2480 non
1799 2421 1843 2480 est
1863 2435 1946 2480 usus
1967 2421 2051 2495 [pap
2075 2422 2158 2497 613]
2182 2416 2272 2482 Abra

249 2506 284 2565 ut
306 2500 356 2564 hic
377 2500 501 2563 dicatur
529 2501 613 2571 sicut,
630 2499 698 2575 iile,
727 2502 805 2582 quia
827 2507 871 2566 est
892 2508 972 2567 sorte
993 2504 1114 2579 eadem,
1146 2505 1230 2565 static
1282 2500 1371 2563 ham:
1382 2503 1631 2581 praestantiores
1647 2502 1744 2584 ipitur
1765 2521 1877 2565 sumus
1893 2521 1964 2566 nos.
2013 2503 2104 2569 Illos
2116 2521 2272 2568 omnesnos

248 2592 277 2650 et
298 2586 473 2649 conditione
494 2585 578 2650 talis·
613 2585 724 2665 Qualis
746 2591 791 2650 est
813 2587 945 2653 coelestis
967 2589 1027 2666 ille,
1046 2587 1124 2651 tales
1141 2592 1169 2651 et
1186 2585 1229 2661 hi,
1276 2585 1515 2666 praecellimus:
1553 2588 1628 2668 quia
1661 2588 1799 2652 rooirdum
1825 2587 1869 2650 ad
1896 2606 1953 2651 eos
1982 2595 2128 2653 oenmat
2161 2606 2271 2674 rephun

248 2671 305 2753 qui
319 2671 343 2753 ¹)
366 2670 506 2735 coelestes
535 2674 618 2747 sunt,
648 2676 677 2734 1.
705 2669 773 2737 Car.
799 2678 851 2737 15.
902 2673 990 2738 Haec
1010 2679 1056 2738 est
1079 2672 1181 2738 Paulo
1203 2675 1231 2735 et
1284 2669 1412 2749 Christi,
1440 2692 1494 2735 nec
1507 2672 1616 2754 'pharia
1643 2674 1881 2738 resurrectionis
1903 2674 1989 2738 eius.
2042 2675 2156 2755 Nunc,
2178 2676 2269 2757 inquit,

248 2755 367 2822 Ioanni
386 2754 506 2835 fiducia
527 2756 716 2834 certissima,
745 2757 837 2822 talem
866 2760 902 2823 in
934 2778 967 2824 se
988 2758 1098 2824 trabere
1122 2757 1230 2823 Chris·
1281 2756 1399 2820 iudicio
1422 2756 1544 2822 tolletur
1565 2778 1669 2823 carcer
1692 2757 1838 2826 Satanae.
1886 2763 1991 2830 Nune
2008 2770 2175 2854 princeps
2194 2779 2271 2847 pm

248 2846 323 2920 tuni,
346 2840 454 2922 qualis
476 2842 544 2920 ipse
565 2846 610 2905 est
631 2843 667 2906 in
686 2843 798 2925 phorio.
840 2843 955 2908 Veram
971 2846 1059 2928 repni
1080 2846 1148 2908 eius
1167 2842 1230 2925 plo-
1282 2842 1393 2906 mundi
1415 2842 1556 2907 eiicietur
1575 2844 1672 2925 foros.
1706 2844 1751 2910 Et
1772 2866 1825 2930 epo
1842 2849 2013 2916 exaltatus
2035 2878 2099 2921 cos
2122 2861 2168 2924 ad
2186 2868 2269 2930 mot„

249 2929 335 2992 riam
358 2932 386 2990 et
401 2930 529 3009 pastum
550 2928 618 2993 iarn
638 2948 722 2993 nunc
742 2928 777 2992 in
798 2929 918 2994 interno
935 2930 1057 2993 homine
1073 2928 1229 2994 habemus.
1283 2927 1399 2991 coelum
1427 2926 1561 2992 traham.
1615 2930 1691 2997 Post
1716 2938 1844 2997 onmem
1874 2940 2064 3005 sacerdotis
2095 2953 2204 3031 moyen·
2227 2972 2268 3017 ooo

253 3014 340 3094 Quae
361 3032 413 3076 res
430 3012 638 3076 certissimam
658 3012 748 3078 nobis
763 3014 843 3096 facit
859 3015 897 3079 de
915 3015 1024 3097 fodero
1041 3035 1133 3099 repno
1148 3013 1230 3094 fidu·
1282 3031 1394 3077 sumus
1415 3016 1533 3078 reuersi
1554 3016 1597 3080 od
1612 3017 1754 3097 priorem
1769 3022 1927 3098 paradisi
1945 3031 2198 3106 possessionm
2222 3060 2266 3103 ‚m

249 3099 340 3164 ciam
386 3096 428 3160 In
447 3097 510 3175 hoc,
540 3098 587 3161 ait
610 3097 763 3178 Ioannes,
791 3119 857 3164 esse
874 3102 1045 3183 perfectam
1066 3101 1229 3166 caritatem
1283 3103 1362 3162 onte.
1415 3098 1480 3164 Per
1507 3107 1634 3166 mortem
1661 3104 1729 3166 eins
1749 3110 1794 3168 est
1815 3113 1929 3185 aperta
1953 3114 2014 3177 oio
2046 3089 2226 3189 samm}
2241 3126 2264 3187 ᾗ,

248 3183 416 3259 uobiscum,
437 3184 622 3264 qualisnam
641 3185 705 3266 suit
726 3185 913 3266 temporibus
929 3192 1069 3268 patrum.
1116 3184 1229 3250 Nobis·
1281 3184 1389 3264 ipsum
1409 3184 1535 3250 eoelum.

250 3288 336 3347 cnm,
370 3269 427 3349 oni
455 3269 649 3334 credidimus
657 3272 686 3353 ²)
714 3269 790 3335 Iesu
820 3269 958 3351 Christo,
989 3273 1058 3353 filio
1085 3272 1165 3345 Dei,
1194 3272 1230 3334 in

249 3355 320 3419 eius
348 3355 489 3419 adoernn
536 3353 611 3436 lpse
640 3357 724 3420 enim
751 3357 877 3422 ominus
902 3359 1025 3438 foedere
1054 3378 1130 3423 novo
1157 3356 1231 3437 fecit

249 3439 339 3504 nobis
361 3440 468 3504 ononia
489 3460 583 3518 rocca,
613 3445 644 3503 2.
669 3440 737 3507 Cor.
762 3443 791 3505 5.
850 3444 1044 3508 Testamenta
1065 3464 1146 3509 noua
1168 3442 1230 3506 ini·
1447 3442 1681 3511 EPISTOLA
1702 3448 1887 3514 DECIMA
1911 3451 2121 3535 QUINTA,

250 3527 343 3589 tinnit
363 3525 452 3589 nobis
472 3527 557 3588 oium
578 3546 692 3589 ironam
713 3532 740 3589 et
759 3529 915 3607 virentem,
938 3529 1015 3594 [Ich.
1040 3535 1092 3594 10.
1144 3528 1231 3609 Erpa

251 3611 318 3675 nita
340 3610 413 3674 hinec
435 3631 497 3673 non
519 3615 655 3674 eroaricus
676 3617 767 3676 anteo
788 3634 850 3678 non
872 3620 946 3694 erat,
969 3617 1000 3679 si
1021 3620 1181 3693 nicomed,
1204 3617 1232 3676 et
1372 3615 1647 3698 Reperterationem
1670 3638 1777 3683 veram
1794 3623 1936 3687 riorrdum
1960 3648 1996 3691 es
2020 3636 2258 3715 asseqnntnssi

251 3715 320 3760 earn
334 3694 479 3789 Christus
499 3695 588 3759 nobis
609 3698 757 3762 initiavit.
795 3700 845 3763 Tu
861 3722 931 3764 oero
948 3701 1075 3766 iudaice
1097 3701 1231 3781 quodam
1282 3706 1333 3767 eut
1354 3722 1409 3766 nec
1430 3722 1561 3784 rep-num
1586 3702 1705 3769 Christi
1732 3705 1863 3770 coeleste.
1918 3688 2257 3801 Repenerationrmfe

253 3784 329 3859 [pag.
355 3785 431 3858 612]
460 3781 525 3845 selo
546 3782 793 3861 seandolieoris‚
821 3791 849 3849 et
870 3788 1018 3851 conciciis
1044 3807 1092 3850 me
1115 3786 1231 3862 obruis,
1283 3793 1345 3852 teor
1364 3808 1425 3851 non
1442 3794 1592 3852 erronee-nto
1607 3791 1729 3870 perfici,
1752 3792 1889 3872 irrupere
1905 3800 2021 3863 tamen
2041 3811 2125 3869 certo
2140 3812 2251 3887 hmpnn

252 3868 335 3947 quod
361 3886 431 3929 cnm
454 3865 575 3931 Christo
595 3868 714 3945 dicam,
744 3889 828 3947 erim,
855 3872 911 3951 orci
939 3873 1094 3935 minimus
1125 3878 1169 3935 est
1197 3872 1231 3933 in
1282 3874 1378 3953 idone
1395 3875 1430 3936 in
1447 3873 1568 3938 tremine
1589 3876 1752 3940 uerborum
1771 3877 1853 3942 citae
1870 3899 1990 3961 capace
2023 3889 2106 3967 fidei
2119 3894 2142 3976 ¹)
2159 3852 2256 3972 capaci

252 3973 345 4036 repno
371 3952 440 4031 hoe,
469 3972 534 4016 esse
560 3954 723 4051 maiorem,
757 3975 853 4035 arcam
873 3957 971 4035 licerit
992 3957 1174 4021 Abraham:
1205 3960 1232 4019 ct
1256 3910 1259 4001 l
1284 3978 1380 4037 quum
1400 3958 1480 4039 (ides
1501 3962 1544 4024 sit
1561 3962 1675 4026 ostium
1696 3964 1783 4045 repni
1804 3935 2000 4034 monronis
2023 3976 2148 4042 Ariston
2165 3985 2255 4043 certon

252 4039 334 4119 quod
364 4059 433 4100 cirin
464 4037 568 4103 Paulo
596 4040 715 4117 clicone,
750 4040 972 4105 Abroharnnru
999 4043 1106 4123 ipsum
1131 4044 1232 4123 t'uissc
1285 4050 1329 4108 est
1351 4050 1479 4125 tempus,
1503 4048 1656 4127 paeonis
1677 4048 1829 4112 uocatur?
1859 4072 1921 4132 ouo
1945 4076 1987 4119 etc
2012 4060 2138 4128 iniusto
2156 4064 2192 4143 fit
2207 4066 2254 4125 foe

253 4124 418 4187 carnalem.
473 4123 572 4187 Verba
596 4122 732 4201 Christi,
760 4147 782 4188 a
802 4147 850 4191 ine
878 4129 945 4190 iam
972 4128 1260 4209 alibipherieirr-1
1285 4130 1360 4192 tus?
1392 4150 1430 4192 en
1459 4150 1520 4194 non
1549 4133 1686 4197 credente
1713 4135 1864 4199 credens?
1920 4137 2060 4209 Certum
2084 4154 2200 4230 tempus
2216 4154 2252 4213 cs.

251 4209 360 4285 ducta,
399 4228 481 4271 necne
514 4210 624 4273 arrritto.
684 4210 787 4273 Verba
824 4212 922 4276 Pericli
956 4213 1126 4293 niauisesta
1159 4215 1233 4275 sient
1284 4235 1343 4295 qno
1371 4217 1447 4295 quis
1474 4218 1674 4296 corrnertitur,
1703 4239 1762 4299 quo
1784 4242 1804 4283 a
1828 4220 1960 4290 Christo
1981 4240 2139 4305 sanatur,
2169 4241 2252 4315 etqua

254 4293 343 4357 Roni.
380 4298 417 4355 t:
468 4293 552 4373 chid
590 4296 687 4376 ipitnr
723 4296 861 4360 dicemus
890 4298 1068 4377 Abraham,
1106 4303 1232 4379 patrem
1283 4301 1483 4363 remittantur
1505 4303 1534 4364 ei
1552 4309 1695 4382 peecata,
1717 4310 1751 4367 ut
1768 4307 1815 4369 ait
1832 4309 1901 4387 ipse
1922 4311 2081 4383 Chr-istus
2100 4320 2202 4385 Motth.
2222 4322 2252 4381 13

253 4385 400 4456 nostrone,
424 4380 580 4443 irremisse
602 4382 771 4445 secundum
788 4384 936 4446 caricem?
983 4385 1056 4447 Non
1079 4387 1124 4448 ait
1143 4403 1232 4466 proc·
1284 4386 1490 4450 illiderent
1539 4390 1674 4469 Tempus
1700 4396 1814 4455 cortrone
1843 4399 2047 4467 mutationis
2095 4405 2251 4471 ettranslo·

252 4484 306 4528 cns
327 4466 431 4541 coelen,
447 4470 572 4544 patroni
590 4467 759 4530 secundum
776 4487 910 4546 carnem,
933 4471 987 4534 sed
1009 4472 1164 4533 invenisse
1185 4490 1231 4532 se·
1283 4474 1379 4536 tionis
1396 4478 1526 4545 nostrae,
1551 4476 1619 4539 eide
1631 4476 1712 4559 Eph.
1732 4480 1763 4554 2,
1790 4475 1851 4544 (ht.
1872 4487 1893 4544 1
1914 4491 1945 4548 et
1961 4491 1989 4548 2
2008 4495 2039 4552 ct
2052 4455 2131 4557 hltbi
2142 4492 2248 4573 passim.

252 4551 387 4646 corridum
405 4570 538 4627 ccrrneno,
561 4549 714 4633 εὑρηκέναι
732 4551 805 4614 κατὰ
825 4553 970 4637 odorae)
1007 4554 1061 4617 Ea
1078 4557 1129 4633 iis,
1153 4575 1232 4635 quoe
1287 4558 1411 4623 Certum
1429 4565 1473 4623 cst
1495 4565 1615 4640 ternpus
1637 4583 1696 4641 qno
1718 4564 1867 4645 infirmus
1895 4570 2043 4640 diruisse
2064 4579 2147 4658 febre
2166 4576 2249 4656 incipit

252 4656 288 4697 m
309 4656 377 4714 ipso
400 4634 584 4698 Abrcehanio
615 4639 783 4702 secundnm
813 4659 939 4703 carnem
959 4646 1045 4722 posta
1069 4646 1155 4717 sunt,
1184 4661 1232 4704 os·
1284 4646 1439 4722 renovari,
1462 4647 1518 4727 qni
1540 4654 1568 4710 ct
1582 4655 1693 4728 postea
1713 4653 1816 4733 inopis
1834 4653 1877 4716 ud
1895 4657 2116 4728 valetudinem
2130 4666 2248 4727 nsaiano

253 4720 388 4783 tenditur
410 4719 456 4783 ibi
477 4722 697 4801 spiritualium
719 4730 820 4805 typus,
846 4730 927 4789 sient
949 4727 1025 4789 alibi
1053 4728 1089 4789 in
1113 4726 1233 4790 Israilc
1285 4731 1321 4792 in
1347 4733 1414 4796 dics
1444 4738 1617 4797 rerioaatur.
1669 4735 1886 4818 Reperreratio‚
1919 4748 1949 4806 et
1976 4753 2140 4815 remoratio
2158 4750 2247 4813 dicitnr

254 4805 378 4869 carnali
408 4812 435 4869 ct
456 4807 587 4871 Aorrure
609 4810 733 4873 carnoh'-
756 4811 926 4875 ostenditur
953 4814 1059 4894 tipura
1080 4813 1232 4894 spirituo-
1286 4816 1322 4877 in
1352 4818 1521 4895 baptismo,
1557 4820 1642 4901 febre
1669 4804 1778 4885 retortis
1806 4825 1962 4897 dimisso.
1994 4840 2023 4896 ct
2053 4842 2164 4918 accepite
2188 4835 2246 4896 ritae

1286 4902 1418 4981 spiritu,
1449 4924 1485 4965 oc
1512 4908 1637 4988 repam)
1666 4909 1801 4973 coelestis
1831 4900 1976 4980 introitu.
2026 4921 2105 5005 Lepi·
2130 4914 2246 5003 qnnhod
2309 4913 2310 4990 ἶ

324 5021 353 5085 1)
373 5025 470 5090 quiet.

321 5088 351 5151 2)
371 5092 510 5147 eredimus.
1257 5106 1260 5137 ¹
1353 5105 1382 5167 lh
1402 5105 1526 5175 fideique.

321 5158 351 5224 3)
374 5159 481 5215 Gracco
498 5177 548 5215 om.
569 5162 631 5214 MS.
1352 5172 1383 5239 ⁶2)
1401 5177 1481 5230 vitae.
