4620 5894
143 236 208 311 ’838
895 228 1146 300 ADVERSUS
1169 232 1207 299 P.
1231 230 1409 299 GAROLI
1873 302 1876 307 ,
2096 231 2161 296 336

144 432 200 498 nis
215 427 382 495 recordari
400 444 592 509 quaesaepe
615 418 726 490 audiri
745 423 785 489 de
811 424 851 488 iis
874 423 930 507 qui
943 421 1126 488 adfuerant
1179 442 1284 487 annos
1305 427 1374 486 tres
1401 429 1514 487 sancte
1535 421 1678 498 iuraret,
1707 426 1839 486 tecum
1867 417 2065 503 quibusdam
2085 417 2161 485 aliis

144 515 307 599 Colligam
330 519 440 577 888888
460 512 564 595 magis
580 509 734 595 insignia,
758 508 876 592 quibus
898 528 975 573 enm
990 507 1127 572 Viretus
1179 507 1248 572 tuis
1278 505 1446 572 sodalibus
1474 505 1650 572 consilium
1676 505 1773 570 iniise
1800 504 1841 571 de
1876 504 2046 571 sacerdote
2074 503 2162 569 olam

144 601 327 668 ministerio
338 596 591 682 indignumcsse
602 596 751 662 convicit.
760 595 919 660 Narravit
928 594 1128 677 piumquen-
1180 592 1336 672 necando,
1359 590 1446 675 quod
1466 593 1565 657 nimis
1586 591 1762 675 garrulum
1771 613 1844 657 esse
1855 590 2016 669 diceretis,
2039 610 2083 655 ne
2100 611 2162 657 sua

144 687 223 753 dsm
240 687 350 751 tirum
364 683 626 750 circumventum
639 682 680 748 ab
698 701 737 746 eo
755 681 866 759 fuisse,
879 700 983 764 quum
992 688 1127 745 888888-
1178 679 1378 761 loquacitate
1400 699 1458 744 vos
1479 679 1515 742 in
1537 677 1720 761 periculum
1736 678 1892 743 traheret
1938 677 1990 741 Tu
2010 695 2102 754 vero,
2125 695 2163 741 os

145 772 726 853 lamauream,quaequatuoraureos
739 774 884 833 scutatos
898 764 1070 849 pendebat,
1086 764 1128 830 ab
1178 765 1357 847 impurum,
1381 785 1440 829 nos
1462 764 1543 830 facis
1565 762 1730 829 Arianos?
1754 763 1791 828 in
1811 764 1928 846 quibus
1950 761 2035 827 nihil
2056 760 2161 827 habes

145 879 185 926 eo
208 857 329 941 partim
352 854 534 933 blanditiis,
563 854 686 937 partim
708 853 847 936 imperio
871 852 1060 918 abstulisset
1088 869 1127 915 ao
1179 848 1974 935 quodreprehendas,nisiquoddivinamOhristi
1983 848 2164 914 essentiam

168 943 244 1010 retii
262 942 332 1008 loeo
346 941 499 1007 solvisset
512 938 593 1005 duos
609 946 781 1006 coronatos
798 938 968 1003 duntaxat
1002 937 1127 1002 Narra·
1179 938 1367 1019 exprossius
1384 937 1669 1020 asserimusquam
1681 935 1740 1000 tibi
1748 935 1947 1001 adlubescet
1977 934 2162 1001 Haeotnnc

189 1029 329 1095 tetiam
347 1025 483 1091 minime
501 1046 559 1108 per
582 1046 660 1090 eum
678 1026 818 1105 stetisse,
841 1046 904 1107 quo
925 1024 1036 1088 minus
1054 1043 1128 1088 eam
1180 1021 1351 1102 Calvinus,
1374 1034 1411 1087 ut
1429 1022 1548 1088 audivi.
1594 1022 1691 1087 Nunc
1710 1022 1811 1087 etiam
1832 1021 1887 1088 hic
1909 1022 2023 1087 thraso
2044 1020 2164 1086 haere·

144 1114 335 1182 catenadam
362 1113 398 1176 in
420 1112 503 1178 collo
530 1119 677 1194 gestaret
703 1132 801 1189 uxor,
828 1111 918 1177 acsi
943 1108 1025 1174 illud
1047 1108 1128 1173 tole·
1181 1109 1262 1174 ticos
1284 1108 1493 1191 superciliose
1514 1108 1726 1191 pronunciat,
1754 1108 1788 1172 in
1816 1109 1933 1190 quibus
1954 1129 1997 1172 ne
2021 1107 2163 1172 minima

145 1201 250 1267 rabile
272 1208 361 1265 esset
382 1198 417 1262 in
438 1216 541 1262 uxore
562 1197 772 1264 ecclesiastici
795 1197 945 1280 pastoris.
982 1193 1130 1260 Protulit
1181 1193 1313 1277 quidem
1339 1195 1479 1277 suspicio
1501 1194 1697 1277 impietatis,
1725 1214 1826 1277 quam
1847 1193 1929 1258 falso
1950 1192 2018 1258 illis
2039 1193 2164 1277 impin·

147 1284 266 1352 deinde
298 1286 428 1367 insigne
461 1284 639 1367 flagitium,
674 1283 760 1365 quod
794 1282 921 1361 ebrius,
955 1302 1023 1344 non
1057 1281 1128 1344 sinc
1181 1280 1244 1364 git,
1276 1280 1413 1346 haerere
1432 1287 1555 1363 potest,
1579 1288 1614 1344 et
1635 1278 1797 1363 gloriatur
1819 1301 1855 1345 se
1876 1278 1953 1345 fidei
1976 1286 2163 1363 patronum,

147 1373 295 1439 oninium
322 1371 408 1443 risu,
442 1368 483 1434 ab
510 1368 773 1434 adolescentibus
802 1369 966 1450 protervis
994 1365 1128 1430 domum
1181 1366 1239 1448 qui
1260 1366 1435 1450 religiones
1456 1386 1570 1431 omnes
1597 1387 1656 1449 pro
1684 1365 1803 1431 fabulis
1831 1365 1962 1443 habeat,
1992 1365 2164 1448 plurisque

145 1457 300 1525 reduetus
323 1466 417 1522 esset.
453 1454 522 1518 Vix
544 1475 628 1537 puer
648 1466 719 1519 erat
741 1453 897 1520 decennis
919 1455 1128 1530 Lausannae,
1181 1449 1308 1517 abbatis
1329 1453 1426 1518 unius
1449 1453 1592 1517 culinam
1614 1471 1713 1534 quam
1735 1459 1907 1517 aeternum
1929 1451 2011 1519 coeli
2028 1450 2164 1517 domici·

168 1546 203 1610 ui
230 1542 374 1609 noseiret
400 1539 624 1624 spectaculum
650 1540 732 1604 illud
760 1547 871 1605 tantae
897 1537 1129 1606 obscoenitatis
1181 1536 1263 1601 lium
1290 1544 1324 1603 et
1357 1538 1594 1603 haereditatem
1627 1538 1721 1603 nobis
1749 1557 1769 1600 8
1797 1537 1933 1603 Christo
1968 1539 2166 1621 acquisitam

146 1566 305 1696 barolum
332 1628 454 1711 populo
483 1626 680 1709 praebuisse.
727 1624 940 1706 Quinetiam
962 1623 1129 1689 recensuit
1182 1622 1286 1689 faciat.
1332 1621 1389 1690 Sic
1412 1634 1523 1690 autem
1544 1645 1598 1689 res
1619 1622 1743 1688 habuit.

147 1715 253 1781 multa
269 1713 430 1797 exempla,
449 1712 539 1777 unde
555 1718 722 1778 constaret
740 1710 896 1777 Oarolum
915 1710 1015 1775 nimis
1031 1729 1129 1791 saepo
1268 1706 1412 1775 Senatus
1435 1711 1582 1792 partibus
1605 1709 1725 1775 auditis
1747 1718 1780 1774 88
1799 1731 1898 1776 causa
1919 1712 1982 1776 rite
2003 1711 2163 1793 discussa,

148 1801 267 1866 avino
290 1799 410 1881 decipi,
441 1818 502 1864 nee
525 1798 588 1863 sibi
616 1806 729 1863 tamen
750 1820 845 1882 posse
872 1818 999 1864 cavere.
1042 1795 1130 1859 Nam
1181 1794 1367 1874 Farellum,
1396 1795 1572 1862 Calvinum
1595 1806 1629 1860 et
1647 1796 1802 1861 Viretum
1821 1818 1921 1879 puros
1944 1804 1978 1863 et
1997 1797 2165 1865 immunes

149 1894 184 1952 et
204 1885 266 1951 hoc
288 1885 360 1951 vitii
381 1882 480 1948 habet
501 1882 587 1967 quod
611 1885 803 1950 ebrietatem
822 1905 915 1949 suam
938 1892 1049 1966 tegere
1071 1902 1129 1946 ne·
1182 1879 1222 1944 ab
1245 1881 1418 1947 haereseos
1438 1890 1525 1959 nota,
1549 1903 1648 1965 quam
1667 1881 1733 1947 illis
1751 1881 1892 1948 Oarolus
1913 1884 2048 1949 inurere
2066 1906 2166 1950 oona·

148 1970 229 2056 quit.
274 1969 440 2036 Indicavit
462 1979 634 2053 praeterea
661 1991 815 2035 arcanam
837 1970 1037 2054 pactionem,
1067 1988 1130 2050 qua
1182 1974 1235 2031 tus
1258 1982 1338 2045 erat,
1362 1969 1607 2050 pronunciavit,
1630 1989 1691 2033 noc
1709 1967 1789 2033 alios
1808 1969 1870 2034 sibi
1889 1971 2037 2053 cognitos
2061 1991 2164 2054 quam

148 2068 357 2141 transegerat
384 2053 522 2121 Carolus
555 2077 630 2121 cum
657 2057 804 2121 Martino
835 2055 974 2139 quodam
1008 2053 1131 2117 famulo
1154 2076 1158 2181 8
1182 2075 1281 2117 88888
1303 2063 1337 2118 88
1358 2053 1559 2118 orthodoxae
1582 2053 1765 2133 doetrinae,
1789 2054 1945 2120 Carolum
1964 2077 2060 2132 vero,
2089 2066 2165 2122 tan·

151 2149 227 2223 [pag.
251 2148 306 2221 88]
330 2162 403 2219 888,
432 2152 470 2205 88
497 2141 558 2207 sibi
587 2164 733 2207 annuam
762 2163 804 2206 ex
832 2140 1020 2208 sacerdotiis
1049 2160 1130 2221 pen·
1155 2190 1158 2249 Ι
1182 2160 1281 2221 quam
1291 2138 1571 2218 calumniatorem,
1591 2145 1768 2222 etpropter
1786 2141 1852 2205 alia
1867 2141 2001 2225 flagitia,
2021 2148 2096 2221 [pag.
2109 2148 2164 2223 87]

150 2231 276 2295 sionem
303 2227 452 2294 88188888.
497 2227 550 2292 188
576 2248 677 2310 quum
709 2227 886 2293 honestum
919 2225 1057 2291 haberet
1090 2225 1131 2289 ab
1155 2252 1158 2265 ·
1183 2224 1305 2289 finibus
1331 2224 1400 2290 suis
1431 2226 1529 2290 iussit
1562 2223 1729 2290 excedere.
1774 2227 1847 2292 Hoo
1878 2228 2167 2294 senatusconsulto

149 2315 287 2382 ecelesia
309 2311 518 2397 stipendium,
541 2312 627 2396 quod
648 2313 766 2378 saltem
787 2312 829 2377 ad
850 2312 995 2396 frugales
1018 2332 1132 2393 sump-
1183 2310 1320 2376 recitato
1332 2310 1507 2377 deiectusa
1527 2312 1667 2393 pristina
1684 2313 1804 2378 ferocia
1816 2313 2031 2397 etperoulsus
2042 2334 2167 2398 magna

148 2408 203 2468 tus
225 2402 405 2477 sufficeret,
429 2420 506 2464 eum
527 2420 569 2463 ex
592 2398 773 2482 sacrilegiis
795 2399 954 2464 luxuriari
978 2396 1130 2463 ostendit.
1183 2396 1350 2462 anxietate
1372 2398 1498 2481 agitare
1520 2419 1579 2480 per
1600 2398 1774 2481 quemdam
1796 2420 1893 2463 suum
1915 2401 2076 2466 fautorem
2094 2423 2167 2468 coe-

1185 2483 1234 2565 pit
1263 2492 1300 2546 ut
1327 2504 1433 2566 poena
1460 2483 1518 2548 illa
1539 2485 1757 2567 mitigaretur.
1807 2484 1957 2552 Adlatum
1987 2499 2038 2551 est
2063 2488 2167 2573 igitur

236 2572 345 2651 Haec,
380 2594 422 2637 ex
450 2571 603 2656 gravium
637 2570 773 2635 testium
799 2570 923 2650 relatu,
958 2571 1133 2653 praecipua
1184 2571 1292 2652 ipsum
1308 2591 1383 2635 cum
1399 2569 1532 2635 Farello
1550 2583 1583 2636 et
1600 2570 1734 2654 collegis
1752 2571 2049 2639 reconciliationem
2066 2594 2168 2657 quae·

150 2659 252 2725 luisse
274 2658 432 2807 88881888,
454 2678 538 2741 8888
556 2656 693 2721 Viretus
716 2656 751 2720 in
770 2655 890 2723 Carolo
908 2654 1131 2739 reprehendit,
1185 2676 1266 2721 rere.
1301 2654 1367 2721 Hic
1389 2656 1471 2720 mihi
1495 2656 1589 2735 dicat,
1613 2658 1641 2722 si
1662 2655 1796 2722 tenebat
1814 2677 1869 2723 eos
1888 2658 2070 2725 Arianismi
2088 2680 2168 2725 oon-

150 2765 340 2828 quanquam
368 2746 449 2808 888
476 2743 651 2825 plerasque
684 2743 774 2808 vitae
807 2742 878 2808 eius
901 2741 1048 2808 maculas
1075 2740 1130 2805 de·
1186 2743 1301 2820 victos,
1324 2763 1383 2807 cur
1405 2742 1581 2808 ministerii
1603 2744 1793 2809 societatem
1811 2766 1887 2810 cum
1903 2743 1970 2811 illis
1992 2754 2168 2830 tantopere

151 2831 238 2895 texit
258 2838 291 2894 et
312 2829 453 2913 ineptias
475 2829 510 2892 in
533 2828 695 2906 doctrina,
719 2849 800 2912 quas
821 2849 992 2895 recensere
1015 2848 1133 2911 operae
1186 2825 1380 2912 expetebat?
1414 2829 1461 2893 Et
1482 2829 1510 2893 si
1531 2850 1649 2895 verum
1666 2837 1725 2909 est,
1748 2830 1834 2913 quod
1856 2853 1945 2897 nunc
1967 2831 2170 2915 persuadere

150 2917 296 3000 pretium
323 2936 391 2980 non
419 2923 477 2981 est.
523 2913 618 2997 Quae
646 2922 757 2980 autem
791 2915 917 2980 obiecta
944 2913 1006 2981 sibi
1034 2915 1134 2981 fuisse
1186 2915 1260 2980 vult
1278 2912 1476 2994 Serbonicis,
1499 2936 1633 2999 corpore
1651 2939 1686 2982 88
1706 2923 1794 2996 tunc,
1813 2915 1996 3002 etquidem
2010 2918 2168 3001 invitum,

151 3009 399 3077 commemorat,
429 3000 640 3085 impudenter
666 3002 736 3083 ipse
759 3021 819 3067 suo
844 3022 935 3067 more
963 3001 1133 3080 confinxit,
1187 3007 1356 3067 versatum
1389 3002 1489 3068 fuisse
1517 3003 1553 3066 in
1587 3003 1702 3068 castris
1729 3003 1866 3083 nostris,
1894 3005 1966 3087 quis
1988 3011 2069 3072 tuno
2091 3026 2170 3071 eum

152 3097 210 3154 sut
230 3107 290 3172 pro
313 3108 372 3152 suo
399 3086 570 3154 commodo
591 3088 627 3152 in
655 3087 801 3153 alienum
828 3108 963 3153 sensum
987 3086 1133 3152 detorsit.
1186 3085 1400 3152 morabatur?
1445 3086 1529 3152 Inde
1564 3108 1641 3172 ergo
1669 3098 1821 3172 apparet,
1854 3091 1927 3174 quis
1954 3090 2169 3157 sithominis

150 3174 266 3257 Neque
295 3194 373 3239 vero
401 3173 529 3239 consilii
558 3174 611 3238 sui
640 3174 739 3238 finem
770 3173 974 3240 dissimulat:
1011 3194 1134 3238 namo
1187 3173 1278 3238 zelus
1306 3180 1340 3238 et
1367 3195 1450 3256 quae
1485 3174 1692 3240 conscicntia.
1737 3176 1825 3241 Nam
1853 3178 1881 3242 si
1907 3183 2037 3260 guttam
2065 3197 2170 3243 unam

150 3260 318 3344 magistris
339 3260 462 3326 nostris
490 3260 632 3345 gratiam
655 3268 850 3343 aucupatur,
879 3257 966 3343 quod
987 3280 1047 3343 pro
1068 3258 1134 3324 illis
1187 3259 1335 3325 sincerae
1356 3260 1488 3342 pietatis
1510 3258 1656 3340 haberet,
1679 3261 1888 3329 moriendum
1909 3264 2033 3330 centies
2055 3263 2169 3347 potius

150 3345 280 3411 fortiter
305 3346 359 3412 vel
388 3345 503 3430 capitis
525 3347 576 3411 sui
597 3345 742 3428 periculo
769 3345 984 3413 dimicaverit.
1027 3345 1133 3428 Atqui
1185 3346 1248 3410 fuit
1268 3367 1368 3429 quam
1390 3352 1428 3410 ut
1449 3368 1525 3413 oum
1546 3348 1729 3413 manifestis
1750 3356 1783 3412 et
1806 3349 1967 3416 convictis
1988 3349 2169 3418 baeretiois

152 3438 280 3498 certum
302 3442 450 3497 osteum
478 3451 547 3496 non
569 3431 633 3497 nisi
654 3453 714 3514 pro
735 3433 853 3498 insana
872 3454 932 3499 sua
954 3432 1133 3499 ambitione
1186 3431 1294 3498 redire
1315 3433 1351 3496 in
1373 3433 1516 3515 gratiam
1538 3433 1694 3499 studeret.

152 3516 336 3582 dimicasse.
372 3517 495 3582 Postea
516 3518 750 3583 contumeliose
770 3519 944 3585 invehitur
961 3520 996 3584 in
1020 3518 1132 3585 claris·
1272 3516 1341 3584 Sed
1367 3540 1554 3602 pergamus.
1599 3520 1749 3585 Ventum
1780 3529 1832 3588 est
1863 3524 1899 3588 in
1926 3526 2168 3609 consistorium,

153 3603 275 3668 simum
302 3608 456 3666 senatum
482 3600 705 3681 Bernensem,
731 3604 817 3686 quod
844 3604 1027 3672 haereticos
1055 3604 1133 3670 reti·
1187 3606 1250 3671 hoc
1272 3613 1323 3670 888
1349 3604 1384 3669 in
1411 3604 1569 3672 iudicium
1592 3607 1756 3673 ecclesiae.
1800 3608 1874 3674 Illio
1896 3632 1992 3676 suam
2013 3620 2087 3679 tum
2108 3634 2169 3679 ne-

152 3687 265 3753 nuerit
292 3688 326 3752 in
354 3686 491 3766 honore,
519 3688 596 3754 fidei
623 3689 788 3755 vindicem
816 3698 849 3755 et
875 3698 1072 3756 assertorem
1098 3691 1134 3755 in
1186 3693 1323 3775 quitiam
1345 3693 1468 3757 iterum
1489 3691 1641 3776 prodidit.
1686 3692 1774 3759 Nam
1796 3705 1834 3760 ut
1860 3696 2046 3763 calumniae
2068 3694 2170 3766 dede·

153 3772 310 3840 exsilium
331 3773 470 3838 eiecerit.
506 3773 580 3838 Hoc
602 3773 735 3856 quidem
753 3776 825 3856 ipse
847 3775 933 3855 dicit,
957 3776 1016 3841 sed
1037 3795 1135 3840 nemo
1187 3800 1245 3844 cus
1276 3778 1418 3856 elueret,
1459 3779 1568 3860 coepit
1600 3776 1640 3842 de
1673 3779 1804 3863 integro
1832 3782 2088 3866 disputationem
2115 3808 2170 3852 re-

153 3861 185 3925 ei
206 3858 328 3926 credet
372 3858 513 3923 Memini
539 3879 593 3924 me
620 3858 734 3924 audire
755 3861 900 3940 Bernao,
928 3862 1015 3927 inter
1036 3860 1135 3925 alter·
1187 3870 1309 3928 texere.
1344 3864 1579 3929 Oonsentiebat
1599 3869 1711 3930 tamen
1732 3867 1774 3931 ad
1797 3876 1983 3935 extremum
2004 3891 2081 3937 oum
2102 3872 2171 3939 illis

154 3946 302 4014 cationes
324 3944 410 4009 hano
431 3943 480 4008 illi
502 3965 615 4009 vocem
637 3943 812 4011 excidisse:
835 3948 908 4031 Ego
931 3947 1080 4014 hiesum
1098 3954 1137 4011 ut
1188 3970 1247 4032 per
1264 3949 1383 4026 omnia,
1406 3947 1503 4013 modo
1521 3955 1715 4031 paterentur
1736 3953 1813 4018 huie
1835 3956 2029 4036 sententiae,
2053 3956 2171 4027 08888-

154 4031 369 4099 Athanasius.
414 4027 482 4095 Sed
512 4029 598 4095 hanc
624 4051 737 4097 vocem
765 4031 811 4098 sic
839 4033 940 4098 fuisse
968 4033 1136 4117 repulsam
1189 4046 1262 4100 tum
1283 4053 1355 4098 esse
1373 4032 1484 4099 Deum
1507 4057 1527 4098 a
1548 4058 1583 4101 88
1605 4037 1693 4118 ipso,
1722 4039 2028 4123 interpretationem
2055 4047 2171 4125 atteri,

154 4139 176 4183 8
197 4117 353 4195 Oalvino,
380 4122 419 4180 ut
455 4115 593 4181 stolidae
624 4137 702 4182 suae
730 4118 906 4184 iactantiae
933 4119 1030 4185 valde
1059 4140 1137 4183 cum
1189 4141 1289 4205 quam
1310 4120 1381 4202 ipse
1403 4119 1554 4186 adferret.
1599 4122 1673 4188 Hoc
1696 4146 1773 4189 vero
1795 4126 1972 4212 indignum
1985 4128 2121 4196 Farello
2137 4142 2172 4197 et

154 4203 348 4289 poeniteret.
383 4200 539 4268 Ostendit
555 4203 733 4286 enimquid
755 4206 791 4268 in
813 4203 921 4269 studio
941 4205 1137 4271 asserendae
1189 4206 1264 4272 aliis
1285 4205 1400 4281 videri,
1424 4207 1510 4290 quod
1527 4207 1627 4291 plana
1647 4216 1680 4272 et
1701 4212 1869 4278 commoda
1885 4213 1955 4279 inte
1997 4216 2171 4297 rotatione,

154 4300 265 4355 rectae
283 4286 369 4368 fidei,
387 4287 465 4371 quid
481 4289 516 4353 in
529 4287 686 4367 doctrina,
703 4289 781 4372 quid
793 4291 829 4354 in
845 4292 1040 4371 constantia,
1058 4291 1137 4374 quid
1188 4314 1286 4376 quam
1309 4290 1475 4371 dederant,
1499 4315 1565 4358 non
1587 4304 1761 4361 contentus
1779 4299 1853 4381 plus
1871 4301 1971 4384 aliqui
2012 4302 2172 4386 exigeret

155 4373 597 4527 8818888888888888888888,
615 4373 693 4457 quid
710 4377 746 4440 in
763 4376 928 4460 pudicitia,
948 4377 1027 4461 quid
1038 4379 1072 4442 in
1084 4399 1136 4443 so·
1188 4377 1510 4445 Animadvertebant
1536 4388 1707 4464 praeterea
1734 4383 1797 4450 hoc
1819 4408 1895 4451 cum
1921 4396 2055 4471 captare
2082 4389 2174 4471 quod

179 4479 227 4527 ne
296 4514 304 4541 ,
346 4482 381 4525 ur

156 4481 452 4627 honestateqsimile
494 4547 609 4613 aberet
624 4567 699 4613 eum
718 4548 901 4615 Athanasio
918 4554 992 4629 [pag.
1006 4556 1060 4632 86]
1079 4557 1137 4616 aut
1188 4559 1301 4617 tantas
1324 4556 1396 4631 [pag.
1416 4557 1470 4632 88]
1499 4555 1613 4620 888888
1635 4564 1668 4619 88
1693 4556 1793 4621 friusa
1816 4559 1852 4621 in
1873 4559 1999 4625 Farelli
2021 4559 2175 4628 doctrina

156 4634 198 4700 ab
221 4633 450 4714 eodiversum;
472 4635 550 4699 etin
568 4634 717 4701 clausula
738 4635 955 4702 adiecit:Nisi
970 4638 1055 4703 forte
1072 4637 1138 4702 huc
1190 4636 1314 4721 aliquid
1337 4636 1590 4720 reprehensione
1613 4641 1757 4727 dignum.
1804 4645 2013 4728 Responsum
2035 4655 2086 4712 est
2108 4650 2174 4733 igi·

157 4720 294 4802 respicit-
315 4727 373 4783 tua
395 4721 568 4799 accusatio,
591 4720 677 4803 quod
696 4721 781 4787 siout
798 4731 1007 4805 perpetratae
1029 4724 1137 4790 caedis
1190 4732 1246 4788 tur
1268 4723 1338 4787 eius
1360 4745 1431 4789 esse
1453 4725 1600 4809 accipere
1622 4728 1725 4812 leges,
1746 4751 1813 4794 non
1835 4731 1937 4811 ferre,
1960 4733 2084 4815 quibis
2105 4735 2175 4800 iam

157 4812 330 4871 accusatus
352 4805 415 4869 fuit
438 4807 658 4885 Athanasius,
679 4808 727 4872 ita
746 4828 788 4872 ne
821 4809 882 4874 hoc
902 4810 1039 4875 crimine
1061 4831 1136 4894 gra·
1191 4810 1231 4874 ab
1254 4807 1392 4874 ecelesia
1418 4820 1452 4874 et
1479 4813 1580 4877 semel
1603 4834 1622 4877 a
1648 4816 1846 4898 magistratu
1874 4815 2049 4884 damnatus
2074 4832 2173 4887 essct.

159 4891 247 4956 voris
269 4892 374 4956 times.
420 4892 467 4956 At
494 4892 544 4957 illi
571 4900 683 4959 sancto
712 4895 782 4959 viro
803 4894 921 4960 falsam
949 4905 983 4960 et
1002 4897 1138 4979 impiam
1190 4895 1288 4959 Illinc
1317 4902 1427 4958 autem
1462 4894 1504 4960 ad
1531 4900 1698 4964 consulem
1731 4903 1868 4984 profecti
1902 4914 1982 4969 sunt
2007 4905 2173 4987 Farellus,

160 4977 359 5042 calumniam
382 4984 575 5042 struxerant
596 4979 729 5059 Ariani,
759 4988 794 5045 tu
821 4990 932 5046 autom
953 5004 1073 5065 quaero
1096 5002 1138 5045 ex
1191 4979 1352 5046 Calvinus
1378 4986 1412 5044 88
1439 4981 1589 5063 Virctus,
1618 4987 1849 5069 petieruntque
1876 4998 1914 5054 ut
1940 4991 2175 5073 prohiberetur

159 5072 217 5128 tuo
235 5063 362 5142 comite,
376 5084 474 5147 quem
487 5062 542 5129 hic
561 5065 744 5146 sumptibus
766 5068 842 5146 tuis,
866 5078 1024 5150 tanquam
1036 5069 1138 5133 fame·
1191 5064 1330 5133 Carolus
1348 5067 1429 5132 urbe
1450 5067 1550 5149 abire,
1573 5071 1685 5153 donec,
1709 5074 1804 5139 sicuti
1824 5077 2079 5158 pronunciatum
2102 5088 2175 5144 erat

159 5148 261 5216 licum
278 5168 407 5228 eonem,
431 5149 501 5228 alis,
524 5149 598 5233 quis
620 5149 714 5216 illum
736 5152 977 5229 subornaverit,
1000 5164 1038 5217 ut
1060 5164 1138 5218 ante
1190 5174 1211 5217 8
1233 5160 1366 5231 888888,
1388 5153 1437 5217 ita
1457 5153 1528 5238 ipse
1549 5178 1678 5240 quoque
1700 5180 1756 5225 oro
1778 5182 1838 5226 suo
1861 5164 2087 5245 confiteretur,
2118 5186 2173 5232 eos

413 4461 450 4526 in
526 4461 631 4527 vitate
642 4481 782 4542 morum,
800 4462 878 4545 quid
889 4464 925 4528 in
936 4464 1036 4530 totius
1048 4464 1136 4530 vitae
1188 4465 1283 4530 initio
1305 4464 1459 4549 fugerant
1478 4467 1598 4550 ipsum,
1621 4489 1683 4535 nec
1704 4470 1775 4534 sine
1798 4493 1897 4538 causa
1917 4473 2011 4538 initio
2028 4477 2175 4543 movisse
