4620 5894
147 246 211 309 587
895 236 1165 307 assumto
1184 236 1420 307 ERRORUM
2107 242 2164 310 588

144 429 271 497 includi
292 428 481 497 Christum:
513 444 611 495 suum
644 448 723 494 vero
756 428 936 512 Ignatium‚
964 426 1128 511 quianon
1152 456 1155 491 ι
1180 446 1257 494 vero
1280 426 1354 493 aliis
1375 426 1455 495 locis
1478 448 1559 511 opus
1580 436 1641 507 est,
1665 448 1765 511 quam
1785 448 1869 513 quos
1890 428 1931 493 in
1952 448 2054 495 suam
2069 450 2163 497 excu-

144 517 246 582 audet
278 516 326 583 sio
360 515 536 597 flagellare,
576 514 614 580 i‘n
647 535 710 580 sua
741 519 873 598 spectra
904 514 1126 579 transformat.
1152 496 1155 537 ¹
1179 514 1340 579 canonem
1361 512 1502 579 adducit
1546 512 1634 579 Nam
1666 514 1775 598 priore
1805 514 1877 581 loco
1899 522 2062 599 nugatur,
2094 538 2164 583 ver·

143 602 197 669 Ne
236 601 298 669 hoc
337 600 469 685 quidem
515 601 546 666 ei
585 598 717 667 difficile
756 606 806 665 est
844 598 887 665 ad
922 597 1127 678 solvendum,
1179 598 1258 664 bum
1280 598 1365 665 illud
1385 598 1473 685 quod
1494 598 1572 664 olim
1593 599 1813 667 essentialiter
1836 608 1911 666 erat
1931 600 2044 666 forma
2064 602 2166 668 homi·

144 687 233 773 quod
260 696 399 755 vocatur
424 687 636 769 incorporeus
665 685 756 751 filius
795 686 832 751 in
872 706 1015 771 corpore.
1066 686 1128 749 At-
1179 685 1242 763 nis,
1274 706 1363 751 nunc
1395 706 1467 751 esse
1495 684 1652 753 deitatem
1679 684 1743 751 sub
1764 687 1872 753 forma
1894 686 2054 754 hominis
2098 686 2165 755 Sub

143 774 203 857 qui
246 773 330 839 nihil
373 771 547 839 absurdius
585 793 658 839 esse
696 770 855 851 clamitat,
902 792 1002 855 quam
1039 768 1128 854 quod
1178 772 1294 851 forma,
1326 771 1444 920 inquit,
1477 792 1544 837 nou
1574 772 1721 849 confusa,
1753 792 1816 837 neo
1842 772 2035 839 imminuta.
2080 772 2167 856 Quo·

143 859 374 942 incorporeum
422 880 495 925 csse
540 858 706 925 credimus
748 878 935 924 sermonem
974 878 1015 923 ex
1054 854 1127 923 Deo
1179 855 1275 923 modo
1297 857 1360 923 hoc
1428 856 1570 923 Subiicit
1601 878 1669 923 non
1701 878 1773 925 esse
1799 858 1864 923 tale
1887 858 2042 938 verbum,
2074 860 2167 944 quale

145 946 306 1031 genitum.
351 943 500 1009 Tandem
529 944 631 1010 animi
651 945 819 1023 confusus,
857 943 937 1008 dum
958 964 1020 1009 sua
1041 942 1128 1008 dicta
1151 1012 1154 1017 ,
1179 942 1258 1009 olim
1279 942 1356 1007 fuit:
1390 942 1469 1027 quia
1500 964 1591 1011 nunc
1624 962 1699 1009 earo
1727 944 1935 1011 factumest.
1984 944 2167 1013 Ooacervat

146 1038 328 1098 retractare
348 1030 486 1113 cogitur,
509 1051 562 1095 me
583 1038 696 1095 tamen
718 1030 769 1096 his
790 1030 923 1095 mentiri
941 1028 1029 1096 dicit.
1051 1028 1128 1093 Non
1151 1036 1154 1047 '
1179 1036 1293 1113 postea
1325 1028 1510 1111 complures
1541 1027 1773 1113 blasphemias,
1815 1028 1904 1113 quod
1936 1032 2063 1097 umbra
2094 1031 2168 1097 olim

144 1117 299 1201 ambigue
320 1115 435 1181 multis
456 1116 536 1182 locis
559 1116 686 1195 asserit,
704 1116 815 1181 Deum
839 1116 880 1181 ab
898 1116 991 1179 initio
1008 1113 1051 1180 ad
1069 1113 1129 1179 lilii
1152 1154 1155 1161 ·
1178 1116 1279 1181 luerit
1300 1113 1471 1193 duntaxat,
1494 1134 1533 1179 aa
1555 1116 1605 1180 rei
1625 1116 1755 1181 futurae
1772 1116 2030 1201 praefiguratio:
2054 1118 2092 1183 in
2108 1138 2167 1202 qno

145 1202 392 1288 generationem
413 1202 515 1268 lirisse
538 1202 704 1281 affectum,
733 1201 836 1268 donec
857 1200 1032 1267 mulierem
1052 1220 1131 1265 nao-
1179 1210 1213 1266 et
1234 1200 1305 1267 eius
1325 1200 1528 1285 imperfectio
1549 1209 1664 1265 notata
1684 1208 1743 1266 est.
1789 1199 1947 1268 Secundo
1967 1202 2043 1269 loco
2064 1216 2168 1269 muta·

145 1294 281 1365 tuaest,
303 1308 386 1371 quae
407 1308 449 1353 ox
471 1308 509 1353 oo
527 1288 727 1371 conciperet:
750 1308 812 1352 nec
829 1284 1130 1364 dubitat,·adducto
1178 1294 1251 1352 tum
1273 1306 1345 1352 esse
1367 1292 1470 1370 negat
1490 1286 1639 1366 verbum,
1662 1286 1720 1352 sed
1742 1306 1877 1353 carnem
1898 1286 2006 1355 firisse
2028 1288 2069 1355 in
2090 1288 2168 1355 illud

144 1370 311 1439 humanae
332 1372 479 1439 libidinis
501 1374 661 1457 exemplo,
683 1374 849 1457 pruritum
867 1374 940 1439 Deo
959 1372 1128 1456 affingere.
1178 1372 1456 1450 mausformatam,
1500 1371 1638 1456 ideoque
1684 1372 1824 1438 formam
1864 1372 2027 1451 hominis,
2075 1394 2167 1459 quam

145 1460 292 1527 (laruam
324 1480 454 1542 quoque
487 1468 601 1543 aperte
627 1459 738 1525 Deum
770 1468 874 1525 vocat.
923 1458 1022 1524 Nunc
1049 1457 1129 1523 dum
1179 1458 1297 1525 habuit
1317 1458 1359 1523 ab
1382 1469 1526 1536 aeterno,
1547 1480 1615 1523 non
1636 1458 1738 1525 fuisse
1759 1458 1945 1537 confusam,
1968 1482 2035 1527 nec
2053 1462 2168 1527 altera·

144 1566 245 1630 parce
267 1554 301 1610 et
321 1543 468 1611 modeste
489 1546 581 1633 haec
594 1545 729 1631 attingo,
756 1567 811 1611 me
831 1566 891 1611 suo
912 1565 1005 1610 more
1025 1542 1129 1610 semel
1179 1552 1257 1611 tam
1301 1546 1422 1629 Totum
1444 1552 1556 1609 autem
1577 1544 1644 1610 huc
1665 1542 1790 1621 recidit,
1824 1543 1913 1627 quod
1936 1544 2073 1613 01111111
2100 1568 2168 1615 caro

146 1638 182 1697 ot
212 1632 334 1697 iterum
363 1638 518 1713 proterve
548 1630 711 1697 mendacii
743 1637 887 1699 accusat.
946 1630 1129 1697 Irectorum
1179 1650 1272 1696 mera
1293 1630 1338 1695 sit
1358 1628 1473 1709 deitas,
1496 1650 1559 1696 nec
1580 1630 1666 1697 alius
1688 1630 1732 1697 sit
1753 1629 1910 1697 Ohristus
1931 1630 2049 1714 homo,
2078 1652 2169 1719 quam

145 1715 259 1783 oculos
281 1714 426 1782 oblinere
449 1721 523 1796 [pag.
549 1721 623 1796 175]
645 1718 707 1783 sibi
730 1715 870 1797 videtur,
894 1714 973 1781 dum
995 1736 1128 1781 carnem
1180 1716 1236 1800 qui
1258 1714 1337 1781 olim
1359 1716 1447 1781 nube
1460 1714 1617 1793 ¹increata
1633 1716 1698 1782 fuit
1714 1716 1871 1783 inclusus.
1894 1716 2038 1783 Viderit
2047 1718 2168 1786 interea

146 1802 273 1868 inducit
301 1803 364 1868 Dei
396 1804 599 1886 participem
645 1802 750 1884 Quasi
771 1804 833 1868 hac
855 1822 934 1870 voce
955 1800 1129 1868 deleantur
1180 1802 1340 1886 quomodo
1369 1802 1447 1868 huic
1474 1802 1657 1869 sententiae
1678 1802 1831 1869 conciliet
1851 1802 1943 1885 quod
1965 1804 2051 1871 alibi
2072 1826 2115 1872 er
2133 1824 2167 1871 eo

147 1888 320 1973 sacrilegia
349 1887 408 1954 illa
429 1890 548 1973 quibus
580 1890 694 1955 referti
726 1896 804 1957 sunt
837 1890 908 1956 cius
928 1887 1014 1955 libri.
1057 1887 1129 1955 Nec
1180 1888 1363 1969 retulimus,
1386 1886 1527 1955 verbum
1548 1888 1650 1955 fuisse
1669 1888 1705 1953 in
1727 1908 1862 1954 carnem
1885 1908 2105 1958 conversum.

827 2280 1181 2349 OALUMNIARUM
1203 2280 1483 2360 REFUTATIO,

147 2463 279 2533 QUIBUS
305 2463 494 2521 SERVETUS
517 2463 657 2520 IUSTAM
677 2462 857 2519 ERRORUM
874 2462 1024 2519 SUORUM
1040 2462 1321 2519 DAMNATIONEM
1341 2464 1367 2519 Δ
1388 2463 1577 2521 MINISTlllS
1599 2462 1882 2521 GENEVENSIBUS
1906 2464 2163 2525 coascatrrau

740 2549 891 2605 ELUERE
909 2550 984 2605 VEL
1002 2548 1153 2603 SALTEM
1174 2546 1351 2606 ELUDERE
1369 2548 1566 2607 TENTAVIT.

232 2744 400 2827 Quoniam
421 2766 463 2811 ex
485 2745 557 2811 eius
578 2744 672 2810 libris
690 2752 841 2812 constare
860 2742 1013 2823 diximus,
1036 2764 1131 2827 pree-
1181 2745 1326 2830 imagine
1358 2742 1480 2812 visibili
1512 2744 1600 2809 fuit?
1650 2747 1704 2812 De
1725 2747 1844 2829 spiritu
1866 2766 1950 2812 vero
1973 2767 2078 2830 quam
2099 2764 2165 2832 pro·

146 2834 215 2900 cise
249 2833 290 2898 ab
320 2852 359 2897 eo
387 2832 546 2898 reiectum
567 2831 668 2898 fuisse
690 2850 813 2897 nomen
833 2830 1004 2908 trinitatis,
1039 2831 1132 2913 quasi
1183 2831 1259 2896 fane
1290 2836 1325 2896 et
1356 2830 1481 2913 impie?
1536 2831 1624 2897 Nam
1645 2833 1707 2898 etsi
1728 2832 1795 2897 Dei
1816 2831 1941 2898 donum
1965 2842 2050 2917 apte
2071 2834 2165 2899 inter·

148 2916 351 2993 detestabile,
387 2938 463 2984 cum
496 2938 555 2984 suo
587 2926 768 2983 MENTIRIS
799 2917 952 2982 ferociter
983 2915 1131 2981 insultat.
1184 2916 1361 2983 dumetex
1378 2917 1560 3000 scripturae
1573 2938 1636 2983 usu
1658 2926 1794 2985 vocatur
1815 2918 1965 3002 spiritus,
1989 2918 2165 2986 tenendum

143 3003 186 3072 Id
206 3003 302 3089 quale
324 3004 378 3085 sit,
401 3024 534 3070 mecum
554 3001 744 3085 expendant
763 3002 910 3068 lectores.
955 3002 1038 3067 Plus
1055 3022 1132 3067 cen·
1184 3010 1296 3068 tamen
1312 3002 1350 3067 111
1371 3003 1487 3087 primis
1509 3010 1580 3068 erat
1602 3003 1686 3069 illud
1702 3004 1836 3071 Paulil
1865 3004 1908 3069 ad
1926 3004 2086 3072 Corinth.
2103 3022 2164 3087 cap.

148 3096 222 3157 tum
242 3090 324 3156 locis
345 3090 480 3155 trinitas
502 3088 695 3172 simpliciter
725 3088 765 3154 ab
794 3108 832 3153 so
855 3094 992 3154 vocatur
1011 3087 1133 3172 triceps
1188 3090 1225 3152 12
1248 3089 1431 3154 varietates
1447 3088 1608 3154 donorum
1630 3110 1712 3171 esse,
1745 3090 1804 3156 sed
1836 3111 1944 3156 unum
1971 3099 2009 3157 et
2032 3091 2164 3159 eunden

146 3177 321 3255 Cerberus,
346 3174 542 3241 diabolicum
564 3174 762 3257 phantasma
782 3180 859 3254 [pag.
886 3178 973 3255 176],
1003 3172 1133 3259 Geryo-
1185 3174 1347 3259 spiritum.

147 3264 202 3330 nis
240 3270 435 3340 monstrum,
448 3266 473 3341 ¹)
512 3260 622 3326 illusio
655 3260 810 3337 Satanae,
852 3268 886 3325 et
924 3258 1003 3343 quid
1041 3258 1131 3325 non?
1270 3260 1425 3326 Secundo
1442 3260 1522 3339 loco,
1546 3262 1644 3327 sicuti
1661 3263 1728 3326 iam
1746 3262 1969 3344 exposuimus,
1995 3281 2165 3347 personam

145 3350 320 3433 Nusquam
342 3346 536 3413 moderandi
569 3367 668 3413 causa
701 3345 833 3412 additur
863 3344 1012 3431 syllabae
1033 3346 1133 3411 unius
1184 3346 1244 3411 filii
1276 3356 1310 3412 et
1341 3348 1477 3429 spiritus
1500 3346 1657 3413 discernit
1685 3349 1830 3431 epatris
1852 3368 1999 3430 persona
2022 3354 2165 3435 respectu

147 3434 305 3518 exceptio.
380 3432 448 3499 Sed
487 3432 565 3497 alibi
604 3432 737 3498 trinitas
775 3433 816 3498 ab
856 3454 894 3498 eo
933 3430 1132 3499 conceditur.
1185 3432 1351 3498 admixtae
1373 3442 1551 3501 creaturae.
1565 3434 1590 3517 ¹)
1633 3434 1688 3497 En
1713 3434 1845 3500 trinitas
1868 3432 2017 3515 Servati,
2052 3435 2166 3501 nonin

146 3522 300 3587 Honesta
331 3519 455 3585 scilieet
481 3518 657 3585 excusatio.
702 3517 790 3583 Nam
812 3519 841 3584 si
862 3539 900 3584 co
919 3517 1053 3584 nomino
1075 3540 1132 3582 ex·
1185 3517 1251 3584 Dei
1274 3520 1425 3598 essentia,
1448 3518 1506 3583 sed
1528 3520 1564 3584 in
1581 3519 1741 3585 creaturis
1758 3538 1841 3603 quae
1859 3522 1971 3586 nescio
1990 3522 2074 3605 quid
2090 3522 2166 3587 mir·

149 3606 307 3691 primitur
334 3626 428 3670 sacra
448 3605 513 3669 Dei
541 3605 704 3683 maiestas,
738 3624 848 3670 nonne
881 3624 1012 3669 summa
1032 3624 1133 3668 veno·
1186 3614 1258 3670 tum
1291 3626 1329 3671 ac
1357 3604 1505 3670 medium
1537 3604 1660 3671 habent
1691 3606 1727 3670 in
1748 3626 1813 3688 quo
1835 3605 1999 3672 differant
2034 3630 2056 3674 a
2085 3624 2167 3673 mera

150 3691 282 3757 ratione
304 3691 478 3757 colendum
500 3689 592 3755 erat?
625 3691 807 3773 Postquam
828 3690 912 3754 illud
933 3689 1005 3755 sinc
1028 3688 1133 3755 doloc—
1186 3690 1316 3756 deitate.
1368 3691 1547 3757 Caeterum
1573 3691 1745 3758 videamus
1777 3712 1877 3774 quom
1909 3691 2000 3758 bene
2035 3695 2072 3760 in
2103 3692 2166 3759 aliis

150 3786 190 3844 tu
211 3777 286 3861 plus
308 3796 406 3860 quam
428 3775 593 3841 atrocibus
614 3776 821 3842 contumeliis
840 3775 1006 3859 proscidit,
1028 3796 1135 3859 neque
1159 3820 1162 3875 i
1185 3777 1266 3843 locis
1287 3776 1349 3843 sibi
1370 3784 1505 3843 constet
1529 3776 1629 3844 Corte
1650 3778 1833 3864 pagina28,
1855 3778 2016 3861 spiritum
2027 3788 2168 3845 sanctum

151 3864 188 3930 id
210 3862 312 3930 semel
334 3860 392 3929 sed
412 3860 489 3944 plus
511 3862 644 3941 centies,
675 3884 764 3928 nunc
784 3882 906 3945 paucos
927 3860 1014 3926 locos
1037 3882 1135 3943 oppo·
1159 3880 1162 3927 1
1188 3868 1261 3942 [pag.
1283 3868 1357 3942 177]
1378 3862 1567 3944 excludens,
1590 3863 1727 3929 ternarii
1745 3864 1875 3927 numeri
1892 3864 2114 3932 obliviscitur.
2134 3862 2165 3930 si

152 3951 214 4028 nit,
259 3950 295 4014 in
328 3948 448 4032 quibus
492 3948 626 4012 trinitas
664 3949 766 4013 verbo
805 3956 901 4013 tenus
941 3947 1133 4012 admittitur.
1159 3930 1163 3995 1
1187 3969 1295 4028 nomo,
1317 3950 1433 4032 inquit,
1456 3958 1585 4033 patrem
1607 3950 1702 4016 novit
1723 3950 1787 4014 nisi
1804 3950 1901 4029 tilius,
1926 3951 1987 4016 ubi
2008 3962 2063 4019 est
2079 3950 2167 4018 tertia

152 4033 345 4101 Videndum
365 4042 479 4099 tamen
501 4041 562 4114 cst,
596 4054 759 4116 quaenam
791 4034 835 4099 sit
866 4034 932 4099 ista
963 4034 1136 4099 verissima
1159 4006 1162 4095 1
1187 4035 1245 4099 illa
1266 4056 1328 4114 res,
1351 4055 1450 4119 quam
1471 4036 1727 4120 metaphysici2)
1760 4036 1876 4101 volunt
1908 4039 2080 4104 secundae
2105 4054 2166 4104 esst

152 4121 296 4188 trinitas.
342 4118 399 4186 Sic
421 4120 522 4185 habet
542 4120 668 4202 primus
684 4119 786 4199 locus,
809 4117 897 4203 quod
915 4118 1028 4198 deitas,
1052 4138 1136 4203 quae
1160 4100 1163 4187 1
1188 4121 1367 4205 aequalem,
1400 4121 1437 4185 in
1465 4122 1547 4188 solio
1575 4122 1733 4188 trinitatis
1754 4121 1903 4202 locatam,
1938 4124 1975 4188 in
1997 4125 2098 4190 tertio
2117 4144 2167 4189 aa·

154 4214 205 4274 est
244 4208 281 4271 in
320 4212 425 4290 patre,
458 4205 591 4271 Christo
626 4206 867 4272 communicata
899 4213 949 4273 est
980 4207 1135 4290 primum,
1188 4208 1266 4292 gulo
1289 4207 1485 4286 triclinii?⁸)
1528 4209 1624 4289 Item,
1652 4209 1681 4274 si
1703 4206 1857 4275 Christus
1876 4230 1940 4275 nos
1962 4210 2167 4277 confitebitur

154 4292 274 4359 deinde
306 4314 344 4358 eo
377 4291 557 4357 mediatore
590 4291 754 4375 apostolis.
810 4292 913 4375 Atqui
944 4292 1006 4357 hoc
1039 4291 1135 4355 modo
1161 4286 1163 4371 1
1189 4314 1299 4359 coram
1321 4302 1414 4377 patro
1437 4300 1470 4359 et
1492 4294 1628 4380 angelis,
1652 4314 1786 4380 gravem
1808 4294 1928 4360 tertiae
1950 4297 2003 4361 rei
2026 4298 2105 4362 lacit
2125 4296 2167 4359 in·

152 4380 252 4463 longe
284 4380 390 4444 maior
422 4399 580 4443 numerus
613 4378 707 4443 nobis
733 4378 1318 4469 111111111111111111111111111111,
1358 4380 1452 4447 cuius
1490 4401 1557 4445 non
1596 4381 1754 4446 meminit
1815 4379 2011 4447 Verborum
2052 4379 2168 4449 Christi

153 4468 212 4531 fiet
233 4464 439 4549 pentadecas.
484 4464 558 4529 lam
579 4464 687 4547 qualis
720 4463 761 4528 ab
794 4486 831 4529 oo
854 4464 1009 4530 statuitur
1032 4464 1137 4530 deitas
1188 4466 1292 4532 facilis
1314 4476 1366 4533 ost
1387 4488 1425 4532 ac
1446 4474 1600 4549 prompta
1622 4467 1755 4533 solutio:
1790 4466 1868 4551 quia
1901 4466 1965 4533 sub
1989 4471 2095 4552 patris
2116 4486 2167 4532 no-

154 4550 313 4634 spiritus?
358 4549 460 4615 Illum
493 4572 564 4616 esse
588 4549 666 4617 dicit
687 4571 785 4635 quom
808 4549 962 4616 Christus
994 4550 1137 4616 moriens
1188 4553 1278 4618 mine
1304 4558 1408 4618 totam
1435 4552 1591 4618 deitatem
1621 4574 1679 4619 suo
1707 4573 1798 4618 more
1828 4553 2074 4637 complectitur.
2117 4553 2166 4618 In·

154 4637 243 4719 patri
275 4636 492 4702 commendat.
551 4635 699 4701 Tandem
732 4636 898 4703 concludit
930 4624 1164 4702 verissimam*
1189 4639 1287 4703 terim
1319 4637 1467 4704 videmus
1501 4638 1641 4704 Serveto
1677 4640 1812 4705 effluere
1843 4639 2044 4721 trinitatem,
2083 4640 2166 4708 euius

156 4741 228 4786 esso
248 4721 336 4787 hane
357 4723 548 4801 trinitatem,
571 4724 681 4788 Deum
699 4735 836 4806 patrem,
859 4724 1002 4807 speciem
1018 4722 1137 4807 imagi-
1189 4724 1264 4790 vult
1296 4745 1385 4790 nunc
1417 4725 1523 4791 videri
1555 4728 1729 4792 confessor.
1781 4724 1955 4793 Sermonis
1978 4725 2164 4814 hypostasin

156 4805 210 4870 nis
242 4808 356 4883 visam,
390 4816 424 4872 et
456 4830 578 4874 munus
612 4808 689 4874 indo
720 4808 910 4892 procedens.
960 4808 1027 4875 Ubi
1049 4828 1138 4874 nunc
1190 4810 1220 4875 si
1246 4810 1405 4890 nomines,
1439 4809 1571 4876 credero
1603 4834 1639 4878 se
1667 4812 1791 4877 annuit.
1837 4810 1876 4877 Si
1909 4821 2044 4897 patrem
2075 4830 2162 4879 voces

156 4890 222 4955 erit
253 4898 405 4958 aeternus
428 4915 545 4973 sermo,
578 4895 606 4960 si
639 4896 732 4960 nulla
764 4896 834 4960 cius
867 4895 971 4960 deitas
1004 4895 1068 4961 nisi
1101 4894 1137 4960 in

159 5066 364 5073 --.-..-
1260 5032 1289 5097 1)
1309 5032 1429 5087 d’autant
1448 5032 1525 5102 qu’ils
1544 5042 1607 5090 sont
1625 5038 1640 5089 a
1658 5035 1728 5089 demi
1746 5042 1894 5091 creaturas.

1163 5158 1166 5179 Ι
1260 5101 1290 5166 2)
1309 5103 1349 5158 les
1367 5103 1543 5171 philosopher
1561 5104 1771 5173 supernaturale.

228 5164 258 5229 1)
278 5181 314 5218 un
332 5172 451 5219 monstro
469 5168 605 5235 poetique.
1163 5196 1166 5209 =
1260 5170 1291 5237 3)
1309 5188 1343 5226 111
1362 5189 1397 5226 un
1415 5172 1504 5239 anglet
1523 5171 1601 5228 d’une
1620 5173 1746 5228 chambre
1764 5175 1781 5229 b
1799 5174 1867 5229 trois
1886 5174 1961 5230 licta.
