4620 5894
93 190 96 195 ’
147 236 209 297 eae
911 164 1096 295 raochb
1118 226 1182 293 11
1204 225 1398 294 111111.
2090 190 2165 292 ‘ero

145 439 320 484 monemus
338 418 488 482 scientes.
512 414 569 483 Sic
591 415 770 499 comparati
792 414 984 498 plerumque
1003 435 1126 494 snmus,
1181 418 1213 479 3:
1254 414 1386 480 Iustitia
1421 414 1486 479 Dei
1525 415 1561 479 in
1599 435 1713 479 omnes
1753 424 1787 479 ct
1824 434 1923 496 super
1951 434 2068 479 omnes
2107 414 2162 497 qui

144 512 185 571 ut
212 503 291 568 dum
319 523 449 567 summo
478 501 586 568 studio
614 503 790 566 veritatem
812 501 980 567 doctrinae
1001 500 1128 566 Christi
1179 500 1327 565 eredunt.
1355 501 1401 565 Et
1423 499 1504 583 Cap.
1520 504 1575 564 10:
1598 500 1692 565 Idem
1710 499 1874 565 Dominus
1896 500 2047 564 omnium
2069 496 2161 566 dives

145 598 295 668 tuemur,
323 586 357 653 id
379 587 464 673 quod
492 589 527 651 in
554 587 743 653 huiusmodi
770 587 963 672 dogmatum
985 585 1128 652 dissidiis
1179 586 1215 650 in
1238 586 1429 669 omnesqui
1450 587 1604 652 invocant
1626 607 1711 651 enm.
1756 587 1815 650 Et:
1843 585 1919 651 Non
1942 592 1993 651 est
2016 586 2161 668 acceptio

146 696 209 740 usu
238 675 354 740 venire
382 674 478 753 solet,
507 672 617 738 minus
645 671 858 738 observemus
887 671 965 755 quid
992 671 1128 755 spiritus
1179 691 1395 755 personarum
1428 672 1516 755 apud
1546 673 1665 737 Deum.
1710 672 1757 736 Et
1783 671 1862 755 Cap.
1894 675 1950 735 11:
1990 669 2162 737 Conclusit

147 760 294 826 caritatis
317 781 355 825 ac
376 759 575 824 christianae
597 757 861 824 mansuetudinis
881 756 1040 840 requirat,
1070 755 1128 822 sed
1179 759 1273 823 Deus
1305 758 1417 823 omnia
1448 758 1509 824 sub
1542 767 1674 841 peceato
1706 766 1744 821 ut
1778 757 1928 822 omnium
1954 757 2161 823 misereatur.

145 848 275 912 fervore
302 865 340 911 oe
367 844 476 912 studio
502 844 695 909 retinendae
722 844 871 909 veritatis
899 844 935 907 in
958 843 1128 909 diversum
1179 844 1226 909 Et
1251 849 1265 907 l
1290 845 1374 909 Tim.
1397 848 1432 908 2:
1468 843 1535 925 Qui
1556 842 1628 909 vult
1649 863 1764 908 omnes
1785 842 1936 908 homines
1957 843 2068 910 salvos
2089 843 2161 908 fieri

147 931 189 996 ab
221 953 259 997 eo
289 930 376 1015 quod
409 928 586 1013 discipulos
619 929 746 994 Christi
784 928 878 995 decet
917 928 1127 1012 abripiamur,
1180 936 1214 994 et
1249 929 1291 994 ad
1323 930 1526 1013 agnitionem
1554 928 1703 995 veritatis
1731 928 1855 994 venire.
1906 929 1954 993 Ht
1981 931 2000 991 2
2029 929 2102 993 Pet.
2127 932 2159 995 ³:

146 1018 240 1102 quasi
263 1015 409 1082 studium
427 1015 610 1081 servandae
632 1015 778 1080 caritatis
801 1036 876 1081 cum
893 1015 963 1080 zelo
979 1013 1128 1081 veritatis
1179 1015 1352 1080 Patienter
1379 1017 1448 1099 agit
1475 1022 1610 1098 propter
1639 1035 1711 1093 vos,
1745 1014 1861 1079 nolens
1890 1015 2018 1097 aliquos
2068 1014 2159 1095 erire,

146 1103 326 1169 consistere
357 1108 517 1184 nequeat,
550 1122 652 1184 quum
678 1102 849 1185 utriusque
879 1101 1064 1167 coniunctio
1086 1120 1128 1163 ex
1179 1100 1237 1165 sed
1259 1121 1373 1166 omnes
1395 1099 1438 1166 ad
1459 1100 1695 1184 poenitentiam
1712 1099 1844 1165 reverti.
1867 1100 2015 1166 Huiusm
2060 1100 2160 1165 'een-

145 1189 309 1272 ipsissimo
331 1185 458 1253 Christi
479 1188 598 1270 spiritu
620 1194 790 1265 nascatur,
819 1207 883 1269 quo
910 1193 948 1251 ut
968 1185 1056 1250 nihil
1078 1193 1129 1250 est
1179 1187 1292 1251 tentiis
1314 1188 1360 1253 sic
1382 1186 1558 1251 inhaerent
1578 1186 1725 1269 plerique
1747 1207 1814 1251 non
1831 1185 1912 1250 adeo
1929 1185 2010 1250 mali
2028 1185 2103 1264 viri,
2125 1194 2160 1250 ut

146 1271 355 1338 emendacio
378 1272 532 1351 alienius,
561 1273 609 1337 ita
631 1272 714 1336 nihil
740 1278 791 1337 est
818 1278 851 1337 et
877 1271 1008 1338 caritati
1029 1277 1127 1354 atque
1179 1272 1307 1338 interea
1329 1293 1463 1339 causam
1483 1271 1793 1355 praedestinationis
1815 1270 1948 1337 divinae
1969 1272 2064 1354 puris
2086 1269 2159 1336 fidei

144 1358 392 1425 mansuetudini
423 1357 594 1424 addictiue.
645 1357 837 1422 Laudamus
868 1359 903 1422 in
930 1357 1026 1423 vobis
1052 1357 1128 1421 reti·
1179 1358 1283 1424 oculis
1304 1359 1427 1423 intueri
1447 1368 1629 1441 nequeant,
1658 1356 1698 1422 de
1722 1378 1788 1440 qua
1809 1379 1876 1422 non
1897 1358 2024 1422 frustra
2045 1376 2160 1423 monu-

144 1445 274 1510 nendac
303 1445 452 1510 veritatis
475 1444 638 1522 studium,
666 1464 864 1527 oramusque
885 1442 1068 1508 Dominum
1089 1450 1128 1507 ut
1180 1451 1279 1509 erunt
1301 1443 1443 1528 quidam,
1466 1443 1506 1509 ob
1528 1443 1563 1509 id
1584 1444 1712 1508 cautius
1735 1464 1806 1508 esse
1828 1452 1925 1527 atque
1942 1444 2160 1525 circumspec-

144 1528 423 1615 quemadmodum
445 1551 504 1596 vos
526 1531 561 1594 in
584 1530 723 1595 veritate
741 1551 803 1595 sua
824 1528 1058 1607 sanctificavit,
1079 1528 1127 1593 ita
1180 1531 1247 1595 tius
1269 1530 1458 1607 dicendum,
1486 1529 1574 1612 quod
1595 1530 1638 1594 sit
1663 1527 1720 1593 illa
1741 1550 1809 1593 non
1828 1529 1879 1594 lae
1904 1529 2085 1593 infantium
2106 1526 2160 1594 sed

144 1616 180 1683 in
201 1615 324 1681 illaad
345 1616 445 1680 finem
463 1637 576 1699 usque,
599 1637 702 1699 quum
725 1624 835 1682 vestro
858 1624 928 1680 turn
946 1615 1127 1679 multorum
1179 1616 1271 1681 cibus
1292 1616 1487 1681 adultorum.
1523 1616 1569 1679 ut
1590 1615 1644 1679 hic
1665 1614 1891 1698 Hieronymus
1913 1614 1997 1680 satis
2019 1612 2161 1679 declarat

145 1702 287 1767 aliorum
306 1701 401 1780 bono,
425 1708 539 1767 contra
556 1701 662 1766 omnis
679 1700 843 1767 mendacii
860 1702 1043 1784 principem
1061 1698 1126 1763 illi·
1180 1722 1251 1767 esse
1274 1723 1308 1768 se
1330 1723 1372 1767 ex
1394 1700 1672 1778 imbecillioribus,
1695 1699 1774 1765 dum
1796 1720 1831 1765 se
1852 1701 1889 1764 in
1910 1721 2070 1765 arcanum
2086 1719 2160 1765 con·

144 1787 239 1853 batos
262 1796 442 1853 conservet.
489 1786 598 1853 Simul
615 1794 725 1851 tamen
748 1787 957 1853 obsecramus
979 1794 1018 1851 11
1039 1786 1126 1869 cogi-
1179 1787 1291 1852 silium
1323 1787 1389 1852 Dei
1421 1788 1650 1869 ingressurum
1680 1794 1789 1870 negat.
1839 1785 2070 1851 Admonemus
2102 1786 2161 1851 ista

144 1874 221 1939 tetis
259 1894 358 1955 quam
401 1873 445 1937 sit
490 1872 635 1955 proclive
680 1872 721 1936 ad
766 1872 945 1938 errandum
983 1871 1126 1936 hominis
1179 1894 1245 1938 non
1268 1894 1341 1937 earn
1362 1874 1402 1938 ob
1421 1894 1564 1951 causam,
1588 1869 1674 1956 qued
1693 1871 1801 1936 aliena
1821 1872 1889 1936 sint
1907 1893 1927 1936 a
1945 1878 2059 1937 vestra
2077 1871 2159 1953 ipso-

144 1959 326 2043 ingenium,
349 1979 466 2023 rursus
487 1980 585 2041 quam
609 1959 652 2023 sit
673 1979 870 2042 generosum
891 1957 1030 2041 ideoque
1048 1957 1127 2021 laci·
1179 1981 1254 2023 rum
1281 1958 1494 2035 conscientia,
1521 1957 1579 2023 sed
1606 1958 1760 2040 quoniam
1788 1958 1987 2022 sententiam
2017 1964 2160 2022 nostram

144 2044 210 2111 lius
241 2044 277 2108 in
309 2043 457 2109 ordinem
489 2043 741 2110 mansuetudine
774 2046 910 2128 spiritus
938 2043 1125 2120 reducatur,
1180 2045 1347 2127 requirere
1368 2043 1529 2121 voluistis,
1554 2052 1591 2107 ut
1612 2051 1769 2126 tanquam
1789 2042 1903 2107 fideles
1923 2043 1960 2106 in
1983 2042 2083 2107 domo
2099 2042 2160 2107 Dei

145 2151 244 2213 quam
282 2130 459 2195 severitate
470 2130 496 2212 ¹)
534 2130 695 2194 trahatur.
750 2130 796 2194 111
837 2138 874 2194 11
912 2129 954 2194 ad
994 2148 1127 2193 causam
1181 2130 1358 2195 afferamus
1385 2130 1421 2193 in
1448 2128 1594 2193 medium
1624 2128 1710 2210 quod
1739 2128 1949 2213 potissimum
1978 2125 2021 2191 ad
2047 2149 2160 2211 pacem

144 2217 330 2293 veniamus,
361 2215 401 2280 dc
431 2236 495 2298 qua
524 2215 614 2280 inter
640 2235 698 2280 vos
727 2223 761 2278 et
781 2217 1025 2300 Hieronymum
1055 2220 1128 2277 orte
1180 2225 1214 2281 et
1242 2215 1502 2282 aedificationem
1535 2214 1689 2279 eeclesiae
1722 2222 1868 2292 vestrae,
1903 2212 2023 2279 deinde
2057 2220 2092 2278 et
2123 2210 2161 2278 ad

145 2309 197 2367 est
219 2301 395 2377 contentio,
420 2300 504 2366 clem
524 2300 617 2365 vobis
638 2321 706 2363 non
729 2307 788 2377 est,
812 2322 912 2382 quam
932 2299 1048 2364 multis
1069 2297 1127 2361 illa
1179 2301 1380 2385 Hieronymi
1400 2300 1490 2366 illius
1515 2309 1661 2365 mentem
1691 2299 1734 2364 ad
1761 2300 1915 2384 spiritum
1935 2299 2159 2365 consensionis

144 2385 239 2452 bonis
267 2386 348 2451 viris
376 2385 547 2469 nogotium
574 2385 701 2464 fecerit,
736 2385 922 2468 dequibus
950 2384 1032 2450 alias
1060 2405 1127 2448 non
1179 2385 1399 2453 inducendam
1421 2387 1528 2452 fecere
1550 2406 1645 2469 posse
1666 2384 1860 2450 iudicamus.
1905 2386 1969 2451 Est
1989 2384 2087 2450 nobis
2108 2384 2160 2448 ille

146 2471 227 2537 adeo
248 2471 336 2536 male
358 2472 474 2536 sentiri
496 2476 618 2553 potest,
649 2472 706 2554 qui
728 2470 806 2536 dum
828 2471 945 2555 legunt
965 2472 1001 2534 in
1023 2469 1126 2552 scrip·
1179 2493 1314 2557 prorsus
1336 2473 1483 2556 ignotus.
1517 2482 1595 2537 sunt
1616 2478 1744 2550 tamen,
1778 2471 1835 2554 qui
1863 2469 2058 2553 praedicant
2087 2491 2161 2535 eum

146 2557 230 2622 turis
252 2578 308 2622 eas
330 2557 512 2622 sententias
539 2577 622 2639 quae
644 2556 786 2640 gratiam
807 2556 873 2622 Dei
896 2556 1128 2621 universaliter
1179 2580 1247 2625 non
1269 2578 1340 2624 esse
1367 2558 1476 2625 virum
1505 2557 1585 2622 adeo
1606 2556 1741 2622 malum.
1786 2554 1988 2639 Optaremus
2016 2564 2050 2622 et
2071 2555 2162 2622 vobis

146 2664 227 2728 erga
254 2643 386 2726 quosvis
415 2641 660 2725 depraedicant,
690 2649 781 2707 tanto
810 2663 877 2707 non
904 2649 983 2707 sunt
1008 2641 1127 2707 iudicio
1180 2653 1214 2711 et
1236 2643 1285 2708 illi
1304 2651 1342 2709 ut
1362 2664 1422 2727 per
1444 2644 1596 2726 spiritum
1618 2642 1744 2708 Christi
1766 2663 1845 2707 vera
1867 2650 1900 2707 et
1921 2642 2161 2708 sententiamm

144 2727 299 2813 praediti,
332 2735 370 2793 ut
399 2728 529 2794 divinae
560 2728 728 2794 electionis
755 2750 792 2795 ac
819 2727 1127 2810 praedestinationis
1180 2738 1215 2796 et
1237 2732 1415 2795 affectuum
1443 2729 1656 2795 consensione
1684 2728 1975 2813 coniungeremini.
2021 2727 2162 2794 Videtur

146 2814 336 2883 veneranda
367 2815 543 2899 mysteria,
584 2812 702 2878 deinde
737 2821 771 2878 et
805 2814 971 2879 humanae
1007 2813 1126 2878 mentis
1180 2817 1216 2881 in
1236 2816 1327 2881 illius
1350 2816 1529 2899 responsis,
1554 2834 1638 2897 quae
1658 2815 1810 2893 misistis,
1834 2814 1922 2879 haud
1945 2813 2028 2880 adeo
2052 2814 2161 2899 exigui

146 2900 337 2968 caecitatem
377 2921 415 2966 ac
454 2899 724 2983 depravationem
763 2900 825 2964 rite
864 2900 1057 2964 intueantur
1094 2905 1128 2963 et
1180 2924 1252 2969 esse
1274 2902 1433 2967 momenti
1455 2899 1541 2983 quod
1586 2900 1708 2965 rimum
1737 2900 1853 2965 tribuit
1872 2902 1945 2965 Deo
1966 2900 2162 2966 electionem

146 2992 342 3072 agnoscant,
365 2985 424 3051 sed
447 2986 586 3051 haerent
606 2986 642 3050 in
664 2984 906 3068 praedicatione
929 2983 1128 3051 universalis
1180 3010 1223 3054 ex
1243 2988 1448 3065 hominibus,
1477 2922 1594 3051 deindo
1621 3008 1736 3051 eorum
1758 3007 1838 3069 quos
1861 2986 1979 3064 voluit,
2009 2987 2109 3052 tertio
2129 2987 2162 3051 in

145 3073 271 3156 gratiae
294 3093 332 3138 ac
353 3070 510 3137 bonitatis
527 3072 602 3152 Dei,
625 3072 837 3155 sentiuntque
858 3091 925 3136 non
948 3068 1128 3155 posseDeo
1180 3074 1326 3154 Christo,
1345 3079 1460 3156 quarto
1476 3071 1600 3136 nullius
1616 3072 1722 3137 nostri
1738 3072 1816 3137 boni
1833 3070 1892 3137 sed
1907 3092 2020 3136 morae
2038 3072 2161 3156 gratiae

144 3158 255 3238 tribui,
276 3155 365 3243 quod
387 3178 585 3241 quemquam
601 3157 792 3223 mortalium
809 3156 972 3241 reprobet,
993 3155 1130 3221 induret
1180 3181 1259 3225 suae
1280 3166 1440 3243 respectu.
1485 3159 1663 3222 Praeterea
1691 3179 1772 3241 opus
1799 3178 1871 3223 esse
1898 3157 2033 3240 speciali
2119 3159 2162 3223 tia

145 3252 179 3311 et
198 3250 359 3322 excaecet,
381 3245 445 3309 nisi
468 3251 539 3309 tum
547 3242 577 3327 ²)
599 3243 771 3310 inferenda
787 3243 992 3328 blasphemia
1009 3241 1129 3307 dicturi
1182 3253 1216 3312 et
1235 3245 1433 3311 attractione
1455 3242 1497 3308 ad
1519 3241 1727 3309 credendmn.
1767 3243 1814 3308 Et
1836 3242 1946 3308 Deum
1968 3264 2029 3327 per
2047 3179 2161 3310 (ills

146 3331 266 3409 simus,
295 3350 366 3395 esee
387 3329 481 3394 illum
503 3329 604 3394 simul
630 3338 664 3394 et
691 3330 858 3396 caecitatis
881 3337 915 3394 et
935 3327 1128 3412 perditionis
1180 3341 1253 3397 tum
1273 3332 1453 3397 reformare
1475 3336 1603 3395 montes
1619 3329 1802 3408 hominum,
1825 3335 1858 3393 et
1876 3328 1954 3394 dare
1972 3328 2076 3395 corda
2093 3351 2161 3397 ear·

144 3415 321 3495 humanae,
344 3413 490 3498 adeoque
512 3426 545 3480 et
566 3417 714 3480 omniurn
736 3423 944 3499 pcccatorum
966 3436 1048 3498 quae
1070 3413 1128 3479 ad·
1181 3440 1253 3497 nea,
1272 3438 1448 3498 amaraque
1464 3436 1525 3480 nos
1544 3437 1582 3480 ac
1599 3415 1698 3480 fidem
1715 3415 1802 3493 dere,
1821 3415 2014 3498 priusquam
2031 3436 2053 3479 a
2070 3416 2160 3481 nobis

146 3501 326 3565 mittuntur
349 3509 507 3566 autorem.
553 3500 610 3566 Sic
631 3501 776 3566 retinent
805 3504 866 3567 hos
892 3501 996 3567 locos:
1039 3498 1127 3580 Quid
1181 3510 1327 3583 ametur,
1355 3502 1452 3585 idque
1479 3523 1521 3566 ex
1548 3512 1687 3584 paterna
1714 3500 1946 3566 misericordia.
1992 3502 2062 3566 Per
2084 3502 2161 3569 hoec

147 3587 208 3651 tibi
230 3587 334 3652 iacere
357 3584 468 3664 debui,
491 3585 578 3669 quod
601 3609 667 3651 non
689 3587 772 3652 feci?
802 3588 862 3652 Ht:
889 3588 974 3652 'Pota
996 3585 1048 3650 die
1071 3606 1128 3649 ex·
1181 3590 1286 3655 veluti
1318 3588 1496 3672 principia,
1532 3587 1560 3651 si
1592 3586 1721 3652 abesset
1753 3587 1900 3651 studium
1932 3587 2161 3668 contendendi,

145 3671 248 3756 pandi
269 3693 388 3736 manus
411 3691 501 3737 meae
523 3671 565 3735 ad
585 3673 744 3754 populum
771 3693 837 3737 non
860 3672 1049 3739 credentem
1071 3669 1129 3736 sed
1180 3676 1285 3741 facilis
1308 3682 1394 3740 esset
1416 3672 1458 3738 ad
1480 3672 1638 3737 ulteriora
1655 3673 1826 3738 transitus.
1856 3670 1924 3738 Sed
1946 3673 2093 3741 orandus
2115 3682 2162 3740 est

145 3757 426 3823 contradicentem
453 3757 544 3820 mihi.
589 3758 648 3821 Et:
689 3757 828 3824 Utinam
860 3759 1001 3841 populus
1034 3778 1128 3821 meus
1180 3762 1359 3837 Dominus,
1382 3760 1438 3842 qui
1461 3758 1549 3824 solus
1571 3760 1676 3841 aperit
1698 3770 1825 3824 mentes
1842 3759 2049 3838 mortalium,
2073 3768 2111 3826 ut
2132 3772 2162 3826 et

146 3843 293 3909 audisset
320 3852 353 3908 et
379 3844 416 3908 in
443 3844 506 3907 viis
534 3842 617 3907 mois
644 3843 854 3909 ambulasset.
898 3845 958 3908 Et:
991 3841 1127 3924 Quoties
1180 3848 1274 3912 vobis
1287 3848 1434 3911 animmn
1447 3843 1755 3910 detlucrifaciendis
1773 3844 1961 3910 errantibus
1973 3845 2162 3912 indesinen-

144 3929 236 3995 volui
263 3949 465 4012 congregare
492 3928 576 3993 filios
610 3936 685 3994 tuos
718 3938 752 3993 et
778 3930 920 3995 noluisti.
965 3930 1024 3993 Et:
1057 3928 1126 3992 Vos
1180 3938 1232 3998 ter
1254 3930 1410 4010 deditum,
1434 3939 1467 3996 et
1487 3930 1576 3995 illius
1598 3940 1744 3996 mentem
1765 3929 1806 3995 ad
1828 3929 1862 3994 id
1884 3931 2031 3999 instituti
2047 3930 2162 3999 reddat

145 4036 275 4098 semper
297 4015 426 4097 spiritui
448 4022 561 4080 saneto
584 4015 759 4081 restitistis.
803 4016 863 4081 Et:
898 4014 1046 4079 Perditis
1070 4022 1127 4078 tua
1180 4019 1433 4096 accommodam,
1457 4038 1521 4100 quo
1542 4037 1609 4080 uno
1628 4015 1726 4082 eorde
1744 4024 1777 4081 et
1794 4016 1911 4099 spiritu
1931 4017 2072 4101 gloriam
2088 4040 2161 4102 gra·

145 4121 188 4165 ex
217 4111 249 4166 te
271 4101 386 4166 Israel.
432 4101 478 4165 ut
500 4100 618 4166 Erech.
644 4105 699 4165 33:
731 4101 817 4166 Nolo
843 4108 985 4165 mortem
1013 4120 1126 4183 pecea-
1179 4105 1245 4169 tiae
1264 4104 1367 4187 ipsius
1385 4101 1427 4167 ad
1444 4102 1624 4167 multorum
1637 4102 1897 4168 aedificationem
1915 4102 2160 4186 depraedicatis

144 4187 241 4266 toris,
273 4187 330 4253 sed
358 4198 396 4252 ut
417 4194 631 4253 convertatur
658 4194 692 4251 et
712 4188 813 4253 vivat.
858 4187 906 4251 lit
924 4186 1045 4251 Matth.
1072 4191 1125 4249 11:
1180 4189 1275 4271 Quae
1297 4190 1487 4273 scripsimus
1515 4189 1592 4254 boni
1619 4188 1795 4266 consulite,
1825 4189 1961 4254 Domini
1984 4211 2023 4256 ac
2044 4191 2161 4256 fratres

145 4271 269 4337 Venite
292 4271 334 4338 ad
355 4295 408 4338 me
431 4294 554 4351 omnes,
578 4280 612 4337 et
632 4293 693 4355 ego
715 4273 861 4338 reficiam
879 4293 946 4339 vos.
970 4273 1016 4336 Et
1033 4272 1124 4337 Ioan.
1180 4275 1317 4342 colendi.
1368 4274 1647 4340 Commendamus
1686 4297 1746 4340 nos
1782 4282 1815 4340 ct
1847 4274 2003 4340 ecclesias
2032 4284 2161 4342 nostras

146 4364 179 4422 3:
214 4358 271 4425 Sic
293 4360 385 4424 Deus
408 4358 525 4423 dilexit
547 4358 708 4424 mundum
735 4366 773 4423 ut
800 4359 906 4424 filium
933 4380 1031 4423 suum
1051 4359 1126 4422 uni·
1180 4363 1326 4429 caritatis
1338 4369 1466 4428 vestrae
1481 4362 1640 4444 precibus.
1665 4361 1773 4427 Datae
1784 4361 1915 4426 Bernae
1934 4362 2123 4428 7Deeemb.
2137 4363 2160 4448 ¹)

146 4446 295 4528 genitum
325 4445 435 4524 daret,
470 4454 508 4509 ut
535 4445 641 4510 omnis
675 4445 731 4528 qui
758 4444 862 4510 credit
890 4446 924 4509 in
956 4464 1033 4508 eum
1059 4465 1125 4509 non
1180 4470 1267 4513 anno
1285 4448 1420 4513 Domini
1445 4451 1535 4510 1551.

145 4540 274 4611 pereat,
309 4531 366 4596 sed
397 4531 517 4596 habeat
549 4531 652 4595 vitam
684 4539 861 4595 aeternam.
907 4530 952 4593 Et
980 4529 1061 4613 Cap.
1092 4534 1125 4593 o:

146 4614 239 4681 Haec
262 4626 312 4681 est
332 4617 484 4682 voluntas
506 4616 610 4699 patris
630 4622 678 4680 ¹ut
705 4617 810 4682 omnis
833 4617 888 4699 qui
909 4615 1001 4682 videt
1022 4615 1127 4680 filium

147 4707 181 4765 et
201 4700 304 4765 eredit
325 4704 362 4764 in
384 4724 460 4766 eum
482 4702 602 4768 habeat
627 4704 727 4767 vitam
750 4710 926 4768 aeternam.
966 4702 1013 4766 Et
1030 4702 1126 4767 Rom.

1268 4568 1414 4633 Ministri
1434 4567 1524 4631 verbi
1543 4576 1576 4630 et
1594 4568 1793 4648 professores
1811 4564 1966 4633 ecelesiae
1979 4568 2160 4634 Beruensis

1180 4654 1215 4717 in
1237 4653 1302 4717 fide
1324 4674 1361 4717 ae
1383 4653 1523 4716 veritate
1543 4651 1670 4717 Christi
1692 4659 1867 4718 consortes.

1181 4772 1372 4837 Clarissimo
1395 4791 1433 4836 ae
1454 4772 1710 4855 prudentissimo
1733 4771 1963 4838 Cebennensis

168 5060 173 5071 ,
218 4992 248 5071 1)
271 4992 301 5044 a
329 4991 480 5057 1111111111·
501 4991 640 5046 semme
663 4991 808 5047 Masculus
826 4993 941 5048 acea.-
968 5008 1076 5049 earcere
1100 5002 1129 5049 11
1250 5010 1280 5072 n
1301 5009 1454 5078 asemper
1472 5011 1751 5066 1111111111
1768 5010 1861 5066 111.-
1879 5010 1972 5066 roeo.
1990 5012 2157 5067 erasures

147 5060 273 5126 mcum,
292 5058 366 5128 twa
380 5064 477 5126 P⁰⁸l⁶⁰
494 5058 607 5114 ‘mmm
626 5065 671 5114 ⁶⁸²·
1180 5080 1319 5149 marciae:
1344 5079 1499 5135 Cebennam
1520 5082 1618 5135 missae
1637 5087 1700 5135 sunt
1721 5081 1774 5134 hae
1791 5081 1887 5137 literae
1905 5079 1982 5135 1551.
2001 5079 2017 5133 7
2034 5082 2155 5137 Decemb.

216 5143 246 5210 2)
268 5142 314 5200 Str
333 5145 421 5198 1111.
441 5144 556 5201 naas.
592 5146 706 5202 Caetera
722 5147 832 5203 1111111111
850 5162 920 5204 mm.
1185 5147 1378 5203 Germanicum
1395 5149 1532 5217 sempter
1547 5149 1632 5215 refert
1648 5146 1665 5201 t
1680 5148 1746 5204 Dec.
