4620 5894
143 1427 308 1494 Decanus
330 1434 364 1492 et
383 1424 525 1491 facultas
546 1423 777 1507 theologorum
794 1423 1042 1504 Parisicnsium,
1066 1444 1136 1489 om·
1161 1422 1163 1441 '
1189 1422 1240 1487 vis
1262 1428 1361 1488 rento
1384 1419 1561 1501 doctrinae,
1584 1423 1746 1487 rationem
1767 1420 1875 1499 simul,
1899 1440 1964 1504 que
1985 1422 2090 1506 possit
2111 1421 2175 1489 hoc

301 1528 401 1595 nibus
422 1529 457 1593 in
481 1527 615 1594 christo
637 1525 800 1605 fidolibus,
823 1526 982 1593 salutem,
1190 1508 1309 1585 caveri,
1333 1506 1544 1590 praescribit:
1568 1514 1608 1572 ut
1629 1509 1849 1573 coalescarnus
1867 1528 1982 1573 omncs
2004 1509 2040 1572 in
2061 1509 2173 1575 unita-

1188 1600 1256 1657 tem
1288 1591 1381 1672 fidei,
1417 1615 1516 1677 quam
1547 1593 1752 1658 eruitionem
1777 1593 1838 1658 filii
1859 1593 1924 1657 Dei
1948 1614 2020 1659 csse
2047 1592 2171 1660 definit

242 1651 346 1732 Quum
362 1649 456 1713 mie
467 1669 529 1729 Pir
546 1648 794 1714 mmmmm
811 1647 845 1711 in
865 1646 1043 1713 ‘merendis
1064 1647 1135 1729 ‘1⁰9‘
1186 1679 1292 1744 Perro
1319 1678 1419 1744 fidem
1447 1679 1526 1744 alibi
1554 1649 1642 1744 idem
1673 1687 1816 1745 testatur
1844 1679 1972 1762 concipi
1999 1700 2041 1745 ex
2069 1680 2172 1747 verbo

148 1736 290 1802 metibus
322 1735 551 1802 altercationem
589 1734 752 1798 videamus
785 1733 952 1814 plerosque
983 1732 1134 1814 fidelium,
1186 1763 1252 1829 Dei
1273 1765 1384 1850 (Rom.
1413 1767 1546 1848 1037).
1597 1765 1674 1846 Qua
1700 1766 1842 1844 ratione,
1863 1765 1928 1829 apo
1950 1785 2078 1848 quoque
2099 1765 2171 1832 1000

148 1825 246 1888 lm
266 1823 303 1886 ‚fd
323 1821 406 1903 tubi
427 1819 579 1904 presiis
598 1818 707 1885 &ribbi
728 1817 865 1899 Paula&
888 1824 1039 1900 tanquam
1055 1838 1135 1898 W·
1187 1850 1289 1934 (Eph.
1310 1855 1339 1929 2,
1359 1851 1432 1935 20),
1462 1849 1576 1916 fideles
1596 1852 1781 1934 superstrui
1800 1849 1918 1915 debere
1940 1850 2049 1931 docet,
2072 1872 2172 1935 super

150 1908 241 1974 “⁶3⁰⁸
259 1908 446 1987 smmum
466 1906 510 1971 “d
531 1926 650 1971 ‘mmm
671 1909 795 1969 comam
812 1906 954 1969 mimis
975 1904 1134 1969 ‘3⁰⁶er
1186 1936 1439 2001 fundamentum
1462 1936 1683 2020 apostolorum
1704 1944 1738 2002 et
1759 1936 2005 2020 prophetarum.
2038 1938 2086 2003 Et
2107 1937 2173 2004 Oo-
2244 1954 2249 1963 ·

150 1994 354 2093 mumfeiri
376 1998 412 2092 εἰ.
424 1993 561 2090 “ditari''
583 1995 690 2090 ΜΨ
712 1996 816 2055 autem
837 1992 974 2070 immit’
997 1990 1078 2072 qm’d
1099 1991 1134 2054 in
1185 2023 1348 2088 lossenses
1369 2022 1531 2101 hortatur,
1553 2030 1592 2087 ut
1611 2029 1830 2106 permaneant
1849 2023 1884 2087 in
1905 2022 1971 2088 fide
1983 2023 2112 2088 fundati
2133 2044 2173 2091 ee

151 2079 242 2145 ”⁰⁶¹⁸
269 2084 343 2158 ‘nt’
377 2078 564 2143 ‘lmdentes
590 2097 775 2157 mmmm
802 2078 917 2156 'ludus
944 2095 1135 2157 mmm
1187 2109 1337 2188 stabiles,
1361 2129 1468 2192 nequo
1491 2107 1651 2175 dimoveri
1680 2129 1715 2175 se
1735 2109 1907 2192 patiantur
1935 2130 1955 2174 a
1982 2130 2039 2192 spe
2069 2131 2171 2176 evan·

150 2167 190 2233 de
212 2165 411 2264 mmmm?
432 2163 694 2262 mristifmifflml
713 2162 813 2245 1339ss
833 2164 994 2261 pr9p⁰³²3⁰
1015 2162 1135 2261 “binde
1158 2188 1162 2242 l
1187 2194 1273 2280 gelii,
1295 2193 1382 2277 qued
1402 2194 1576 2260 audierant
1594 2193 1679 2280 (001.
1702 2200 1728 2273 1,
1748 2196 1814 2276 23).
1858 2193 1957 2260 Unde
1980 2203 2013 2259 et
2035 2217 2056 2260 a
2077 2196 2173 2263 Luca

146 2272 320 2334 perarua,
344 2250 497 2332 quidcem
516 2269 601 2315 circa
629 2249 780 2313 arti-culce
807 2248 898 2314 bedec
927 2271 947 2312 o
970 2248 1134 2330 pleresque
1156 2244 1159 2325 l
1185 2281 1274 2366 (Aet.
1297 2280 1422 2364 1211)

150 2343 374 2415 controversas,
404 2341 433 2400 et
455 2335 639 2401 christianis
666 2335 841 2400 decoribus
868 2333 1134 2399 concuratoribus
1185 2388 1290 2451 quum
1317 2367 1461 2450 amplexi
1484 2374 1596 2433 essent
1629 2387 1752 2451 magna
1785 2366 2045 2450 promptitudine
2072 2367 2172 2433 Pauli

147 2423 413 2522 P'wdmdum’
431 2426 471 2520 ,ά
498 2423 626 2486 mm
650 2418 769 2485 Christi
786 2420 941 2519 fidelibm
967 2441 1037 2520 ium
1058 2422 1135 2519 imi*
1186 2452 1386 2532 doctrinam,
1416 2473 1489 2518 eem
1516 2461 1630 2518 tamen
1658 2453 1700 2517 ad
1728 2453 1911 2536 scripturae
1937 2473 2079 2518 examen
2102 2454 2173 2518 exi·

152 2529 244 2575 ‘’m“
266 2514 310 2573 ⁸²⁸
330 2509 460 2575 “dem“
479 2507 674 2587 ‘mudum’
690 2526 809 2586 pam
830 2507 884 2572 '‘00
905 2508 1013 2571 (ΝΜ
1031 2526 1135 2571 ‘nsum
1186 2539 1316 2690 {ebant
1361 2539 1478 2623 Neque
1501 2560 1579 2606 vcro
1602 2539 1699 2605 aliter
1721 2547 1809 2605 stare
1831 2546 1951 2622 potest,
1976 2537 2062 2622 quod
2083 2538 2174 2605 idem
2296 2611 2298 2617 A

151 2601 197 2661 ⁶⁸²
218 2599 376 2660 “wari
820 2667 822 2671 «
1217 2625 1312 2690 aulus
1334 2625 1413 2689 alibi
1435 2625 1468 2708 (l
1489 2625 1564 2692 (lor.
1579 2629 1607 2705 2,
1621 2631 1657 2710 4)
1679 2624 1793 2702 tradit,
1815 2625 1916 2690 fidem
1937 2632 2088 2691 nestram
2104 2646 2174 2691 non

240 2713 330 2794 Quia
358 2714 439 2779 haec
462 2724 513 2778 est
538 2713 740 2796 magistralis
763 2712 924 2792 definitio,
951 2712 1135 2777 notandum
1186 2711 1223 2775 in
1250 2713 1412 2794 sapientie
1438 2712 1612 2776 hominum
1640 2713 1833 2790 consistere,
1868 2711 1926 2777 sed
1958 2711 1994 2775 in
2027 2713 2176 2796 potentia

153 2799 319 2883 estquod
344 2799 555 2882 probationes
582 2820 651 2863 non
684 2806 764 2863 sunt
791 2798 938 2864 additos:
971 2798 1136 2882 quiahoc
1186 2796 1261 2878 Dei,
1290 2798 1356 2862 nisi
1384 2798 1494 2864 asolc
1523 2797 1596 2863 Dec
1624 2797 1836 2880 pendeamus.
1887 2795 1983 2863 Sicut
2011 2798 2174 2882 scriptum

153 2886 328 2970 derogaret
361 2886 507 2968 antiquis
548 2884 679 2951 scholae
711 2885 910 2951 Parisiensis
943 2883 1133 2969 privilegiis.
1187 2891 1252 2948 est:
1279 2884 1403 2949 Audite
1424 2904 1493 2964 me,
1523 2893 1557 2948 et
1583 2885 1674 2951 rivet
1703 2885 1815 2949 anime
1843 2890 1954 2949 vestra
1978 2884 2036 2968 (Is.
2057 2889 2107 2963 bb,
2127 2885 2174 2970 3).

152 2971 221 3039 Sed
241 2979 377 3056 propter
398 2969 558 3054 quosdam
580 2971 680 3037 nimis
702 2972 864 3050 curiosos,
891 2972 948 3055 qui
969 2970 1055 3036 nihil
1076 2971 1136 3036 ho·
1187 2971 1300 3053 Atque
1327 2971 1389 3036 heo
1418 2978 1469 3035 est
1498 2969 1584 3055 qued
1616 2970 1779 3054 praecipit
1805 2971 1969 3036 Dominus
1996 2992 2056 3055 per
2084 2970 2175 3037 Iere-

152 3059 206 3124 die
227 3056 364 3124 eredere
385 3057 509 3136 velunt,
533 3058 598 3123 nisi
616 3058 700 3123 bene
721 3058 912 3140 probatum:
935 3077 996 3142 ego
1019 3057 1059 3122 de
1081 3079 1136 3123 su·
1187 3057 1305 3122 miam:
1328 3056 1507 3141 Propheta,
1531 3059 1584 3123 cui
1605 3057 1751 3124 revelavi
1773 3078 1969 3137 sermenem,
1992 3058 2175 3124 annunciet

152 3143 396 3229 perabundanti
406 3143 530 3227 aliquid
552 3144 606 3210 hic
628 3150 838 3208 transeunter
849 3143 956 3210 dicam
978 3164 1037 3226 pre
1059 3164 1136 3210 een·
1189 3163 1375 3209 sermenem
1397 3165 1510 3210 meum
1530 3144 1617 3209 bena
1638 3144 1703 3208 fide
1726 3143 1804 3228 (Ier.
1826 3146 1876 3222 23,
1896 3143 1962 3228 28).
2006 3143 2094 3208 Item
2114 3165 2176 3226 per

152 3232 347 3309 firmatione,
366 3231 436 3298 sive
455 3251 514 3314 pre
531 3229 760 3312 supplemento
778 3230 1062 3296 determinationis
1079 3252 1136 3295 su·
1187 3229 1340 3295 Petrum:
1370 3227 1409 3295 Si
1436 3231 1514 3312 quis,
1537 3229 1695 3313 loquitur,
1725 3230 1878 3313 loquatur
1900 3237 1939 3294 ut
1962 3228 2092 3312 eloquia
2108 3228 2176 3297 Dei

153 3319 355 3401 prescriptae
376 3323 411 3382 et
429 3317 516 3381 infra
537 3316 737 3381 scribendae.
781 3316 961 3399 Principio,
982 3315 1073 3382 loeus
1095 3315 1136 3380 ab
1189 3316 1222 3399 (l
1242 3316 1332 3380 Petr.
1351 3320 1382 3395 4,
1406 3317 1468 3398 11).
1528 3314 1674 3380 Proinde
1713 3316 1741 3379 si
1770 3314 1849 3399 quid
1876 3316 2176 3384 controversiarum

155 3404 334 3468 autoritate
345 3402 527 3486 plurimum
539 3402 651 3468 velere
668 3402 765 3467 debet
784 3404 820 3467 in
837 3402 982 3469 ecclesia
1020 3401 1136 3483 Quan—
1187 3401 1351 3480 inciderit,
1374 3422 1443 3466 nen
1464 3401 1636 3467 hominum
1660 3402 1797 3467 arbitrio
1815 3403 1954 3488 transigi
1977 3408 2036 3468 aut
2056 3401 2173 3485 decidi,

154 3510 251 3572 quem
273 3496 386 3554 autem
414 3489 565 3572 magistri
592 3489 697 3553 nostri
721 3487 877 3554 deficiunt
898 3490 933 3553 in
954 3489 1135 3571 scripturae
1188 3487 1246 3553 sed
1272 3508 1340 3552 una
1362 3487 1429 3553 Dei
1450 3488 1626 3554 autoritate
1648 3489 1814 3572 componi,
1844 3510 1986 3573 aequum
2006 3496 2065 3555 est
2110 3491 2174 3556 Ae

155 3575 364 3654 testimoniis,
397 3583 613 3659 compensant
645 3586 755 3641 tamen
788 3575 876 3639 hunc
908 3573 1074 3640 defectum
1100 3577 1136 3640 in
1188 3595 1253 3656 que
1273 3573 1336 3639 hoc
1357 3573 1523 3659 significet
1545 3575 1680 3654 Paulus,
1705 3597 1808 3658 quum
1830 3575 1990 3641 adversus
2012 3572 2175 3643 Satanam

154 3661 217 3725 alie
242 3661 422 3745 anteritate
445 3682 544 3744 quam
567 3661 705 3726 habent:
724 3661 880 3727 eeclesiae
897 3661 1029 3741 seilicet,
1053 3682 1136 3744 quae
1188 3681 1256 3725 non
1287 3660 1350 3726 alic
1384 3682 1444 3726 nes
1476 3660 1585 3745 gladie
1617 3670 1740 3740 armat,
1775 3682 1874 3744 quam
1907 3662 2009 3729 verbo
2037 3662 2175 3729 Domini

157 3746 354 3830 aequipollet
376 3748 562 3830 scripturis,
591 3746 644 3813 vel
666 3747 767 3812 etiam
785 3746 967 3813 secundum
989 3746 1136 3814 doctores
1189 3746 1291 3833 (Dph.
1311 3750 1340 3825 6,
1362 3747 1426 3831 17).
1476 3747 1550 3813 Hoc
1573 3768 1700 3832 quoque
1727 3748 1837 3832 ipsum
1858 3768 1918 3814 suc
1940 3749 2091 3831 exemplo
2113 3770 2175 3815 ne·

155 3832 324 3916 praevalet
343 3833 380 3897 in
401 3831 607 3899 certitudine.
644 3831 743 3914 Quod
760 3841 872 3899 autem
888 3834 1039 3917 magistri
1059 3854 1136 3900 nes·
1188 3834 1239 3900 bis
1265 3831 1410 3898 ostendit
1439 3832 1609 3898 Ohristus:
1643 3854 1746 3918 quum
1783 3855 1803 3899 a
1832 3831 1959 3899 Satana
1990 3836 2173 3916 impetitus,

156 3922 198 3984 tri
222 3920 260 3984 in
285 3939 393 3984 unum
420 3920 609 4003 congregati
635 3920 703 3984 sint
731 3919 881 3999 ecclesie,
909 3920 1068 4002 probetur
1089 3921 1136 3985 sic
1188 3940 1255 3984 nen
1277 3917 1367 3984 aliud
1384 3917 1426 3984 ad
1447 3918 1669 3986 resistendum
1691 3921 1854 4003 opposuit,
1876 3940 1975 4004 quam
1993 3920 2174 4002 scripturae

156 4006 231 4088 quia
254 4013 336 4071 sunt
358 4006 444 4072 sicut
470 4025 546 4070 arca
566 4005 647 4070 Nec.
694 4006 758 4071 Est
779 4006 869 4071 enim
890 4005 936 4071 ibi
957 4005 1135 4072 multitudo
1187 4005 1375 4071 testimonie
1397 4004 1532 4090 (Matth.
1555 4015 1585 4083 4,
1607 4011 1626 4069 4
1646 4005 1715 4090 ss).
1747 4005 1880 4088 Alioqui
1901 4026 1969 4070 non
1985 4025 2103 4070 verum
2120 4028 2173 4073 es·

157 4110 195 4156 ex
216 4092 309 4156 omni
326 4112 449 4176 genere
464 4091 666 4157 animalium.
702 4091 831 4158 Deinde
847 4113 948 4176 quum
966 4092 1002 4156 in
1023 4091 1136 4159 schole
1188 4101 1239 4159 set
1256 4092 1409 4176 elogium,
1428 4111 1492 4175 quc
1510 4111 1584 4157 acm
1600 4091 1728 4157 Paulus
1746 4090 1963 4170 commendat,
1985 4112 2088 4240 qluum
2105 4093 2173 4158 uti-

159 4176 369 4276 Pythagerae
404 4184 536 4242 tantum
563 4177 663 4243 unius
696 4178 840 4244 hominis
874 4177 1016 4245 valuerit
1042 4185 1135 4244 auto-
1186 4177 1253 4244 lem
1281 4198 1353 4245 esse
1378 4184 1534 4257 testatur,
1562 4199 1630 4242 nen
1658 4176 1701 4243 ad
1724 4176 1908 4244 docendum
1934 4197 1989 4241 mc
2012 4198 2045 4256 c,
2075 4184 2109 4242 et
2129 4178 2174 4244 ad

1440 2281 1559 2346 merito
1577 2280 1759 2346 laudentur
1776 2280 2097 2360 Thessalonicenses,
2116 2283 2174 2366 qui
2284 2282 2288 2289 ’

159 4272 249 4342 ntes,
277 4270 317 4328 ut
339 4262 382 4329 ad
405 4262 632 4348 probationem
653 4264 818 4331 sufficeret
838 4263 921 4328 illud
942 4264 1019 4346 Ipse
1040 4263 1134 4343 dixit,
1187 4264 1406 4344 menendum,
1437 4263 1495 4330 sed
1528 4264 1629 4330 etiam
1664 4263 1707 4329 ad
1739 4261 2004 4346 redarguendum
2028 4261 2063 4347 (2
2086 4264 2170 4329 rim
2287 4280 2292 4287 ·

160 4355 278 4433 quanto
314 4350 423 4435 magis
454 4350 605 4416 sufficere
635 4349 745 4430 debet,
779 4350 866 4434 quod
900 4356 951 4413 tot
984 4351 1135 4434 magistri
1189 4355 1218 4430 3,
1244 4349 1309 4434 16).
1353 4351 1445 4435 Ergo
1468 4371 1570 4433 quum
1598 4371 1688 4416 nunc
1716 4349 1907 4431 opinionum
1934 4349 2096 4414 verietate
2117 4357 2171 4415 tu·

162 4437 260 4502 nostri
281 4435 381 4501 simul
408 4455 478 4500 una
498 4456 578 4503 voce
600 4435 765 4502 dixerunt
808 4435 1011 4502 Praesertim
1032 4457 1136 4518 quum
1187 4436 1370 4501 multuetur
1391 4435 1550 4516 mundus,
1579 4435 1641 4502 hcc
1668 4436 1764 4499 unico
1791 4433 1937 4499 remedio
1958 4433 2053 4500 nobis
2074 4449 2172 4502 uten-

162 4530 234 4587 mte
253 4521 489 4588 resolutionem
504 4523 625 4588 factam
643 4530 775 4589 cantata
785 4523 829 4588 sit
844 4522 910 4588 illis
921 4523 1018 4588 basse
1035 4523 1137 4587 missa
1187 4521 1266 4587 dum
1283 4528 1342 4587 est
1387 4522 1442 4588 Ad
1463 4523 1659 4604 scripturam
1681 4520 1763 4599 dico,
1781 4520 1844 4600 rel,
1866 4528 1905 4585 nt
1926 4519 1974 4585 ait
1993 4519 2108 4602 Isaiae,
2129 4520 2173 4590 ad

165 4605 201 4670 de
225 4607 347 4690 spiritu
374 4616 496 4673 sancte.
540 4608 587 4674 Et
614 4631 716 4693 quum
738 4631 780 4675 ex
800 4617 894 4692 parte
916 4608 1042 4674 fuerint
1059 4609 1136 4673 illu·
1186 4609 1295 4693 legem
1323 4614 1357 4672 et
1382 4609 1608 4674 testimenium
1632 4607 1690 4691 (Is.
1716 4609 1746 4685 8,
1771 4609 1843 4690 20),
1872 4612 2032 4690 tanquam
2056 4607 2098 4672 ed
2120 4630 2171 4674 sa-

165 4693 274 4758 minati
289 4700 371 4844 pest
391 4694 608 4774 ientaculum,
638 4717 680 4761 ex
701 4701 795 4780 parte
817 4717 896 4761 vere
917 4694 1016 4761 nelesi
1036 4716 1135 4780 prop·
1187 4715 1278 4760 cram
1295 4694 1483 4772 anchoram,
1502 4690 1767 4777 confugiendum,
1784 4700 1825 4757 ut
1841 4692 2026 4759 secundum
2033 4693 2172 4775 apostoli

167 4782 212 4842 ter
230 4778 289 4845 cho
302 4800 395 4846 eram
412 4781 449 4845 in
470 4780 581 4846 ieiune
604 4785 771 4849 stomacho
793 4780 1025 4848 dominantem.
1186 4788 1408 4864 pracceptum,
1431 4801 1536 4845 unum
1555 4778 1736 4843 sentiamus
1758 4798 1883 4859 omnes,
1905 4777 1964 4845 sed
1981 4779 2016 4842 in
2033 4777 2170 4847 Christe

1189 4867 1301 4952 (Rem.
1326 4870 1374 4944 15,
1394 4866 1439 4947 5).
1482 4864 1657 4931 Praeclare
1685 4865 1773 4929 enim
1795 4865 2019 4949 Augustinus:
2048 4864 2106 4929 ubi
2128 4864 2170 4932 de

536 4932 763 4991 ANTIDOEUM·
1189 4974 1226 5020 re
1243 4951 1381 5018 obscura
1401 4951 1603 5034 disputetur,
1632 4971 1700 5016 nen
1727 4950 1963 5017 adiuvantibus
1984 4950 2170 5034 scripturae

246 5033 357 5117 Quum
384 5043 477 5103 vetat
504 5037 670 5120 apostolus
697 5059 758 5104 nos
787 5038 912 5105 similes
932 5060 1005 5106 esse
1025 5041 1138 5123 pueris
1190 5039 1322 5104 divinae
1344 5037 1443 5103 certis
1465 5036 1627 5121 clarisque
1650 5037 1861 5116 testimoniis,
1880 5036 2033 5104 cohibere
2054 5056 2091 5101 se
2111 5034 2169 5102 de-

174 5116 262 5201 (llph.
279 5127 309 5202 4,
330 5123 395 5206 14),
412 5122 470 5206 qui
488 5124 695 5203 fluctuemus,
718 5132 752 5191 ct
768 5124 1040 5192 circumferamur
1056 5146 1137 5210 que·
1188 5124 1245 5191 bet
1270 5124 1416 5190 humana
1441 5125 1680 5209 praesumptio,
1713 5123 1799 5189 nihil
1824 5123 1947 5190 faeiem
1972 5120 2111 5187 alteram
2132 5122 2170 5188 in

1931 5221 1967 5276 10
