4620 5894
926 239 1295 313 Pnonsaosfflrsa,
1981 250 2125 319 XXVII

99 432 260 495 mmet:
286 448 392 495 secum
418 428 521 494 rident
548 429 667 509 mmia,
695 433 724 495 et
744 429 899 512 quidquid
920 430 957 495 in
974 432 1091 498 mundo
1113 437 1158 498 est
1178 432 1260 498 nibil
1281 426 1352 500 esse
1371 434 1470 500 aiunt.
1518 435 1585 518 Quo
1604 435 1642 517 fit
1662 443 1698 502 ut
1718 437 1807 504 bodie
1826 439 1908 505 tatia
1928 459 1961 505 se
1978 440 2123 524 dapmata

101 540 277 606 tradidisse
296 542 354 605 dut
374 544 517 623 smunlos
537 560 603 606 esse
624 545 743 624 nepem,
765 541 843 622 quic
864 562 903 607 eu
925 562 1031 607 eorum
1052 545 1203 610 sententia
1224 546 1367 611 dactmna
1387 545 1529 627 ipsarum
1550 547 1632 612 nibil
1652 553 1712 629 est,
1735 554 1764 614 et
1780 570 1878 631 quum
1899 550 2018 633 loquuti
2040 558 2122 634 sunt,

101 650 185 717 nibil
205 652 366 717 diruunt.
413 652 494 734 Quis
515 652 558 717 ad
575 656 642 717 tam
662 652 779 717 insana
799 653 917 719 deluis
937 673 1002 720 non
1023 655 1239 738 obstupescat?
1287 655 1435 737 Proinde,
1457 659 1608 739 quoniam
1630 660 1752 726 matum
1771 660 1966 745 laciomaus
1983 664 2124 745 serpebat

103 765 139 829 in
162 762 286 842 Gadis,
306 783 345 828 ac
364 763 466 828 multa
486 765 553 828 iam
572 762 734 829 bominum
754 764 859 829 mitia
880 771 1026 847 corrupm
1046 771 1150 847 mant,
1168 767 1237 832 ideo
1257 768 1371 852 palliae
1392 769 1522 849 scripsit
1544 767 1711 845 θαῑαίααε,
1732 778 1768 837 ut
1783 775 1972 853 prammtim
1996 774 2124 858 linquae

103 879 232 940 naneae
258 873 436 940 mulabus
460 875 639 940 subueniret.
686 874 749 941 Sed
769 896 867 958 quum
893 877 1104 961 lundunam,
1125 898 1187 942 non
1207 879 1316 944 minus
1339 880 1376 943 iu
1398 879 1578 961 Flandria,
1601 880 1798 962 Brabantia,
1820 888 1849 948 et
1867 885 2026 951 nonnullis
2047 886 2125 968 inse-

102 986 205 1051 rioris
228 985 422 1052 Gennaniae
437 986 585 1068 partibus
605 985 686 1052 banc
702 992 822 1070 putero
841 989 996 1072 pressari,
1019 990 1200 1055 enistimaai
1216 1010 1266 1055 me
1283 1010 1349 1056 rem
1359 992 1431 1072 piis
1447 992 1590 1057 orandus
1605 999 1732 1077 pratam
1747 994 1916 1076 factmmn,
1938 998 1969 1061 si
1985 996 2124 1063 libellum

104 1096 187 1162 bunc
212 1102 389 1163 muneraris
417 1098 594 1164 mmunia
618 1098 756 1181 facerem
783 1099 866 1182 ipsis
893 1098 968 1164 baec
994 1120 1102 1180 arura,
1129 1100 1243 1182 quibus
1269 1103 1386 1167 muniti
1408 1104 1532 1184 possint
1559 1124 1626 1169 mea
1652 1103 1812 1171 rromsaun
1840 1111 1905 1171 tam
1926 1109 2123 1188 perniciosos

105 1208 207 1275 testes
232 1209 396 1291 depellere,
424 1215 472 1289 ut,
500 1211 530 1274 si
555 1230 673 1275 manus
700 1211 904 1276 conserendae
930 1213 995 1276 sint
1020 1230 1091 1277 cum
1121 1213 1216 1294 ipsis,
1249 1213 1381 1280 habeant
1407 1215 1488 1279 unde
1514 1235 1621 1281 eorum
1648 1216 1710 1281 tela
1737 1221 1765 1281 et
1794 1218 1919 1300 pladios
1949 1219 2125 1284 returrdant.

107 1320 192 1387 durat
210 1321 298 1386 enim
320 1320 372 1388 bic
393 1322 500 1386 onmia
522 1321 687 1403 desumpta
707 1341 746 1387 ca
767 1322 856 1387 uerbo
878 1321 957 1402 Dei,
979 1345 1041 1405 quo
1059 1324 1124 1390 solo
1144 1325 1231 1406 falsa
1252 1326 1354 1390 ornnis
1375 1325 1518 1391 doctmna
1539 1328 1745 1393 maniacenda
1765 1332 1816 1393 est.
1861 1328 1962 1394 Haud
1983 1331 2125 1412 equidem

105 1432 246 1500 adina
266 1432 497 1499 diutumiorem
518 1432 587 1515 sore
613 1431 693 1498 lanc
719 1438 848 1514 sectam,
873 1455 971 1517 quum
992 1434 1031 1500 ab
1053 1436 1137 1500 anmi
1157 1436 1301 1502 naturali
1322 1456 1417 1502 suasu
1440 1437 1487 1502 ita
1509 1436 1686 1518 abhorreat,
1714 1443 1749 1504 ut
1769 1439 1874 1505 nullos
1894 1441 1961 1505 nisi
1982 1440 2125 1523 deplora

105 1546 249 1611 tissimos
276 1545 306 1609 ei
331 1544 502 1611 adlmerere
528 1546 595 1610 neri
622 1545 725 1611 simile
751 1546 802 1610 sit.
849 1545 912 1612 Sed
933 1566 1029 1629 quum
1048 1552 1137 1612 taneta
1153 1548 1195 1612 sit
1216 1548 1410 1631 inpratitudc
1427 1553 1550 1628 nostra,
1572 1552 1608 1612 ut
1627 1549 1712 1633 turpe
1734 1551 1827 1614 diam
1848 1551 2003 1617 deteriora
2024 1553 2126 1618 nerem

106 1661 255 1740 oporteat,
277 1676 336 1721 ncs
356 1660 435 1721 certe
455 1656 621 1723 instructos
641 1677 707 1723 esse
727 1656 816 1723 cerba
837 1657 903 1724 Dei
923 1678 1042 1724 numae
1063 1663 1122 1725 est:
1144 1663 1237 1740 atque
1258 1657 1309 1723 bic
1329 1660 1414 1724 uelut
1431 1661 1466 1723 in
1483 1660 1607 1740 speculo
1625 1661 1835 1742 contemplari,
1858 1662 1949 1744 quale
1970 1663 2126 1728 iudicium

106 1767 199 1835 Deus
219 1773 361 1834 maneat
380 1768 417 1832 in
438 1788 488 1832 eas
509 1768 565 1851 qui
586 1774 781 1835 saaosancto
802 1770 871 1835 eius
891 1769 1049 1852 enanqelio
1071 1770 1114 1835 ad
1135 1789 1214 1834 suas
1233 1769 1380 1836 libidines
1401 1771 1588 1851 atumrdur,
1617 1777 1673 1837 aut
1699 1775 1806 1855 ipsum
1832 1773 1869 1837 iu
1890 1793 2006 1839 cauam
2021 1773 2126 1855 pido

104 1878 251 1963 saptiam
270 1884 458 1947 catenant.
504 1879 569 1945 Nec
596 1900 669 1946 cero
695 1880 820 1946 libellus
846 1880 898 1946 bic
923 1881 1000 1947 runi
1027 1885 1150 1947 tanatum
1176 1882 1236 1946 erit
1262 1882 1345 1965 quod
1372 1903 1405 1948 eo
1432 1881 1590 1947 Libertini
1617 1884 1818 1965 refellantur,
1851 1885 1906 1950 sed
1928 1885 2023 1950 etiam
2044 1887 2127 1968 qnod

103 1991 213 2057 diem
232 1991 356 2073 alioqui
370 2010 434 2074 per
454 2011 487 2056 se
507 1991 682 2057 dadrincm
703 1996 731 2056 ct
749 1992 959 2074 familiariter
979 1991 1167 2075 explicatam
1189 1994 1352 2072 sustineat,
1381 2013 1479 2075 quum
1499 1993 1537 2058 de
1557 1992 1635 2058 aliis
1656 1993 1765 2074 rebus,
1789 1999 1858 2059 tum
1879 1995 1918 2058 de
1938 1996 2065 2076 spiritu,
2088 1996 2127 2063 de

98 2102 303 2187 previdentia
328 2101 408 2183 Dei,
442 2103 480 2168 de
509 2103 648 2168 libertate
675 2101 864 2183 christiana,
897 2104 935 2168 de
966 2105 1203 2183 resurrectione,
1235 2105 1274 2170 de
1302 2106 1471 2185 coemunt,
1501 2105 1540 2170 de
1571 2105 1814 2188 reponeretianc,
1843 2106 1882 2171 de
1914 2108 2126 2174 carnmunione

103 2214 264 2280 bonarum.
312 2213 402 2295 Quae
422 2214 544 2279 tmnetsi
565 2217 633 2279 mm
651 2215 732 2280 aliis
752 2214 853 2295 libris,
875 2220 942 2280 turn
961 2215 1160 2281 Institctione
1176 2216 1297 2281 abunde
1313 2219 1497 2294 tractantur,
1518 2221 1622 2281 tamen
1639 2221 1667 2281 et
1684 2217 1727 2282 ad
1742 2216 1945 2298 formandum
1961 2217 2126 2300 iudicium,

103 2333 132 2392 et
151 2328 198 2393 ad
219 2325 397 2409 pleniorem
424 2325 661 2409 intellipcntiam
681 2346 742 2390 non
767 2347 886 2409 parum
912 2327 1006 2407 calet,
1037 2347 1105 2393 rem
1131 2327 1260 2394 eandam
1287 2329 1376 2393 carie
1403 2328 1566 2410 amenaque
1591 2326 1691 2393 nitito
1719 2329 1825 2393 minus
1852 2347 1947 2394 sensu
1974 2330 2126 2395 traditam

105 2458 235 2505 cumae.
282 2433 371 2504 Haec
393 2458 447 2521 epo
466 2456 564 2519 mum
584 2437 621 2502 in
635 2438 768 2518 piarum
788 2439 927 2504 mimium
949 2439 1087 2523 qratiam
1113 2444 1272 2518 cutmen,
1300 2439 1408 2505 celum
1433 2443 1537 2505 tamen
1566 2438 1665 2506 aliena
1691 2439 1894 2523 potissimum
1922 2440 2059 2522 mittere,
2090 2444 2125 2507 tu

100 2549 183 2617 nus
202 2550 242 2615 in
260 2554 394 2615 mmmm
412 2550 536 2629 renuti,
557 2550 609 2615 cui
630 2548 777 2616 libandus
798 2571 835 2616 ea
856 2551 1003 2616 dicarem.
1056 2549 1131 2616 Vidi
1153 2552 1236 2615 enim
1256 2570 1294 2615 ac
1309 2527 1580 2634 perspeuiquam
1601 2551 1649 2615 sis
1669 2571 1761 2616 cerae
1777 2552 1909 2632 pietatis
1931 2556 1962 2616 et
1981 2551 2123 2618 sincerae

101 2662 264 2728 doctrinae
283 2662 455 2727 smdiosus.
488 2659 634 2727 Intellexi
654 2681 717 2725 nan
737 2666 859 2726 tantum
880 2662 995 2727 eatuis
1016 2663 1217 2741 serannibus,
1239 2662 1293 2728 sed
1310 2663 1502 2744 experientia
1518 2662 1592 2744 ipsc
1609 2663 1719 2741 didici,
1738 2667 1854 2743 quanto
1875 2663 2017 2726 animum
2033 2669 2123 2729 cnm
2234 2706 2236 2711 -

103 2774 207 2840 dabre
227 2772 375 2855 afficiam
394 2772 454 2838 bae
473 2778 628 2839 sectarum
648 2778 752 2854 pestes
780 2793 860 2855 quas
886 2774 964 2840 aliis
991 2774 1085 2839 etiam
1110 2774 1238 2855 saura
1265 2774 1496 2857 oppupnaudas
1522 2774 1651 2840 curasti.
1701 2772 1872 2840 Ostendisti
1896 2794 1992 2856 quam
2013 2775 2124 2858 laipno

102 2886 321 2969 miratores
332 2885 481 2950 misaam
488 2883 618 2966 plebem
639 2889 667 2950 et
682 2885 865 2966 pastoribus
875 2890 905 2949 et
922 2885 1064 2952 doctina
1085 2887 1121 2950 in
1141 2885 1200 2950 bac
1219 2905 1325 2952 rerum
1341 2884 1574 2968 perturbatione
1592 2885 1781 2964 destitrdam,
1802 2884 2036 2965 adpendarum
2049 2887 2126 2953 ista·

102 3020 177 3065 rum
192 2996 368 3081 fraudibus
388 2997 425 3061 in
444 2997 578 3061 esitium
594 2997 677 3062 duci.
713 2997 816 3078 ραααι
832 2997 931 3080 iqitur
949 2997 1122 3062 bancluem
1132 2997 1337 3081 proflipatam
1352 2997 1474 3078 cupias,
1496 3002 1526 3062 et
1542 2997 1671 3080 scriptis
1684 2994 1810 3062 Calbim
1826 2997 1964 3082 insipnis
1980 2995 2125 3064 amane

99 3111 244 3194 pastoris
269 3128 466 3191 summopere
497 3108 670 3187 madan,
698 3129 779 3190 quae
806 3109 862 3174 tibi
887 3108 999 3192 pallice
1025 3110 1145 3190 scripta
1166 3108 1376 3188 placuissem,
1405 3109 1512 3174 cadem
1540 3108 1642 3175 ladna
1669 3107 1756 3190 facta
1776 3128 1838 3173 non
1858 3108 2036 3174 iniucunda
2055 3108 2124 3191 sore

105 3222 295 3289 animani.
342 3220 415 3286 Non
441 3220 524 3302 quod
550 3219 614 3286 ista
639 3239 711 3285 arm
738 3219 806 3285 iltis
827 3221 1007 3301 comparari
1023 3221 1149 3301 possint
1169 3221 1329 3301 (praedm
1350 3220 1433 3286 enim
1453 3240 1535 3301 quac
1556 3220 1595 3284 ab
1617 3224 1725 3285 autore
1746 3219 1866 3302 scripta
1887 3223 1961 3284 sunt
1982 3239 2078 3300 mam
2098 3240 2121 3286 a

104 3353 321 3401 mcconnersa
341 3332 463 3417 lepore),
485 3331 540 3397 sed
561 3331 712 3414 quonum
731 3351 769 3395 ea
789 3351 871 3413 quac
888 3332 1015 3414 linquae
1035 3337 1161 3396 nostrae
1182 3331 1359 3397 bominibus
1379 3332 1512 3398 seorsim
1532 3331 1650 3413 scripta
1671 3330 1869 3408 uidebantur,
1892 3330 2022 3403 caeteris
2043 3349 2125 3396 cnm·

103 3446 263 3511 manicati
290 3445 367 3509 utile
393 3442 453 3524 e'st,
485 3444 599 3525 quibus
625 3444 722 3509 etiam
743 3464 806 3525 pro
833 3443 1008 3508 christiana
1036 3444 1154 3526 pietate
1184 3448 1241 3508 tua
1273 3442 1345 3508 bene
1377 3442 1552 3509 cmsrdtum
1583 3442 1682 3523 cupis.
1731 3439 1936 3524 Quamobrem
1965 3440 2024 3507 sub
2056 3443 2122 3509 tuis

104 3558 261 3640 “epuiis
288 3555 362 3622 lraec
383 3556 516 3636 produc
540 3555 641 3635 uolui,
668 3555 760 3621 cuius
779 3555 886 3638 qratia
907 3559 935 3619 ct
955 3574 1051 3637 opera
1071 3554 1105 3618 in
1126 3574 1224 3635 quarn
1239 3555 1454 3637 plurimorum
1474 3574 1591 3619 manns
1609 3553 1801 3636 pervenient,
1835 3557 1864 3616 et
1890 3572 2052 3637 napum
2086 3559 2123 3619 ut

105 3689 201 3751 nero,
221 3669 362 3751 triadum
382 3672 457 3731 scuit
478 3666 628 3733 allatura.
675 3664 838 3732 caman
855 3687 915 3731 aon
937 3672 1003 3731 tam
1023 3665 1074 3732 bic
1092 3668 1246 3733 samonis
1266 3673 1411 3732 mmum
1428 3685 1524 3748 quam
1540 3666 1700 3731 rationum
1717 3670 1872 3730 uanam
1887 3666 1999 3746 quaeri
2016 3664 2119 3730 celim.

107 3780 147 3845 Is
165 3780 223 3847 bac
236 3780 412 3863 praecmue
439 3778 549 3844 studm
576 3783 610 3843 ut
636 3783 766 3844 martem
793 3779 916 3845 autoris
939 3777 1072 3859 fideliter
1097 3783 1126 3844 et
1150 3778 1245 3860 facilc
1271 3780 1495 3859 exprimerem,
1527 3783 1556 3843 et
1580 3777 1725 3859 quamvis
1751 3776 1932 3857 peculiares
1962 3777 2117 3858 quasdam

106 3891 212 3959 labem
238 3890 385 3973 loquendi
408 3890 545 3972 famas,
574 3910 654 3970 quae
681 3890 778 3955 latine
804 3909 902 3971 ncqm
929 3890 1062 3971 (αραααα
1088 3911 1185 3972 neque
1210 3891 1276 3955 nim
1302 3890 1432 3955 eundern
1457 3891 1590 3954 retinere
1610 3893 1760 3969 possunt,
1790 3888 1943 3969 efficerem
1960 3893 2064 3953 tamur
2084 3891 2121 3951 ut

107 4023 214 4071 ansas
241 4002 386 4068 manus
409 4003 491 4068 satis
516 4002 655 4068 dducide
687 4007 846 4067 constaret.
893 4001 981 4083 Quod
1012 4023 1056 4067 an
1087 4003 1151 4067 mm
1183 4007 1384 4085 assequutus,
1417 4000 1473 4065 tibi
1505 4001 1696 4081 caeterisque
1727 3999 1936 4064 induendum
1968 3998 2116 4078 relinqua.

109 4116 266 4183 Dominus
291 4134 371 4180 snas
390 4115 427 4179 in
447 4118 476 4178 te
496 4113 580 4180 dotes
600 4119 728 4198 aupeat,
756 4119 785 4179 et
806 4119 835 4178 te
856 4113 1039 4180 incolumem
1059 4118 1158 4179 seruet
1178 4134 1216 4179 ac
1233 4120 1359 4179 tucatur
1378 4115 1414 4178 in
1435 4132 1473 4178 ea
1493 4111 1555 4192 fide
1576 4116 1604 4176 et
1625 4113 1801 4178 constantia
1822 4111 1944 4191 inqua
1971 4109 2118 4176 lmetnrus

106 4227 276 4309 perstitidi
321 4225 435 4292 Idibus
455 4224 554 4291 Mart.
578 4224 679 4293 MD.
695 4225 760 4290 XL
769 4225 826 4292 VI.

257 4338 358 4404 Hanc
386 4358 481 4403 suam
505 4338 679 4420 epistolam
706 4337 979 4420 nuncupatoriam
1002 4336 1169 4403 Gallonius
1196 4344 1308 4421 postea
1339 4336 1538 4402 invariatum
1569 4335 1711 4400 inseruit
1742 4332 1868 4415 corpori
1903 4332 2119 4400 Tractatum

110 4452 404 4518 calvinianos-uma
425 4470 461 4515 se
482 4448 579 4515 edito.
624 4450 737 4514 Tertia
757 4449 935 4531 eadamque
956 4446 1074 4513 ultima
1095 4450 1167 4514 vice
1189 4470 1309 4514 excusa
1330 4455 1467 4532 apparet
1488 4449 1524 4512 in
1546 4445 1689 4511 editione
1711 4443 1955 4527 Opusculorum
1978 4463 2008 4509 a.
2035 4447 2117 4510 1563

88 4563 300 4635 .aBarbirio
326 4567 441 4627 canta
466 4559 524 4626 abi
551 4567 664 4627 tamen
691 4582 758 4626 non
786 4560 943 4639 Fallssio,
978 4559 1036 4624 ssd
1067 4558 1311 4626 Clarissimo
1343 4560 1434 4627 viro
1467 4557 1645 4641 Gaspari
1677 4554 1879 4621 Oleviana
1911 4555 2117 4622 ecclesiae

111 4672 481 4757 Heidelbergensis
501 4670 584 4738 fido
606 4673 765 4757 pastori
786 4673 945 4756 inscripta
966 4677 1025 4736 est
1059 4669 1173 4752 Quum
1194 4673 1283 4738 anim
1305 4671 1365 4738 sub
1387 4673 1489 4736 finem
1509 4690 1537 4734 a.
1554 4672 1633 4732 1551
1654 4667 1690 4731 in
1708 4668 1832 4732 famosa
1848 4666 1907 4732 illa
1917 4667 2116 4752 Hieronymi

113 4785 253 4853 Bobaaci
274 4804 384 4863 causa,
407 4805 505 4868 quem
526 4784 671 4850 ministri
688 4784 904 4852 Gensvsnsss
922 4784 1006 4848 duae
1024 4782 1162 4849 Calvino
1179 4783 1353 4850 haereseos
1370 4787 1564 4849 accusarant
1582 4779 1670 4862 apud
1688 4779 1930 4862 magistratum,
1952 4776 2115 4845 Fallesius

113 4916 165 4981 pra
189 4917 248 4963 rea
272 4895 394 4962 acriter
418 4896 585 4980 exagitato
611 4916 672 4979 per
696 4896 810 4961 literas
836 4895 985 4980 publicas
1007 4897 1259 4975 intercessisset,
1286 4895 1336 4960 illi
1357 4895 1516 4978 pristinas
1538 4891 1701 4957 amicitiae
1722 4889 1854 4956 vinculo
1876 4888 1983 4954 soluto
2005 4889 2115 4954 virum

114 5018 202 5075 miss
227 5007 375 5073 maxime
401 5009 612 5075 observatum
640 5007 748 5075 vitare
775 5015 955 5093 coeperunt
981 5014 1016 5071 st
1036 5028 1114 5071 mox
1136 5005 1177 5071 ab
1199 5028 1237 5072 eo
1259 5015 1373 5091 aperte
1394 5005 1533 5088 seiungi.
1577 5003 1671 5070 Haec
1692 5021 1820 5086 quoque
1842 4999 1991 5067 Gallasio
2013 5020 2115 5067 causa

116 5120 170 5186 init
188 5116 366 5185 mutandas
387 5119 609 5187 dedicationis.
654 5118 728 5185 Iam
749 5126 783 5185 et
803 5119 838 5184 in
860 5120 931 5202 ipso
953 5117 1109 5202 epistolae
1127 5126 1222 5183 textu
1239 5117 1399 5185 nonnulla
1417 5116 1513 5183 aliter
1529 5116 1685 5201 leguntur
1702 5115 1738 5177 in
1756 5114 1818 5180 hac
1837 5111 1954 5178 alima
1970 5110 2113 5177 editione

1865 5236 1910 5291 Dr
