4620 5894
151 214 214 277 283
951 206 1017 273 Da
1038 206 1261 273 AETERNA
1281 206 1367 273 DEI
2104 206 2165 271 284

148 396 363 479 subsequenti
393 394 566 459 hominnm
598 415 711 471 cursu,
744 402 783 459 ut
810 394 880 460 sola
912 400 1023 458 tamen
1057 394 1129 459 eius
1152 397 1156 471 l
1180 396 1308 459 confert
1327 394 1478 479 Pighius.
1523 392 1672 477 Quodsi
1694 392 1871 469 illidetur,
1894 412 1938 457 ne
1960 392 2009 457 sic
2031 388 2162 474 quidem

148 480 373 549 misericordia
394 480 492 565 (quae
518 482 664 547 iacentes
684 479 796 563 erigit,
826 490 974 545 errantes
1002 479 1130 543 reducit
1153 482 1156 553 l
1181 480 1308 545 solutus
1326 490 1377 545 est
1394 480 1512 545 nodus:
1535 482 1613 563 quia
1629 500 1736 563 neque
1754 477 1795 543 de
1812 478 1918 543 nihilo
1935 478 2161 561 quaestionem

148 570 186 634 in
207 570 313 645 viam,
340 568 407 637 imo
434 567 469 629 in
492 567 597 629 vitam
619 566 758 632 suscitat
778 576 942 643 mortuos,
977 574 1011 630 et
1032 578 1130 632 vocat
1153 590 1157 621 ι
1181 578 1294 631 movet
1315 566 1457 631 Paulus:
1487 576 1585 649 atque
1606 566 1655 631 ita
1674 564 1862 649 respondet,
1884 570 1925 628 ut
1945 562 2036 646 quod
2058 560 2161 627 obiec-

148 674 233 737 quao
254 672 322 717 non
345 652 435 729 sunt)
458 652 678 735 principatum
701 660 821 716 teneat.
1182 660 1252 715 tum
1289 652 1330 717 ab
1369 650 1567 717 adversariis
1593 652 1717 731 luerat,
1757 671 1874 715 verum
1904 670 1978 715 esse
2008 650 2160 713 fateatur.

236 738 394 821 Sequitur
407 738 549 803 alterum
567 738 608 801 de
620 738 768 820 reprobis
778 738 975 813 membrum,
987 756 1127 817 quorum
1154 798 1157 813 ,
1181 735 1272 817 Quid
1317 746 1427 803 tamen
1442 742 1466 819 ¹)
1512 736 1672 803 eiusmodi
1716 736 1994 821 tergiversatione
2033 732 2161 817 proficit

149 826 295 890 maxime
316 822 444 887 illustre
473 822 643 905 exemplar
671 824 707 887 ιιι
728 822 905 889 Pharaone
924 822 1128 905 proponitur.
1153 830 1157 897 i
1181 822 1334 905 Pighius,
1368 824 1434 889 nisi
1460 832 1500 887 ut
1527 822 1779 907 tergiversando
1812 822 1935 885 malam
1962 840 2101 887 causam
2127 840 2161 885 sc

148 912 255 977 Porro
283 910 323 975 de
351 928 389 973 eo
417 910 464 975 sic
487 908 630 991 loquitur
653 908 746 973 Deus
775 907 864 992 apud
886 908 1041 991 Moysen:
1087 907 1129 971 In
1154 906 1157 935 ¹
1182 908 1305 973 habere
1331 908 1472 991 prodat?
1516 910 1645 973 Verum
1667 910 1740 992 quis
1767 907 1832 985 illi,
1854 906 1941 990 qnod
1963 908 2064 989 petit,
2086 924 2161 970 con-

149 996 212 1063 hoe
230 994 384 1061 constitui
404 1002 446 1065 te,
465 1002 503 1057 nt
521 995 581 1059 tibi
599 994 806 1059 ostenderem
820 996 999 1077 potentiam
1012 1014 1128 1057 meam.
1154 942 1157 1083 l
1182 992 1299 1058 cedat?
1328 994 1458 1077 quando
1478 996 1525 1058 ita
1547 994 1710 1061 violenter
1731 994 1892 1075 disiungit
1914 1014 1999 1075 quac
2017 992 2107 1057 inter
2127 1012 2162 1055 se

149 1082 218 1147 Pro
248 1104 311 1163 quo
345 1080 487 1145 fideliter
514 1080 639 1145 Paulus
672 1092 831 1163 tanquam
863 1080 1000 1145 verbum
1028 1078 1130 1143 verbo
1153 1134 1157 1189 Ι
1181 1078 1372 1145 cohaerent:
1409 1102 1493 1163 quac
1519 1090 1630 1145 autom
1663 1080 1774 1163 palam
1803 1078 1968 1144 disiuncta
1996 1085 2094 1153 sunt,
2128 1078 2161 1141 in

149 1167 307 1233 reddidit:
341 1166 383 1231 In
418 1166 480 1230 hoc
508 1166 651 1231 excitavi
683 1178 724 1231 te.
774 1168 839 1230 Est
870 1166 959 1229 enim
991 1163 1130 1229 verbum
1154 1208 1157 1253 t
1181 1186 1287 1229 unum
1319 1166 1512 1231 fasciculum
1544 1166 1732 1249 compingit.
1787 1166 1973 1247 Postquam
2005 1162 2161 1245 reprobos

148 1263 276 1319 HIPHIL
310 1250 487 1316 deductum
514 1272 534 1315 a
566 1250 676 1315 radico
708 1259 782 1329 lpag.
807 1257 861 1330 58]
891 1260 1013 1328 halat),
1043 1250 1129 1333 quod
1181 1258 1215 1313 et
1236 1250 1356 1316 clectos
1383 1252 1747 1335 incomprehensibili2)
1767 1251 1832 1316 Dei
1861 1248 1998 1315 consilio
2020 1246 2162 1315 discerni

150 1338 250 1405 Stare
270 1340 442 1421 significat.
456 1338 480 1419 ¹)
521 1336 706 1401 Productus
728 1358 806 1420 crgo
824 1338 860 1400 in
881 1334 1026 1400 medinm
1050 1334 1130 1400 dici·
1180 1336 1307 1399 Paulus
1325 1336 1444 1413 docuit,
1467 1358 1533 1402 une
1550 1346 1708 1403 contextu
1723 1338 1838 1401 infert:
1857 1336 1949 1419 Ergo
1967 1335 2065 1401 cuius
2082 1334 2161 1413 vult,

148 1424 358 1503 turPharao,
379 1424 415 1487 in
437 1444 501 1507 quo
523 1424 616 1487 Deus
636 1422 847 1487 memorabile
864 1444 943 1487 suae
964 1422 1130 1503 potentiae
1153 1458 1157 1509 ᾗ
1180 1422 1372 1499 miseretur,
1400 1432 1435 1488 ct
1464 1444 1564 1505 quem
1591 1422 1667 1489 vult
1693 1421 1836 1487 indurat.
1882 1420 2028 1487 Subiicit
2049 1428 2162 1503 postea

151 1510 318 1593 specimen
340 1508 460 1575 ederet.
484 1508 581 1575 Unde
603 1528 702 1591 porro
721 1530 798 1572 enm
810 1508 975 1573 Dominus
995 1508 1129 1589 accepit,
1153 1526 1157 1587 ξ
1180 1510 1254 1587 [pag.
1269 1512 1336 1585 bol:
1360 1507 1461 1573 Dices
1473 1510 1584 1592 itaque
1596 1509 1695 1573 mihi:
1716 1508 1794 1591 quid
1806 1506 1914 1573 adhue
1925 1504 2160 1589 conqueritur?

150 1608 189 1661 ut
210 1618 248 1661 eo
270 1595 340 1661 loeo
362 1594 542 1659 statueret?
587 1595 719 1659 Mavult
741 1596 899 1677 Pighius,
928 1592 1014 1675 quod
1037 1592 1129 1657 Deus
1153 1592 1157 1663 l
1181 1592 1293 1672 Quum
1311 1594 1513 1676 loquentium
1525 1616 1681 1679 personas
1700 1600 1813 1677 aperto
1824 1592 1952 1659 Paulus
1967 1590 2159 1677 distinguat,

149 1694 256 1746 morte
280 1680 418 1764 dignum
440 1702 500 1745 sua
523 1680 719 1761 patientia²)
747 1678 789 1743 ad
811 1688 941 1761 tompus
964 1678 1129 1745 sustinuc-
1153 1686 1157 1762 ζ
1181 1679 1254 1761 quis
1281 1702 1348 1743 non
1376 1682 1484 1761 potius
1511 1682 1582 1746 cius
1606 1681 1731 1759 verbis,
1758 1700 1858 1762 quam
1883 1678 2056 1745 extraneis
2076 1698 2161 1743 com-

150 1768 202 1831 ιιι.
254 1766 351 1846 Quod
382 1766 541 1849 effugium
569 1776 607 1829 ut
635 1766 683 1828 illi
711 1766 916 1848 permit-tam,
952 1764 1128 1850 perplexus
1153 1778 1157 1853 ι
1180 1764 1303 1829 mentis
1325 1766 1495 1831 attondet?
1523 1768 1711 1837 (laetarum,
1734 1764 1916 1849 prudentor
1938 1763 2002 1829 hoc
2023 1784 2160 1847 qnoque,

148 1860 262 1917 tamen
285 1851 393 1916 adhuc
416 1853 451 1914 ιιι
475 1872 513 1915 cc
536 1858 677 1929 tenetur,
700 1852 786 1933 quod
802 1852 895 1915 Deus
917 1850 1127 1915 Pharaonem
1153 1860 1156 1919 ἴ
1181 1860 1219 1913 ιιι
1240 1850 1358 1927 multa,
1390 1854 1612 1933 Augustinus:
1658 1852 1732 1915 Non
1756 1870 1958 1935 magnopere
1979 1852 2106 1915 referre
2126 1848 2160 1913 in

148 1938 281 2021 proprio
308 1939 441 2022 ingenio
464 1938 667 2019 relinquens,
701 1960 777 2001 eum
804 1938 905 2001 esitio
933 1936 1126 2001 destinabat,
1153 1924 1156 1989 Ι
1180 1935 1274 2001 cuius
1291 1958 1432 2018 persona
1449 1939 1598 2019 accipias,
1621 1937 1705 2020 quod
1724 1936 1851 2001 Paulus
1868 1936 2086 2018 responsione
2103 1954 2160 1999 sua

147 2024 350 2089 Patientiam
376 2023 441 2089 Dei
477 2024 503 2087 si
535 2024 741 2089 crimmendet
766 2024 921 2107 Pighius.
952 2024 1127 2087 vissontior:
1153 2042 1156 2081 ;
1181 2042 1296 2085 verum
1319 2044 1390 2087 csse
1414 2024 1569 2101 immiti)

146 2117 258 2174 manet
287 2120 398 2173 tamen
425 2110 558 2173 interim
587 2109 676 2173 istud
698 2112 815 2187 fixrnn,
850 2111 885 2173 in
910 2109 999 2173 hunc
1027 2109 1156 2227 linemp
1267 2106 1305 2172 Si
1333 2108 1416 2171 {alsa
1438 2118 1509 2172 erat
1529 2110 1681 2187 obiectio,
1707 2106 1874 2191 probabile
1897 2113 1988 2172 certe
2016 2128 2084 2171 non
2102 2112 2158 2185 est,

147 2196 305 2277 sepositos
317 2196 381 2257 Dei
404 2194 539 2257 consilio
562 2214 632 2258 esse
652 2194 817 2276 reprobos,
840 2204 877 2257 nt
895 2214 989 2258 snam
1009 2192 1128 2256 inillis
1152 2240 1155 2245 .
1180 2192 1322 2257 Paulum
1340 2196 1376 2256 in
1394 2214 1493 2258 eausa
1513 2204 1583 2258 tam
1600 2194 1695 2271 bonet,
1718 2208 1788 2258 tam
1805 2190 1956 2269 dilucide,
1979 2198 2051 2257 tam
2068 2192 2159 2275 plau·

146 2282 328 2363 potentiam
349 2280 560 2344 domonstrat.
595 2278 792 2362 Quanquam
814 2280 848 2343 id
869 2280 968 2343 nimis
989 2301 1009 2343 a
1030 2278 1127 2343 Pauli
1152 2266 1155 2325 Ι
1180 2278 1266 2341 sibili
1295 2279 1396 2344 irrisae
1423 2281 1611 2345 taciturum.
1662 2280 1750 2343 Nam
1780 2280 1808 2343 si
1841 2278 1961 2343 falsum
1991 2288 2044 2343 cst
2070 2276 2158 2357 illud,

147 2380 257 2430 mente
277 2376 442 2429 remotum
464 2386 545 2442 csse,
568 2388 610 2429 ex
632 2366 782 2447 proxima
806 2366 952 2428 illatione
975 2370 1124 2446 apparot:
1151 2362 1155 2450 ζ
1179 2363 1291 2429 Deum
1320 2386 1400 2447 quos
1439 2366 1514 2429 vult
1546 2365 1717 2430 indurare:
1757 2362 1881 2428 nodum
1916 2364 1973 2445 qui
2015 2364 2159 2427 hnmano

147 2450 234 2535 quod
263 2450 357 2515 Deus
385 2472 484 2533 quem
513 2450 598 2525 vult,
629 2449 772 2515 indurat.
818 2452 932 2533 Neque
954 2452 1042 2515 enim
1064 2448 1126 2513 hoc
1151 2451 1155 2527 l
1179 2450 1313 2533 ingenio
1334 2450 1577 2533 inexplicabilis
1599 2458 1659 2529 est,
1682 2470 1750 2514 nnc
1768 2451 1868 2515 verbo
1886 2450 2015 2515 solvere
2029 2470 2159 2533 promp-

146 2538 264 2603 fuisset
284 2536 456 2615 adiectum,
475 2537 539 2600 nisi
558 2536 618 2600 snb
640 2535 741 2601 verbo
763 2536 942 2601 illoStatni
962 2536 1126 2601 velExei-
1151 2532 1154 2615 ἶ
1179 2544 1251 2599 tum
1285 2544 1365 2601 erat.
1410 2538 1544 2621 Excipit
1569 2537 1726 2619 Pighius.
1764 2534 1976 2618 supersedere
2005 2535 2096 2599 claro
2128 2546 2159 2599 et

149 2622 235 2701 tavi,
267 2620 559 2705 comprehenderet
591 2622 716 2686 Paulus
746 2624 809 2687 Dei
841 2622 1028 2700 eonsilium,
1062 2642 1126 2703 quo
1151 2626 1154 2655 ¹
1179 2621 1295 2685 idoneo
1323 2642 1479 2705 responso
1510 2622 1668 2699 Paulum,
1702 2622 1780 2705 quia
1809 2630 1981 2703 protervos
2010 2620 2159 2686 homines

144 2708 277 2775 Pharao
311 2709 352 2773 ad
385 2707 645 2790 redemptionom
680 2709 792 2790 populi
828 2728 888 2773 sua
922 2706 1126 2773 contumacia
1151 2774 1154 2791 Ι
1179 2727 1329 2771 sermone
1361 2728 1429 2771 non
1456 2706 1624 2792 dignetur:
1659 2716 1699 2771 ut
1726 2708 1821 2789 prius
1849 2706 2022 2771 humiliter
2045 2726 2158 2789 sapere

144 2793 376 2860 illustrandam
399 2794 569 2859 ordinatus
591 2800 670 2858 erat.
716 2795 802 2858 Nam
821 2795 848 2860 si
871 2792 1067 2876 quisdicat,
1090 2793 1126 2855 in
1151 2808 1154 2865 ι
1179 2792 1358 2871 discerent,
1388 2813 1487 2876 quam
1507 2794 1668 2858 rationem
1689 2814 1825 2875 operum
1847 2793 1912 2857 Dei
1939 2791 2083 2874 superbe
2104 2814 2158 2859 ex·

144 2882 313 2964 fastigium
331 2882 414 2963 regii
438 2880 571 2945 honoris
598 2880 758 2945 (livinitus
780 2887 932 2945 evectum
955 2900 1041 2945 esse:
1076 2892 1127 2942 est
1179 2880 1321 2961 quir-cro:
1346 2880 1488 2962 qualiter
1501 2880 1578 2944 alibi
1591 2880 1742 2963 legimns,
1765 2878 1904 2943 ludaeos
1916 2878 1974 2961 qui
1985 2878 2159 2944 Christum

144 2966 207 3031 hoc
237 2966 370 3048 quidum
398 2966 537 3048 aliquid,
572 2965 630 3029 scd
658 2986 726 3030 non
748 2974 863 3029 totum.
909 2964 995 3029 Nam
1018 2964 1125 3047 graeci
1151 2966 1154 2973 “
1178 2966 1441 3049 interrogabant,
1471 2967 1506 3029 in
1533 2986 1598 3048 que
1625 2972 1788 3047 potestate
1811 2984 1911 3046 opera
1938 2984 1999 3029 sua
2028 2966 2159 3039 faceret,

143 3053 343 3135 interpretes
371 3052 486 3117 codem
517 3052 570 3115 hic
598 3051 698 3115 verbo
726 3053 779 3115 usi
801 3062 895 3129 srrnt,
928 3072 993 3133 quo
1020 3050 1128 3114 solent
1151 3018 1154 3085 Ι
1179 3060 1308 3114 tantum
1330 3068 1445 3115 mutua
1467 3052 1659 3133 quaestione
1682 3052 1839 3133 repulsos.
1884 3048 1953 3114 Sed
1975 3048 2159 3115 reclamant

143 3138 281 3203 reddere
311 3137 452 3202 verbum
480 3148 608 3201 1-111’11112
642 3158 661 3201 a
687 3137 798 3202 radice
825 3146 908 3201 KUM
939 3134 1126 3213 deductum,
1150 3098 1154 3175 Ι
1178 3136 1275 3201 Pauli
1299 3138 1407 3201 verba.
1438 3137 1525 3201 Nam
1547 3146 1660 3219 post-ea
1682 3138 1729 3202 sic
1751 3157 1865 3201 eorum
1886 3136 2057 3200 refraenat
2074 3136 2160 3199 inso-

144 3224 232 3306 quod
259 3222 408 3308 Surgere
437 3224 652 3307 significat.⁸)
695 3224 801 3289 Porro
830 3222 976 3289 excitare
1004 3221 1126 3287 dieitur
1151 3182 1155 3329 Ι
1177 3222 1325 3297 lentiam,
1348 3224 1402 3305 qui
1426 3224 1526 3288 nimis
1548 3222 1663 3287 audaci
1686 3222 1876 3287 curiositate
1898 3222 1932 3285 in
1954 3220 2159 3287 excutiendis

144 3396 218 3459 silio
241 3396 429 3459 ordinatum
452 3394 593 3460 deducit.
629 3396 777 3459 blaxime
799 3408 911 3459 tamon
934 3394 976 3459 ad
994 3394 1127 3459 initium
1178 3394 1247 3457 irae
1269 3416 1340 3459 esso
1362 3396 1542 3465 confirmet.
1561 3396 1597 3459 in
1618 3395 1738 3478 quibus
1756 3415 1850 3459 suam
1873 3392 2056 3475 potentiam
2070 3393 2159 3458 Deus

144 3482 192 3545 rei
221 3479 262 3545 do
290 3502 354 3563 qua
380 3482 489 3563 agitur
518 3482 681 3562 scriptura
707 3482 855 3562 respicit,
889 3488 927 3544 ut
958 3477 1040 3544 illud
1067 3480 1126 3543 uni
1151 3494 1155 3559 ξ
1179 3478 1329 3544 ostendit.
1374 3480 1491 3564 Longe
1513 3502 1591 3564 ergo
1612 3480 1731 3545 melius
1753 3480 1979 3563 Augustinus:
1992 3478 2022 3559 ⁴)
2046 3476 2159 3559 Quum

143 3566 217 3631 Deo
245 3564 409 3629 adscribat
437 3571 514 3643 [pag.
540 3570 604 3642 ccl.
649 3566 702 3630 Ita
728 3566 849 3632 dicitnr
876 3578 909 3631 et
938 3566 1125 3648 prophetas,
1180 3564 1303 3629 dictum
1337 3576 1438 3643 osset,
1472 3566 1550 3649 quid
1579 3566 1687 3632 adhuc
1720 3563 1952 3647 conqueritur?
1998 3560 2160 3647 numquid

144 3658 179 3719 οι
204 3651 319 3717 salutis
352 3652 520 3715 ministros
550 3650 707 3715 excitare:
749 3651 892 3734 nequid
922 3651 1041 3715 horum
1064 3651 1126 3715 sibi
1151 3658 1155 3730 ἶ
1179 3672 1374 3733 responsum
1396 3660 1447 3717 est
1468 3672 1489 3715 a
1505 3652 1626 3717 Paulo:
1672 3650 1977 3723 Ohomofalsum
2000 3648 2159 3732 estquod

143 3736 291 3803 vindicet
323 3735 495 3801 hominum
528 3734 699 3800 industria,
751 3736 867 3819 ltaque
897 3736 1040 3801 fideliter
1069 3756 1127 3799 ex·
1152 3732 1154 3745 '
1179 3734 1314 3800 dixisti?
1360 3738 1513 3803 Minime:
1542 3737 1600 3803 sed
1629 3744 1703 3816 [pag.
1728 3742 1782 3815 61]
1810 3757 2007 3819 responsum
2029 3744 2096 3801 cst:
2130 3732 2158 3801 O

144 3842 280 3909 pressus
310 3823 373 3887 fuit
393 3842 511 3886 sensus
536 3822 662 3906 Moysis
684 3820 863 3887 Excitandi
886 3822 1001 3887 verbo:
1032 3820 1127 3885 modo
1151 3756 1155 3925 l
1181 3822 1279 3885 homo
1301 3830 1339 3886 tu
1361 3824 1434 3904 quis
1457 3824 1515 3888 cs?
1561 3822 1816 3888 Observandum
1839 3830 1950 3887 autem
1972 3821 2060 3903 quod
2084 3820 2159 3887 alibi

144 3909 193 3975 ita
229 3909 379 3991 accipias.
388 3912 416 3989 4)
468 3906 537 3971 Nec
578 3928 655 3971 vero
696 3907 793 3972 aliter
832 3908 956 3989 accepit
990 3907 1125 3971 Paulus.
1180 3914 1313 3971 tractat:
1343 3930 1410 3972 non
1440 3908 1514 3973 ideo
1542 3909 1684 3973 Paulum
1713 3908 1940 3991 obiurgatione
1962 3908 2160 3991 abrumpere

145 3994 261 4069 Oertc,
295 3993 381 4077 quod
410 3993 450 4057 do
483 3993 596 4057 clectis
625 4000 658 4056 et
685 3994 833 4076 reprobis
856 3994 1028 4077 attigerat,
1061 4013 1128 4055 non
1181 4013 1294 4057 eorum
1313 4014 1507 4073 sermonem,
1530 3996 1586 4077 qui
1608 3994 1768 4077 sacrilega
1789 3993 1974 4076 petulantia
1993 4014 2070 4057 cum
2090 3994 2160 4059 Deo

145 4080 258 4146 minus
305 4080 460 4145 distincte
505 4098 603 4161 qnam
649 4080 839 4143 summatim
878 4078 1126 4161 complectitur:
1153 4108 1156 4127 ·
1180 4078 1326 4161 litigant,
1357 4102 1394 4145 ac
1416 4082 1443 4145 si
1466 4082 1553 4145 iusta
1575 4080 1763 4146 defensione
1784 4086 1911 4144 careret
1932 4080 1998 4143 Dei
2024 4080 2160 4157 iustitia,

146 4188 248 4251 quum
270 4166 333 4231 hoc
359 4166 442 4230 iuris
470 4172 503 4229 ct
529 4165 701 4246 potcstatis
722 4164 795 4229 Deo
816 4164 981 4241 vindicat,
1010 4172 1047 4228 ut
1069 4184 1128 4228 suo
1153 4132 1156 4201 Ι
1181 4163 1240 4230 sed
1266 4164 1352 4247 qnod
1380 4166 1524 4231 manime
1554 4165 1762 4249 expediebat,
1790 4165 1948 4230 attulisse.
1994 4164 2070 4232 Hoc
2093 4164 2161 4231 loeo

146 4252 281 4317 arbitrio
319 4250 452 4317 induret
491 4250 544 4315 vel
583 4250 788 4315 misereatur.
851 4249 1035 4315 Indurandi
1075 4249 1128 4315 vel
1181 4250 1313 4333 quidam
1337 4252 1432 4317 stulti
1452 4260 1574 4336 putent
1591 4251 1773 4335 apostolum
1790 4251 1825 4314 in
1843 4251 2059 4333 responsione
2075 4251 2133 4317 def
2148 4286 2162 4299 ·

146 4336 327 4403 miserendi
359 4338 412 4403 ius
445 4357 545 4419 penes
573 4336 683 4419 ipsum
716 4358 788 4401 csse
820 4336 1032 4418 pronunciat:
1067 4355 1128 4401 noc
1182 4337 1279 4415 cisse,
1299 4348 1333 4401 et
1345 4338 1457 4420 inopia
1468 4336 1653 4403 reddendae
1665 4337 1800 4401 rationis
1818 4338 2016 4419 repressisse
2034 4350 2163 4403 eontra·

146 4423 256 4507 legem
287 4423 335 4487 illi
368 4423 494 4506 imponi
525 4424 574 4487 fas
608 4442 695 4486 esse:
735 4423 814 4504 quia
846 4422 941 4486 nulla
979 4421 1035 4485 lex
1073 4420 1128 4485 vol
1182 4422 1317 4488 dictoris
1335 4423 1515 4489 audaciam.
1539 4423 1607 4489 Sed
1629 4444 1790 4507 magnum
1812 4422 1910 4488 habet
1928 4422 2060 4505 pondus
2079 4423 2164 4507 quod

147 4510 265 4593 regula
285 4508 403 4573 melior
424 4509 479 4573 vel
502 4509 635 4591 aequior
656 4529 754 4590 quam
777 4509 848 4572 eius
870 4508 1024 4573 voluntas
1046 4507 1129 4591 fingi
1182 4507 1398 4573 dictumest:
1444 4508 1475 4575 0
1505 4510 1616 4589 homo,
1646 4517 1684 4574 tu
1711 4508 1864 4591 quises?
1908 4509 1955 4573 Et
1982 4509 2019 4573 in
2044 4510 2165 4576 talibus

147 4596 260 4675 possit.
306 4594 374 4659 Sed
396 4595 474 4677 quia
496 4594 574 4659 olim
597 4600 759 4677 putarunt
780 4594 947 4671 nonnulli,
977 4592 1088 4657 induci
1110 4613 1131 4656 a
1181 4594 1426 4677 quaestionibus
1457 4594 1498 4660 ad
1536 4617 1614 4662 suae
1646 4594 1836 4679 capacitatis
1866 4592 2164 4662 considerationem

148 4678 255 4744 Paulo
277 4680 396 4762 impios
418 4682 490 4746 Deo
519 4680 759 4763 obstrepentes,
787 4678 829 4744 ad
851 4680 914 4744 hoc
942 4678 1073 4764 asylum
1095 4700 1130 4743 se

143 3308 247 3388 Dens,
271 3308 356 3391 quod
379 3309 471 3374 vclnt
493 3322 643 3391 porrecta
665 3330 767 3373 manu
791 3309 833 3375 ad
852 3312 953 3373 linem
971 3328 1030 3373 suo
1048 3328 1125 3373 eon·
1151 3332 1154 3483 4
1178 3308 1242 3372 Dei
1268 3309 1396 3373 arcanis
1424 3309 1619 3388 lasciviunt,
1654 3316 1827 3373 attamen
1856 3308 2014 3391 reprobos
2036 3326 2159 3391 organa

1254 4851 1284 4916 1)
1304 4851 1362 4907 Ρι·ο
1380 4852 1424 4905 bis
1448 4853 1479 4906 ιἰι
1501 4852 1600 4920 pellice
1617 4850 1778 4919 er‘ruplicr'ter
1800 4850 1912 4919 legitur:
1936 4854 1982 4907 Au
1999 4861 2074 4910 reste
2094 4854 2113 4910 il
2131 4869 2163 4909 ne

223 4918 253 4982 1)
270 4918 324 4971 Pro
344 4934 397 4985 quo
417 4918 534 4975 fideliter
553 4958 558 4971 .
580 4957 587 4969 .
607 4960 613 4973 .
632 4960 639 4973 .
658 4920 792 4989 significat
810 4921 894 4975 omitt
912 4920 944 4973 ιἰι
960 4918 1067 4988 pellice.
1184 4920 1244 4975 faut
1282 4920 1340 4973 ciat
1357 4934 1470 4989 separer
1488 4937 1518 4975 ee
1537 4922 1583 4989 qui
1601 4930 1643 4976 est
1661 4921 1780 4976 eonioim
1799 4926 1847 4975 ele.

220 4986 250 5051 2)
290 4988 393 5040 otentia
411 4986 488 5040 Besa
505 4994 531 5043 et
548 4987 636 5041 Amat.
1025 4992 1028 4996 ’
1275 4990 1356 5051 titre
1377 4990 1536 5045 rehensible.

219 5054 251 5117 3)
296 5072 340 5108 nm
358 5057 448 5124 graeci
467 5095 576 5110 .....
595 5056 730 5126 significat
748 5058 822 5113 abest
840 5074 859 5111 o
875 5056 985 5126 pellice.
1253 5056 1334 5115 31111
1377 5059 1460 5113 nehir.
1479 5059 1514 5113 ad
1532 5058 1647 5114 Lauren.
1665 5074 1725 5127 cap.
1742 5056 1785 5111 99.

218 5122 249 5191 4)
269 5124 364 5192 ltaque
383 5122 525 5179 fideliter.
546 5162 552 5175 .
572 5166 578 5180 .
597 5165 604 5178 .
622 5127 741 5194 accipias
760 5142 811 5183 ora.
829 5126 860 5179 ia
877 5128 1009 5181 ceratem.
1255 5124 1286 5187 4)
1304 5126 1345 5180 De
1363 5127 1499 5195 praedest.
1518 5136 1672 5184 sanctorum
1691 5144 1750 5195 cap.
1767 5127 1793 5182 8.
