4620 5894
215 230 280 301 soc
674 192 681 202 '
1016 216 1432 287 nnssnnnunnnl
2175 210 2234 285 soe

216 440 297 488 nem
317 416 472 483 homines
493 411 620 498 ablega,
653 408 796 477 atinde
824 407 966 491 salutem
994 408 1125 475 hiantes
1147 428 1204 473 ex·
1257 408 1370 475 addite
1397 408 1544 474 aPeulo
1576 402 1676 475 suerit
1708 411 1876 489 correctio,
1896 429 1954 476 ‘ne
1988 410 2063 493 quis
2094 408 2235 476 fidelium

218 509 383 591 spectent:
406 499 465 568 sed
487 506 579 566 recta
601 497 643 565 ad
665 496 838 564 Ohristum
867 499 1038 575 [pag1oa]
1066 514 1205 578 pergere
1256 495 1375 560 marito
1396 493 1567 574 tribueret,
1597 495 1684 579 quod
1705 495 1773 560 illis
1794 497 1888 562 Deus
1915 497 2028 562 omnia
2054 496 2093 562 in
2119 496 2236 562 bonnm

217 592 325 670 iubeo,
346 589 467 671 inquo
494 586 588 652 nobis
610 583 780 668 proposita
806 587 858 647 est
885 580 989 646 selus:
1019 600 1104 663 quae
1126 579 1205 645 alio·
1258 580 1570 660 [peg.104]vsrtit.
1621 579 1772 662 Qualiter
1799 582 1935 648 affectos
1961 603 2034 649 esse
2063 582 2178 648 decem
2199 583 2236 649 fi·

241 677 279 743 ui
299 675 337 740 in
357 673 432 740 Deo
454 666 647 739 abscondita
667 669 795 736 lateret.
824 666 913 732 Nem
935 666 1084 750 quisquis
1105 664 1206 749 plana
1259 666 1357 744 deles,
1387 666 1531 750 primum
1553 667 1705 734 ostendit.
1751 669 1861 752 Atque
1887 667 1951 735 hoo
1977 668 2164 735 vocationis
2190 675 2238 735 ost

219 698 299 829 fidei
320 761 375 828 via
395 780 465 825 non
486 755 683 842 ingreditur,
704 754 755 820 illi
776 751 842 818 Dei
864 751 979 817 electio
1000 751 1085 817 nihil
1106 770 1205 834 quam
1256 751 1437 835 proprium.
1452 750 1476 838 ¹)
1527 751 1595 819 Sed
1622 775 1665 819 ne
1691 755 1727 818 in
1754 775 1789 820 se
1814 754 1894 838 ipsis
1921 754 2096 833 haereant,
2125 754 2238 822 salutis

221 845 366 914 exitialis
388 846 453 911 erit
471 842 693 928 labyrinthus.
729 839 856 923 Itaque,
878 844 918 903 ut
938 844 1030 904 certa
1050 838 1094 904 sit
1111 835 1205 902 nobis
1258 839 1481 921 bonorumque
1509 839 1656 904 omnium
1683 840 1818 906 initium
1844 862 1887 907 ox
1913 840 2023 906 altiori
2050 841 2147 906 fonte
2171 860 2237 906 ma·

219 939 430 1019 peccatorum
439 928 600 1008 remissio,
618 935 657 993 ut
673 927 710 992 in
719 925 810 993 vitae
821 930 976 989 aeternae
991 923 1112 989 fiducia
1128 944 1205 989 con·
1256 944 1338 989 nare
1360 923 1464 1002 docet,
1487 925 1563 1007 quie
1584 927 1676 1008 prius
1697 925 1792 993 electi
1811 927 1953 992 fuerant
1989 925 2092 992 Hunc
2113 946 2238 1011 qnoque

221 1008 1205 1098 scientiaenostraeacqoiesoant‚utDeumintrepidepatrem
1258 1010 1382 1076 nodum
1413 1008 1554 1094 Pighius
1592 1010 1729 1077 iocando
1767 1032 1808 1077 ex
1833 1010 1915 1077 edit:
1949 1011 2038 1095 quod
2071 1012 2168 1079 Deus
2200 1012 2238 1079 sd

221 1106 423 1183 invocemus,
453 1102 532 1167 hinc
556 1099 693 1165 minime
722 1095 910 1164 laciendum
943 1102 995 1161 εει
1022 1093 1204 1174 exordium,
1258 1096 1467 1163 sanctitatem
1489 1116 1603 1163 omncs
1625 1105 1729 1163 vocet
1740 1096 1768 1185 ²)
1801 1032 1905 1179 duaci
1926 1117 2006 1164 vero
2027 1118 2101 1165 non
2122 1097 2239 1167 (lisera

222 1189 301 1276 quid
318 1187 358 1255 de
375 1188 470 1254 nobis
485 1191 563 1253 ante
573 1181 918 1250 mundumeonditum
932 1180 1026 1247 Deus
1039 1180 1203 1247 statuerit:
1257 1182 1425 1267 Propositi
1473 1182 1606 1249 nomine
1649 1183 1767 1248 efficax
1808 1184 1937 1250 vocatio
1980 1183 2237 1251 commendetur.

222 1275 281 1342 sed
298 1274 378 1360 quid
395 1272 436 1340 de
457 1278 595 1356 paterno
613 1272 685 1337 eius
701 1290 813 1336 amore
833 1267 928 1333 nobis
951 1268 988 1331 in
1005 1265 1140 1333 christo
1163 1266 1207 1332 sit
1259 1266 1389 1350 Quibus
1433 1274 1543 1333 autem
1587 1270 1774 1354 praestigiis
1812 1276 1883 1335 tarn
1923 1268 2044 1336 denses
2088 1269 2240 1338 tenebras

220 1361 433 1447 patefactum,
450 1365 484 1424 at
500 1356 648 1442 quotidie
664 1377 723 1440 per
740 1354 950 1438 evangelium
961 1352 1118 1419 (ihristus
1134 1352 1206 1435 ipss
1258 1352 1416 1433 offimdet,
1438 1362 1476 1418 ut
1497 1355 1679 1420 sententiae
1702 1355 1799 1422 huius
1821 1355 2039 1440 perspicuitas
2061 1354 2238 1423 obruatur?

245 1446 400 1513 raedicet.
412 1443 506 1511 Nihil
517 1443 616 1509 altius
629 1441 726 1508 nobis
737 1439 970 1524 quaerendum,
987 1459 1086 1522 quam
1096 1445 1134 1503 ut
1146 1436 1206 1503 filii
1258 1440 1350 1504 Deus
1380 1460 1461 1523 quos
1488 1439 1596 1526 elegit,
1635 1441 1800 1521 iustificat,
1839 1447 1878 1507 ut
1905 1440 2042 1506 tandem
2070 1441 2239 1528 glorificet.

220 1468 416 1600 irrisimus.
439 1529 545 1614 Atqui
566 1528 739 1614 gratuitae,
763 1546 828 1610 quc
850 1525 912 1591 hoc
927 1532 1060 1591 tentum
1082 1525 1206 1589 bonum
1258 1526 1368 1612 (Rom.
1393 1531 1423 1606 8,
1453 1525 1518 1613 30).
1564 1525 1784 1609 Quantumvis
1807 1546 1880 1592 eam
1906 1527 2039 1608 laceret,
2072 1548 2240 1614 nunquan

222 1618 467 1701 consequimur,
499 1614 684 1698 adoptionis
719 1611 900 1697 speculum,
934 1632 1010 1677 erra
1032 1616 1066 1675 et
1085 1610 1208 1695 pignus
1259 1621 1373 1680 ιειιιειι
1395 1612 1525 1692 efficiet,
1557 1621 1596 1679 ιιι
1634 1634 1670 1679 se
1698 1613 1739 1679 ad
1766 1633 1880 1678 omnes
1902 1613 2072 1679 extendat.
2080 1614 2112 1699 ⁸)
2157 1614 2240 1681 Hino

223 1710 274 1770 est
294 1703 396 1783 filius,
424 1701 482 1785 qui
504 1722 523 1766 e
544 1700 649 1784 patris
669 1699 746 1765 sinu
768 1697 843 1763 ideo
865 1697 908 1762 ad
929 1717 989 1762 nos
1011 1695 1142 1780 prodiit,
1169 1702 1208 1760 ut
1261 1709 1406 1784 apparet,
1439 1719 1538 1781 quam
1566 1698 1652 1766 sulte
1679 1700 1926 1779 ratiocinantur,
1955 1699 2011 1782 qui
2040 1699 2124 1765 fidei
2145 1701 2240 1767 bono-

222 1790 260 1855 in
281 1808 401 1873 corpus
423 1808 521 1853 suum
549 1784 724 1852 inserendo
751 1784 847 1869 regni
875 1782 1023 1849 eoelestis
1050 1781 1208 1847 haeredes
1260 1807 1398 1869 rumque
1435 1806 1573 1869 operum
1611 1792 1785 1870 praetextu
1822 1785 2017 1852 electionem
2049 1786 2241 1853 subvertere

223 1876 354 1941 faceret.
406 1874 513 1939 Porro
548 1872 645 1938 sicuti
681 1871 763 1937 haec
799 1868 986 1935 haereditas
1022 1874 1055 1932 et
1082 1866 1208 1933 Christi
1260 1872 1459 1937 moliuntur:
1495 1879 1534 1936 ut
1554 1870 1632 1951 filia,
1655 1872 1740 1938 sicut
1761 1870 1861 1955 vulgo
1882 1871 2074 1954 loquuntur,
2106 1880 2240 1938 matrem

223 1961 386 2046 sanguine
424 1966 522 2045 perta
567 1965 620 2023 εει
659 1957 771 2036 scmel,
817 1962 851 2020 ot
896 1954 999 2021 sacris
1043 1953 1208 2037 evangelii
1262 1958 1404 2024 devoret.
1449 1959 1647 2023 Extremum
1657 1963 1686 2034 ⁴)
1710 1958 1890 2042 suffugium
1909 1957 2031 2041 Pighio
2055 1966 2120 2038 est,
2139 1959 2241 2024 Deum

222 2047 346 2114 tabulis
387 2045 595 2130 consignata:
637 2044 684 2109 ita
724 2043 796 2108 eius
841 2041 1003 2125 possessio
1042 2060 1109 2105 non
1148 2038 1208 2103 ali-
1260 2064 1327 2109 non
1350 2043 1415 2109 nisi
1437 2064 1518 2126 quos
1540 2044 1717 2127 praescivit
1739 2042 1780 2108 ad
1803 2043 1944 2108 sulutem
1964 2043 2240 2125 praedestinasse:

223 2139 275 2199 ter
297 2152 397 2216 quem
423 2130 488 2196 fide
517 2128 601 2196 adiri
622 2135 740 2212 potest.
784 2128 948 2211 Denique,
984 2146 1050 2190 non
1078 2132 1208 2189 tantum
1261 2129 1348 2214 quod
1381 2131 1448 2194 iam
1480 2129 1529 2194 illi
1561 2130 1655 2214 prius
1688 2150 1708 2194 a
1739 2151 1792 2193 me
1818 2127 2022 2195 obstructum
2052 2140 2116 2209 est,
2147 2149 2240 2214 quum

223 2217 367 2284 libenter
387 2217 503 2294 fateor,
531 2215 589 2282 sed
609 2215 733 2298 passim
755 2213 944 2296 inscriptis
965 2211 1049 2276 meis
1070 2210 1207 2289 inculco,
1260 2216 1333 2281 ficri
1353 2237 1422 2281 non
1444 2236 1539 2299 posse
1561 2214 1699 2293 ostendi,
1732 2220 1770 2281 ut
1801 2215 1978 2299 quidquam
2010 2215 2108 2280 aliud
2130 2217 2167 2281 in
2189 2215 2240 2281 ho·

225 2311 259 2368 ot
279 2302 357 2368 fidei
380 2301 549 2386 alligatam
572 2320 644 2366 esse
672 2300 844 2365 hominum
875 2298 1025 2375 salutem,
1054 2303 1088 2361 et
1110 2295 1208 2362 Obri-
1260 2303 1350 2367 mine
1377 2300 1578 2385 praevideat,
1612 2302 1675 2367 nisi
1708 2302 1810 2367 exitio
1843 2301 1994 2386 dignum:
2031 2301 2140 2369 donec
2172 2321 2240 2367 enm

224 2396 315 2454 stum
343 2388 477 2454 unicam
504 2405 576 2452 esse
602 2386 746 2465 ianuam,
779 2406 846 2467 qua
871 2385 907 2449 in
933 2403 1074 2468 regnum
1103 2381 1207 2448 coelo·
1260 2388 1332 2471 ipse
1361 2388 1479 2471 spiritu
1508 2407 1567 2452 suo
1590 2389 1770 2454 refinxorit.
1826 2388 1913 2452 Nem
1952 2387 1979 2452 si
2021 2387 2110 2452 nihil
2151 2386 2241 2453 habet

224 2496 301 2540 rum
329 2493 445 2538 omnes
471 2470 602 2556 ingredi
629 2476 766 2553 oportet,
802 2491 863 2535 nec
890 2468 968 2534 alibi
996 2467 1208 2551 tranquillam
1262 2475 1435 2557 quisquam
1458 2473 1545 2557 quod
1567 2493 1635 2539 non
1657 2474 1833 2557 acceperit:
1862 2471 1940 2557 quid
1961 2471 2048 2538 alius
2078 2473 2147 2539 alio
2172 2472 2239 2558 plus

224 2580 340 2644 paoem
362 2578 462 2641 quam
481 2559 518 2623 in
540 2556 711 2641 evangelio
732 2555 890 2622 inveniri:
925 2554 1108 2637 quicunque
1130 2552 1208 2618 inde
1260 2560 1377 2625 afferet
1392 2561 1428 2625 in
1446 2560 1510 2625 Dei
1528 2567 1747 2643 conspectum,
1769 2581 1834 2643 quo
1855 2557 2018 2625 excellat?
2060 2557 2241 2626 Praescivit

224 2645 279 2713 vel
306 2645 482 2709 minimum
505 2642 693 2722 deflectunt,
722 2641 809 2707 nihil
830 2660 929 2725 quam
955 2661 1015 2723 ρει
1042 2641 1208 2705 flexuosas
1261 2667 1340 2731 ergo
1363 2667 1439 2712 suos
1460 2644 1563 2725 Deus,
1585 2666 1654 2711 non
1677 2654 1715 2711 ut
1739 2667 1781 2711 ex
1802 2645 1928 2710 meritis
1950 2645 2161 2712 aestimaret:
2190 2642 2240 2711 ced

225 2729 380 2815 ambages
403 2750 528 2795 errare:
563 2734 597 2795 et
624 2749 687 2812 quo
708 2732 783 2808 [pag.
810 2731 883 2807 103]
907 2726 1042 2809 quisque
1068 2725 1105 2790 in
1132 2746 1208 2810 pro·
1261 2733 1337 2816 quia
1358 2752 1456 2798 nemo
1478 2733 1519 2797 ab
1542 2731 1615 2797 aliis
1637 2731 1844 2811 discernitur,
1866 2731 1930 2796 nisi
1952 2730 1989 2794 in
2011 2750 2116 2813 quem
2134 2731 2239 2815 benig·

223 2815 327 2883 funda
348 2815 407 2881 illa
429 2814 535 2880 divini
555 2813 682 2880 consilii
714 2813 815 2899 adyta
841 2812 1058 2878 confidentius
1085 2812 1207 2876 irrum·
1260 2839 1320 2883 uos
1343 2826 1376 2884 ot
1397 2819 1556 2902 propitios
1578 2817 1689 2884 oculos
1711 2819 1857 2894 coniecit,
1880 2825 1919 2881 ut
1939 2815 2017 2882 filiis
2040 2817 2114 2882 suis
2133 2836 2239 2901 quem·

223 2924 302 2988 pere
325 2910 358 2969 et
379 2907 554 2986 penetrare
576 2908 724 2979 conetur,
752 2920 790 2965 eo
817 2899 949 2983 longius
976 2919 997 2962 a
1017 2899 1091 2962 Deo
1117 2917 1207 2962 rece·
1246 2903 1341 2991 libet
1380 2909 1454 2983 [pag.
1483 2908 1556 2982 105]
1596 2902 1770 2989 indignum
1809 2901 2018 2967 adnumeret:
2062 2903 2239 2969 secundum

214 2987 311 3083 dere.
356 2988 447 3072 Ergo
470 2988 550 3071 quin
578 3007 638 3071 per
664 2985 742 3051 fidei
771 2985 861 3051 viam
889 2981 1126 3050 ambulandum
1154 2983 1206 3061 sit,
1232 2964 1235 3035 l
1259 2990 1342 3055 illud
1363 2990 1476 3056 Pauli:
1500 2988 1584 3072 Quis
1605 2990 1695 3055 enim
1717 2997 1750 3054 tu
1772 2989 1929 3055 discernit
1961 2985 2006 3074 (l.
2031 2988 2111 3055 Cor,
2134 2994 2165 3070 4,
2188 2986 2238 3073 7)?

215 3096 291 3161 ¹nou
312 3094 406 3159 nego.
451 3072 550 3141 Unde
571 3081 605 3138 ot
626 3072 769 3138 alterum
785 3069 869 3136 illud
887 3070 1069 3148 conficitur,
1087 3069 1206 3147 Deum,
1262 3077 1307 3142 At
1328 3076 1448 3160 Pighio
1471 3076 1616 3160 gratuitu
1636 3075 1868 3160 praecognitio,
1897 3095 1996 3157 quam
2018 3074 2094 3157 ipse
2121 3073 2238 3140 nudam

223 3181 307 3245 quas
328 3158 442 3227 electis
462 3159 688 3243 inpraesenti
709 3158 779 3225 vite
799 3156 977 3224 contulerit
998 3155 1134 3239 spiritus
1156 3154 1208 3220 sui
1261 3163 1413 3247 appellat,
1443 3161 1575 3228 videtur
1603 3161 1696 3226 nulla
1723 3181 1802 3227 esse,
1855 3159 1984 3243 Quibus
2013 3181 2096 3244 ergo
2125 3158 2239 3244 plumis

224 3247 320 3327 dona,
344 3256 493 3312 extremo
516 3243 569 3310 dio
591 3254 833 3311 coronaturum.
879 3242 1056 3309 Caeterum
1081 3240 1116 3306 id
1138 3260 1208 3305 11011
1260 3249 1429 3315 hominem
1451 3247 1587 3326 ornabit,
1611 3267 1653 3312 ne
1675 3268 1786 3314 coram
1805 3246 1878 3312 Deo
1900 3245 2010 3312 nudus
2028 3256 2068 3312 ,ει
2091 3248 2183 3312 omni
2202 3266 2238 3311 ex

225 3333 342 3411 obstat,
376 3332 555 3416 quominus
588 3331 737 3397 coelestis
769 3335 864 3413 pater
896 3350 977 3412 quos
1008 3328 1043 3393 in
1073 3326 1207 3393 Christo
1258 3344 1353 3419 parte
1381 3335 1535 3401 deformis
1563 3332 1721 3418 prodeat?
1767 3334 1854 3399 Nam
1888 3334 2053 3415 scriptura
2086 3329 2238 3417 quidquid

224 3418 332 3502 clegit,
355 3419 391 3482 in
413 3417 483 3483 eius
505 3437 624 3501 corpus
645 3416 711 3481 fide
733 3423 768 3481 ab
789 3416 924 3498 spiritus
946 3413 1206 3481 sanctificatione
1260 3423 1296 3486 in
1329 3421 1446 3486 uitiata
1478 3420 1620 3486 hominis
1654 3427 1775 3484 natura
1806 3427 1864 3496 est,
1898 3440 2037 3484 exosum
2069 3439 2145 3486 osse
2172 3418 2237 3483 Das

224 3504 365 3568 inscrat:
406 3503 581 3586 quominus
621 3510 697 3567 ente
730 3501 899 3568 conditum
927 3501 1089 3566 mundum
1111 3520 1207 3582 prae·
1259 3508 1396 3574 clamat:
1437 3507 1540 3571 solam
1580 3507 1651 3570 cius
1690 3505 1878 3590 imaginem,
1919 3525 2003 3588 quac
2037 3505 2074 3569 in
2109 3504 2236 3570 Christo

226 3587 405 3654 destinatos
438 3595 585 3671 tempore
615 3609 674 3653 suo
700 3593 797 3653 vocet
824 3608 862 3652 ac
889 3587 1052 3652 iustificat.
1096 3586 1207 3667 Atque
1231 3632 1234 3711 ρ
1258 3601 1445 3672 renovatur,
1467 3592 1605 3676 placere,

226 3680 405 3757 utrumque
443 3673 569 3738 Paulus
610 3673 731 3756 optimo
773 3673 951 3756 coniungit,
995 3671 1053 3737 ubi
1095 3671 1234 3735 omnia.
1347 3679 1506 3762 Sequitur
1527 3677 1616 3762 apud
1632 3675 1809 3762 Pighiumg
1845 3677 2024 3742 Rationem
2058 3695 2121 3742 our
2152 3675 2235 3741 dam.

226 3759 341 3826 cedere
361 3760 397 3823 in
419 3757 542 3824 bonum
565 3756 778 3857 diligentibus
796 3758 907 3822 Deum
929 3758 1106 3840 praelatus,
1130 3776 1208 3820 mox
1232 3744 1235 3821 l
1260 3770 1417 3840 nenturb)
1441 3765 1533 3848 impii
1556 3762 1789 3847 quaerentibus
1811 3784 1879 3827 non
1906 3763 2076 3846 ingeritur
2098 3784 2165 3830 vox
2184 3760 2236 3826 illa

225 3840 1206 3944 addil²Q¹JiSessullfiumPK⁰P⁰Sll11mV00ati⁸1¹niOE0m
1260 3851 1448 3937 tyrannica:
1483 3852 1628 3916 Aetorno
1651 3850 1716 3915 Dei
1750 3849 1886 3916 consilio
1919 3849 1960 3914 ab
1993 3848 2111 3915 electis
2143 3848 2235 3913 brisso

226 3936 255 4012 8,
280 3936 346 4016 23)·
396 3931 490 3996 Ηῆθθ
523 3937 625 4014 ¹g¹l¹¹1¹
656 3950 713 3995 V1³
746 3936 804 4007 Ost,
838 3949 905 4012 qua
937 3949 1013 3994 SUOS
1045 3927 1208 4027 gubernat
1260 3937 1426 4016 discretos,
1449 3937 1526 4019 quia
1548 3938 1620 4002 Deo
1642 3935 1801 4019 placuerit
1828 3935 1928 4000 exitio
1950 3935 2041 4017 ipsos
2063 3933 2234 4003 devovere:

224 4018 332 4082 Deus:
356 4017 555 4096 laceratio,
589 4037 654 4099 qua
688 4036 770 4098 opus
804 4015 841 4079 in
874 4013 941 4078 illis
973 4019 1100 4098 gratae
1128 4034 1207 4078 succ
1259 4031 1299 4088 ut
1317 4022 1427 4089 valcat
1448 4021 1544 4088 illud:
1569 4022 1626 4088 Sic
1648 4021 1731 4101 volo,
1755 4022 1802 4086 sic
1822 4019 1926 4098 iubeo,
1955 4021 2000 4085 sit
2028 4042 2091 4104 pro
2114 4020 2235 4086 macne

225 4103 373 4169 ³b⁸⁰lVib
426 4100 506 4168 'Sed
545 4123 604 4168 ⁰11?
644 4122 780 4166 manum
822 4122 935 4167 eorum
969 4096 1205 4182 apprehendat,
1258 4108 1466 4194 voluntss:⁶)
1487 4107 1545 4174 sed
1567 4107 1701 4174 audient
1723 4129 1764 4173 cx
1786 4128 1842 4172 ore
1864 4106 2006 4172 Christi:
2029 4107 2177 4185 Esurivi,
2207 4111 2236 4170 et

226 4189 364 4255 aliaest
392 4187 541 4271 superior·
569 4209 684 4254 causa:
719 4187 923 4271 propositum
958 4186 1082 4252 scilicet
1112 4183 1205 4262 illud,

225 4296 289 4359 quo
311 4294 366 4340 cos
388 4273 568 4340 destinavit
596 4272 639 4338 ad
660 4274 772 4338 vitam.
819 4271 894 4352 Quo
927 4273 1035 4355 magis
1066 4269 1207 4334 ridicula

225 4370 275 4427 est
301 4361 416 4445 Pighii
443 4360 657 4444 impudentia,
686 4357 765 4422 dum
793 4358 1018 4423 testimonium
1046 4357 1110 4423 sibi
1137 4364 1205 4420 tem
1328 4384 1356 4445 1)
1375 4384 1417 4437 les
1434 4383 1513 4437 pugg
1531 4382 1564 4436 (ιθ
1581 4382 1757 4438 ιμοωῑῑοῃ,

225 4445 399 4512 adversum
427 4446 609 4529 procaciter
635 4452 749 4509 tamen
776 4444 814 4508 in
841 4466 936 4509 suum
964 4464 1063 4508 usum
1091 4449 1206 4525 aptare
1230 4462 1234 4537 q
1327 4452 1357 4518 2)
1377 4452 1450 4506 Add.
1469 4451 1540 4505 Mais
1558 4450 1625 4505 c’est
1642 4468 1693 4505 une
1712 4449 1813 4519 grande
1831 4450 1993 4518 nocquerie,
2008 4466 2062 4506 ιιι
2077 4467 2132 4520 que
2145 4458 2236 4505 cenet

225 4552 290 4596 non
313 4531 452 4596 dubitat,
496 4530 688 4596 Notandum
710 4551 782 4595 0350
810 4529 846 4594 in
868 4529 981 4612 primis
1004 4528 1166 4605 admonet,
1182 4528 1204 4610 1)
1231 4542 1233 4573 ι
1259 4523 1408 4590 dePropos
1423 4526 1545 4588 empcrte
1563 4536 1614 4573 une
1634 4519 1745 4574 officere
1764 4527 1792 4573 ct
1810 4519 1892 4573 effect
1909 4518 1943 4572 de
1960 4518 1988 4572 la
2006 4534 2089 4586 graec
2108 4521 2236 4575 desumet

224 4637 292 4680 ”⁰¹¹
316 4616 388 4694 ‘¹³⁰³’
417 4616 533 4683 ⁰⁰l⁰f⁰
561 4617 730 4681 ⁰1¹¹¹¹i³i¹¹
752 4616 874 4681 b⁰¹¹¹¹m
898 4615 1009 4682 ⁰¹⁰⁰ffi⁸
1029 4615 1085 4681 *⁷⁶¹
1107 4613 1206 4679 ‘filet
1259 4587 2235 4727 tillidiittttttttttttlttttttttttlultttttft

224 4703 281 4766 tis:
325 4701 382 4766 sod
425 4701 587 4768 diversam
629 4702 740 4783 potius
780 4723 913 4767 causam
954 4703 1070 4780 notari,
1120 4699 1206 4783 quod
1228 4762 1234 4776 ,
1259 4731 1362 4786 chacun
1381 4735 1432 4782 etc.

224 4787 336 4852 Deum
359 4787 546 4872 diligant.²)
591 4785 698 4867 Quasi
715 4808 794 4852 vero
815 4808 881 4852 non
899 4787 981 4866 id00,
1005 4786 1080 4851 data
1097 4807 1205 4869 opera,
1323 4797 1361 4920 b3)
1380 4795 1453 4918 [ἔριά.
1477 4794 1506 4916 Illl
1525 4794 1636 4850 s’ensuit
1659 4795 1728 4850 donc
1755 4811 1806 4863 que
1825 4794 1851 4848 S.
1869 4794 1937 4848 Paul
1964 4793 2066 4850 denote
2085 4793 2234 4851 uncertain

337 4946 349 4950 ··
388 4946 396 4950 ·
422 4944 427 4950 ·
1232 4908 1234 4919 ¹
1259 4885 1322 4923 nom
1331 4883 1371 5000 43⁰
1385 4880 1709 5002 qdddetdcz'uqucnar
1726 4948 1811 5002 casque
1833 4931 1871 4986 cd
1886 4932 1968 4997 ficem
1984 4934 2134 5001 ρενίεοραε
2145 4931 2235 4986 aaut

295 5007 323 5071 1)
345 5007 402 5061 Lib.-
421 5006 438 5059 8
456 5022 515 5076 cap.
534 5007 551 5059 2
568 5009 595 5062 in
613 5008 675 5064 fine.
1259 5007 1353 5060 cinric
1369 5005 1400 5056 iu
1415 5004 1521 5071 gallico.

293 5076 324 5143 2)
343 5075 417 5130 Aac.
441 5084 469 5131 et
485 5077 648 5145 pretendunt
665 5095 717 5147 par
740 5080 768 5134 la
791 5094 844 5148 que
862 5077 888 5133 S.
907 5078 975 5133 Paul
998 5085 1053 5133 met
1074 5078 1101 5131 le
1126 5091 1206 5131 cause
1232 5116 1235 5143 ;
1328 5073 1358 5138 5)
1378 5075 1495 5143 europis
1513 5087 1546 5126 au
1565 5072 1609 5125 feu
1628 5072 1740 5126 sternel.
1959 5132 1965 5140 ,

225 5145 260 5202 de
278 5153 371 5201 nostre
391 5145 464 5200 salut
482 5162 515 5200 en
533 5163 610 5202 nous.
1232 5162 1235 5182 ·
1330 5141 1359 5208 6)
1378 5143 1450 5196 lianc
1467 5157 1575 5196 versam
1587 5146 1686 5208 poetae
1704 5141 1875 5195 tritbsimam
1893 5154 1944 5193 ora.
1962 5141 2055 5193 versic
2069 5138 2177 5208 gallico.

1259 4285 1356 4294 —-·-
1366 4286 1404 4291 ---
1424 4285 1457 4291 ...ψ

351 4944 411 4953 nu·-
