4620 5894
126 222 189 290 444
815 308 820 319 .
927 221 993 289 nn
1014 202 1237 289 44444444
1257 218 1345 288 444
2084 223 2149 285 444

127 411 194 479 Dei
225 410 488 493 intemperanter
524 408 704 477 lasciviunt
737 407 846 487 (Rom.
875 411 912 484 6,
940 410 1006 484 20).
1057 408 1113 473 An
1167 408 1251 474 tioni
1273 429 1353 475 suae
1375 428 1556 492 congruere
1577 407 1640 473 hoc
1661 418 1776 492 negat:
1805 429 1912 492 neque
1934 414 2050 475 tamen
2071 406 2147 474 sub·

127 496 202 564 ideo
220 496 379 580 sequitur,
402 517 471 561 non
489 516 560 561 4444
579 501 710 579 peccato
727 492 955 576 mancipatos?
979 491 1112 559 Galum·
1167 494 1260 573 ticet,
1284 494 1453 560 decretum
1474 494 1591 575 cuique
1612 513 1632 556 a
1653 501 1748 577 patre
1769 493 1902 560 coelesti
1928 514 2002 560 esse
2028 493 2146 573 locum,

128 585 243 649 niatur
270 582 387 660 etiam,
420 602 480 647 444
507 581 575 646 Dei
602 580 784 663 potentiam
806 578 946 645 vincire:
965 579 1057 661 qnia
1084 577 1115 645 si
1166 587 1200 643 et
1218 600 1278 644 suo
1300 588 1447 662 tempore
1469 579 1669 662 patefactum
1689 579 1731 643 iri
1749 578 1885 658 (11144414.
1898 583 2023 660 20,21;
2043 580 2146 647 Mara

129 668 274 753 praescit
301 677 400 750 atque
426 664 558 732 ordinat
584 664 672 748 quod
699 666 848 730 futurum
876 671 943 741 est,
971 670 1114 748 nequeat
1170 669 1224 744 10,
1258 668 1324 742 35).
1374 665 1416 729 14
1448 665 1540 731 hunc
1578 663 1714 729 modum
1753 686 1860 748 nequo
1888 665 2021 732 41144414
2053 665 2147 731 441414

129 761 246 838 postea
267 759 406 819 mutare.
450 749 722 818 Abominandum
750 771 828 816 vero
849 748 1054 833 prodigium,
1084 748 1114 814 si
1159 749 1334 815 obruenda
1355 758 1407 815 est
1427 750 1617 833 superstitio
1631 752 1655 829 ¹)
1684 770 1768 832 quae
1796 750 1904 832 palam
1927 753 1963 815 in
1983 751 2147 835 scriptura

129 828 224 906 Deu's
250 838 358 904 instar
383 836 534 902 mortalis
562 836 705 902 hominis
733 835 864 901 varium
889 855 925 901 se
958 835 1114 900 4411444-
1165 834 1332 918 proditur:
1366 842 1400 900 et
1420 843 1542 913 tamen,
1575 855 1743 918 quousque
1764 836 1978 902 revelationis
2000 835 2072 903 dies
2091 836 2146 901 ad·

130 924 233 991 bilem
259 920 430 988 mutandis
456 922 493 987 in
520 923 621 987 horas
643 921 787 988 consiliis
816 942 881 986 non
910 921 1076 1004 praebeat
1091 922 1114 997 ¹)
1165 921 1312 1000 venerit,
1345 920 1509 1004 agendum
1534 918 1619 1003 quod
1639 920 1804 987 Dominus
1830 921 1984 1000 mandat,
2015 932 2055 987 ut
2076 923 2146 988 sine

131 1008 221 1090 Quid
244 1009 333 1075 onim
355 1014 528 1092 tantopere
545 1007 712 1092 improbat
728 1005 909 1073 monachus
920 1006 986 1071 nisi
1002 1006 1115 1071 Deum
1167 1007 1358 1089 exceptione
1385 1004 1428 1071 ad
1445 1006 1681 1090 poenitentiam
1709 1017 1744 1071 et
1769 1006 1870 1073 fidem
1896 1028 2015 1073 omnes
2035 1007 2147 1073 herta·

131 1096 193 1162 sihi
216 1094 401 1161 necessario
418 1091 593 1160 constare?
616 1093 755 1170 Verum,
778 1092 813 1156 in
835 1113 873 1157 eo
895 1091 1021 1158 44111444
1041 1090 1114 1155 hal-
1165 1113 1250 1156 mur.
1302 1090 1496 1157 Communis
1528 1091 1618 1157 enim
1650 1091 1804 1157 omnibus
1834 1102 1886 1159 est
1914 1093 2081 1159 doctrina:
2114 1100 2148 1158 44

130 1180 312 1259 1444444444,
339 1177 427 1263 quod
448 1180 517 1245 fixa
538 1178 604 1244 Dei
625 1178 747 1260 placita
769 1184 973 1260 apotastate
995 1175 1115 1242 (114444-
1166 1176 1229 1242 1444
1250 1176 1323 1261 lege
1345 1176 1432 1260 apud
1454 1198 1516 1242 nos
1532 1177 1681 1260 deposita
1698 1180 1793 1256 4441)
1816 1176 1920 1244 donec
1958 1179 1995 1244 ui
2016 1179 2146 1262 reprobi

132 1264 240 1331 hendo
263 1286 342 1331 eum
362 1264 433 1344 41141
448 1262 663 1331 dissidentem
683 1263 771 1328 facit.
799 1260 839 1328 si
860 1263 961 1329 stoice
978 1261 1115 1344 loquen·
1167 1270 1246 1328 sunt
1268 1261 1437 1347 deplorata
1458 1263 1677 1328 obstinatione
1699 1264 1789 1329 viam
1810 1263 1945 1330 nobiso
1985 1274 2110 1330 truant.

132 1350 212 1417 dum
234 1357 330 1430 esset,
352 1357 432 1416 nota
453 1356 505 1417 est
527 1347 674 1416 Senecae
697 1347 877 1414 sententia:
900 1345 999 1428 Quod
1020 1348 1114 1412 Deus
1253 1347 1445 1425 Caeterum,
1474 1368 1577 1430 quum
1605 1347 1940 1431 praedestinationem
1966 1358 2017 1415 tot
2044 1350 2146 1433 scrip-

132 1436 195 1503 sibi
217 1437 262 1502 sit
281 1437 353 1519 ipse
374 1435 563 1502 necessitas.
571 1437 601 1512 2)
622 1434 693 1500 Nos
710 1433 818 1518 magis
837 1438 912 1512 [pag.
929 1438 1001 1512 444]
1020 1453 1115 1499 4444-
1167 1442 1261 1498 turae
1278 1433 1359 1498 locis
1379 1440 1534 1498 testatam
1551 1432 1723 1499 admittere
1736 1442 1882 1519 cogatur,
1903 1456 2031 1503 novum
2046 1434 2146 1502 cavil-

131 1529 245 1588 renter
267 1528 302 1588 et
322 1520 444 1587 sobrie:
490 1518 798 1602 nodsemperidom
809 1519 892 1599 vult,
910 1517 1116 1585 constantiae
1167 1518 1237 1583 lum
1264 1519 1400 1604 ingerit,
1433 1539 1497 1601 quo
1524 1519 1608 1583 nihil
1635 1519 1769 1586 stultius
1796 1541 1857 1587 nec
1884 1520 2037 1605 putidius
2066 1522 2145 1606 fingi

133 1627 208 1673 esse
228 1604 376 1673 laudem:
400 1542 490 1689 quod
510 1603 669 1689 quidquid
692 1603 847 1684 decrevit,
870 1604 1025 1670 effectum
1041 1601 1115 1669 red·
1166 1611 1287 1687 potest:
1321 1603 1454 1670 Fideles
1476 1604 1553 1671 4444
1575 1607 1764 1670 testamenti
1786 1606 1907 1672 electos
1926 1627 1948 1671 a
1970 1607 2045 1673 Deo
2066 1628 2145 1685 esse,

134 1692 199 1773 dit,
232 1692 488 1774 omnipotentiae
520 1692 590 1757 eius
622 1711 694 1757 esse
724 1696 995 1757 consentaneum:
1027 1686 1116 1771 quod
1189 1689 1286 1754 uibus
1307 1710 1342 1754 m
1366 1689 1459 1755 sterii
1487 1711 1507 1754 4
1534 1690 1674 1757 44444114
1703 1690 1885 1757 absconditi
1906 1698 2004 1757 notes
2025 1692 2146 1759 faceret

132 1779 308 1845 coniuncta
340 1784 391 1842 est
418 1796 494 1842 cum
520 1776 670 1859 potentia
691 1775 862 1855 voluntas,
895 1774 1031 1860 dignam
1058 1773 1117 1838 illa
1193 1775 1310 1841 ’414444
1339 1712 1366 1839 d

132 1885 247 1930 rerum
272 1863 421 1929 omnium
449 1860 668 1927 moderatrice
689 1859 897 1945 providentia
925 1881 996 1926 4444
1025 1880 1115 1945 sym·
1167 1881 1249 1944 quae
1276 1860 1505 1926 excellentiam
1560 1861 1663 1927 retiae
1693 1883 1752 1944 per
1779 1861 1950 1928 Christum
1979 1861 2145 1928 exhibitae

130 1949 295 2015 metriam.
1167 1945 1410 2012 commendant.
1460 1882 1608 2011 Tandem
1638 1948 1816 2025 concludit,
1849 1948 2009 2031 quidquid
2041 1950 2144 2033 primo

217 2035 295 2100 Non
323 2053 433 2099 moror
466 2031 555 2116 quod
581 2031 729 2111 diversa,
762 2041 798 2096 et
829 2030 913 2096 nihil
940 2051 1115 2097 commune
1166 2031 1208 2096 nd
1231 2031 1395 2114 Ephesios
1418 2033 1524 2114 capite
1547 2032 1697 2112 hahetm·,
1720 2054 1787 2097 non
1811 2033 1874 2099 4114
1896 2041 2061 2116 spectare,
2083 2035 2145 2100 nisi

131 2120 222 2186 inter
250 2140 286 2185 se
318 2119 478 2185 habentia
505 2118 689 2201 scripturae
718 2117 906 2183 testimonia
932 2123 1112 2182 coacervat.
1138 2164 1141 2317 Ι
1165 2115 1252 2200 quod
1273 2116 1387 2183 fideles
1408 2119 1486 2182 novi
1504 2121 1695 2183 testamenti
1706 2120 1799 2184 Deus
1816 2120 1975 2203 peculiari
1993 2120 2058 2186 hec
2076 2120 2146 2186 thc-

1358 1798 1381 1839 n
1403 1775 1493 1841 huno
1514 1796 1649 1840 sensum
1670 1775 1797 1860 colligit
1818 1778 2008 1843 testimonia
2025 1777 2144 1855 omnia,

132 2202 351 2287 Quanquam,
382 2210 421 2268 ut
441 2202 593 2269 inscitiae
613 2224 807 2286 parcamus,
841 2200 1021 2268 coercenda
1044 2203 1114 2267 eius
1165 2223 1263 2268 sauro
1296 2208 1371 2282 [pag.
1397 2207 1471 2289 170]
1506 2203 1660 2286 dignatus
1692 2204 1745 2268 eit.
1797 2203 1910 2285 Quum
1950 2212 2068 2270 autem
2106 2204 2145 2270 ad

131 2291 301 2374 protervia
323 2296 389 2368 444,
412 2309 455 2352 44
476 2287 644 2371 simplices
667 2288 848 2353 conturbet.
859 2286 888 2371 ⁸)
932 2288 1114 2371 Postquam
1164 2297 1295 2371 tempus
1328 2289 1491 2353 referatur
1524 2289 1605 2353 haec
1631 2290 1753 2373 gratia,
1787 2312 1807 2354 4
1835 2290 1965 2356 (11444441
1998 2290 2145 2357 adventu

132 2396 175 2441 ex
204 2375 275 2441 loco
304 2396 372 2439 une
394 2373 495 2439 Pauli
524 2373 684 2452 ostendit,
713 2373 846 2438 mittere
867 2373 978 2439 Deum
1000 2392 1113 2458 opera·
1137 2326 1141 2435 i
1165 2395 1269 2457 nsque
1308 2372 1351 2439 ad
1383 2375 1484 2438 finem
1522 2374 1638 2438 mundi
1671 2376 1822 2442 omnibus
1858 2396 2022 2459 peraeque
2059 2397 2145 2443 com·

132 2461 257 2525 tionem
280 2460 401 2525 erroris
423 2457 610 2537 rebellibus,
633 2467 672 2523 ut
693 2458 832 2524 credant
853 2458 1033 2539 mendacio,
1057 2458 1113 2543 qui
1137 2440 1141 2491 Ι
1165 2480 1302 2524 munem
1325 2479 1397 2524 esse
1419 2457 1522 2525 docet
1558 2461 1672 2543 Atqui,
1693 2460 1793 2545 longe
1815 2462 1914 2526 aliam
1929 2461 2033 2528 Pauli
2055 2484 2144 2528 men·

132 2545 311 2611 noluerunt
332 2544 464 2610 obedire
485 2545 619 2610 veritati
643 2547 686 2618 (2.
710 2544 824 2610 Thess.
849 2548 879 2619 2,
907 2548 974 2622 11):
1005 2545 1114 2610 locum
1165 2554 1234 2610 tem
1256 2544 1435 2610 ostendunt
1455 2544 1565 2624 verbo,
1589 2566 1726 2627 quorum
1747 2568 1876 2612 summa
1894 2554 1953 2625 est,
1977 2547 2144 2612 illumina·

132 2631 273 2696 alterum
295 2629 490 2696 dissimilem
512 2629 713 2695 accumulat:
742 2629 924 2695 doctrinam
948 2631 1113 2715 evangelii
1164 2638 1216 2695 tos
1248 2651 1320 2696 esse
1352 2630 1389 2695 in
1422 2629 1537 2709 fidem,
1577 2632 1633 2713 qui
1665 2631 1846 2697 secundnm
1878 2640 2056 2698 aeternum
2082 2633 2144 2699 Dei

131 2717 303 2783 obscuram
327 2737 414 2796 esse
449 2716 491 2781 iis
527 2715 581 2797 qui
614 2724 768 2797 pereunt:
810 2736 950 2798 quorum
984 2724 1112 2782 mentes
1165 2715 1407 2799 beneplacitum
1429 2714 1471 2780 ad
1493 2717 1596 2783 vitam
1618 2717 1854 2799 praedestinati
1875 2719 2021 2784 fuerant
2058 2718 2143 2800 Quin

130 2801 319 2869 excaecavit
337 2800 418 2868 deus
441 2799 541 2866 huius
562 2800 686 2866 saeculi
707 2803 750 2884 (2.
764 2799 839 2867 (lor.
862 2806 893 2880 4,
917 2805 960 2879 3).
988 2801 1112 2868 Fateor
1164 2807 1243 2868 tnnc
1265 2800 1417 2885 speciahs
1438 2802 1539 2866 fuerit
1556 2802 1763 2886 qnonmdam
1781 2805 1917 2882 4444414,
1940 2804 2064 2888 negari
2080 2825 2143 2870 non

129 2887 262 2973 quidem
288 2887 363 2954 illos
395 2887 509 2954 vocari
535 2885 739 2952 incredulos:
780 2907 897 2953 verum
924 2887 952 2952 41
982 2888 1018 2952 in
1045 2887 1111 2953 illis
1162 2894 1278 2970 potest
1322 2888 1374 2953 Ne
1407 2886 1559 2953 omnibus
1593 2887 1725 2971 quidem
1759 2889 1970 2974 evangelium
1997 2889 2142 2973 promul·

129 2974 297 3041 caecitatis
326 2995 425 3040 causa
457 2981 508 3038 est
540 2971 611 3038 sola
643 2971 909 3051 incredulitas,⁴)
941 2972 1019 3056 quid
1048 2972 1110 3040 sibi
1162 2981 1277 3056 gatum
1300 2974 1372 3038 fuit
1417 2972 1546 3038 Verum
1572 2981 1612 3038 ut
1632 2973 1743 3054 detur,
1773 2977 1983 3058 personuisse
2005 2984 2143 3041 externa

128 3060 204 3128 44414
224 3059 311 3143 quod
330 3081 409 3125 mox
432 3059 595 3142 sequitur,
623 3056 735 3123 Deum
757 3058 813 3141 qui
835 3058 933 3124 iussit
953 3080 996 3123 ex
1019 3066 1110 3125 tene·
1162 3081 1242 3126 4444
1263 3060 1412 3124 omnium
1435 3079 1546 3124 aures:
1568 3059 1720 3125 altiorem
1740 3061 1948 3127 vocationem
1969 3060 2041 3128 illic
2058 3061 2143 3127 Pan·

128 3146 197 3212 bris
218 3145 329 3213 lucem
351 3143 597 3229 splendescere,
625 3143 775 3209 illuxisse
796 3144 834 3209 in
855 3143 1008 3211 cordibus
1029 3144 1110 3211 fide·
1161 3143 1215 3212 lus
1248 3151 1356 3225 notat,
1389 3165 1456 3228 qua
1488 3146 1523 3208 in
1558 3147 1683 3211 animos
1715 3156 1868 3229 penetrat
1896 3145 1964 3211 Dei
1996 3147 2140 3230 spiritns

127 3230 233 3298 lium?
279 3231 411 3314 Ubique
433 3229 588 3296 tenebras
611 3250 684 3295 esso
709 3229 874 3296 audimus:
897 3230 1008 3296 Deum
1030 3252 1111 3297 vero
1162 3229 1339 3297 Somnium
1360 3236 1517 3296 narratur
1539 3229 1699 3314 Georgio,
1729 3253 1830 3314 quum
1851 3233 1990 3298 interior
2018 3241 2054 3298 44
2075 3233 2141 3298 effi·

104 3316 169 3384 'ex
191 3318 336 3384 tenebris
353 3317 518 3401 fulgorem
540 3314 689 3382 educere.
698 3315 729 3400 ⁵)
752 3314 821 3382 Sed
842 3314 930 3399 quod
952 3337 1013 3381 nos
1035 3339 1109 3383 eru·
1161 3338 1223 3382 cax
1246 3316 1372 3382 vocatio
1394 3317 1435 3382 ab
1457 3322 1595 3383 externa
1616 3317 1822 3383 discernitur.
1868 3316 1936 3383 Sed
1959 3338 2063 3401 quam
2079 3339 2141 3384 non

127 3403 272 3470 delitatis
295 3410 442 3483 accusat,
469 3401 556 3485 quod
581 3400 677 3467 441444
705 3408 740 3467 44
767 3401 882 3467 multis
907 3402 1109 3468 obstruimus
1161 3403 1205 3468 sit
1222 3402 1341 3468 frivola
1359 3401 1518 3468 eiusmodi
1536 3401 1711 3482 distinctio,
1734 3402 1811 3469 fidei
1830 3404 2039 3487 experientia
2056 3404 2140 3471 locu·

127 3489 244 3555 salutis
267 3489 371 3568 viem,
400 3510 502 3572 quum
529 3486 685 3553 Christus
714 3485 950 3554 Ohananaeam
977 3496 1011 3554 et
1031 3510 1109 3555 oves
1161 3487 1231 3572 ples
1260 3495 1312 3553 est
1340 3489 1443 3553 testis.
1488 3489 1543 3553 Ad
1572 3488 1654 3554 haec
1683 3510 1751 3554 non
1779 3488 1842 3554 alio
1874 3489 1930 3555 441
1958 3511 2063 3555 sensu
2091 3487 2141 3555 vel

127 3574 273 3658 perditas
303 3584 400 3657 atque
429 3575 552 3639 alienos
583 3594 682 3639 canes
714 3579 785 3638 tam
808 3573 951 3657 benigne
972 3574 1107 3641 invitet:
1160 3575 1227 3639 fine
1248 3573 1443 3638 electionem
1464 3580 1584 3639 tractat
1606 3574 1668 3639 hoc
1689 3575 1759 3639 loco
1770 3574 1906 3654 Paulus,
1929 3596 2033 3657 quam
2056 3573 2139 3653 alibi,

127 3680 189 3744 ego
212 3680 291 3726 4444
313 3659 512 3742 respondeo,
540 3679 601 3723 nos
629 3657 707 3723 fidei
736 3664 770 3722 et
789 3660 1011 3741 poenitentiae
1033 3659 1108 3726 doc·
1161 3659 1240 3724 dum
1269 3660 1398 3744 gratias
1431 3659 1500 3743 agit
1521 3658 1608 3738 Deo,
1642 3659 1728 3742 qued
1756 3660 2074 3727 Thessalonicenses
2101 3659 2139 3724 ab

127 3747 259 3825 trinam,
282 3767 366 3828 quae
388 3746 483 3811 nobis
503 3743 679 3809 commissa
701 3748 776 3822 [pag.
793 3750 867 3824 169]
886 3752 945 3824 est,
967 3745 1109 3811 fideliter
1160 3744 1256 3810 initio
1277 3744 1415 3828 elegerit
1440 3746 1476 3809 in
1502 3745 1642 3810 salutem
1665 3750 1708 3822 (2.
1731 3746 1844 3811 Τ14444.
1870 3748 1899 3824 2,
1927 3749 1990 3823 13).
2038 3744 2140 3829 Atqui

126 3831 281 3897 omnibus
314 3851 516 3914 proponere,
549 3837 587 3894 ut
615 3827 749 3895 (ihristo
783 3828 950 3896 lucrifiant
982 3851 1107 3897 omnes.
1159 3838 1290 3914 partem
1321 3831 1475 3915 exiguam
1507 3830 1548 3895 ab
1586 3832 1690 3914 impia
1728 3830 1941 3898 multitudine
1975 3830 2138 3898 discernit

126 3916 240 3999 Quum
261 3939 298 3983 ro
322 3925 398 3983 atus
421 3924 509 3983 esset
528 3915 695 3981 Dominus
714 3914 786 3997 ipse
813 3914 855 3980 ab
881 3937 985 3981 uxore
1005 3917 1108 3982 Zebe·
1159 3916 1314 4000 Excipiet
1341 3915 1521 4000 Georgius,
1548 3916 1660 3982 electis
1689 3919 1810 4001 opponi
1836 3917 2043 4000 praefractos
2066 3938 2138 4002 gra·

126 4003 210 4084 daei,
233 4010 271 4068 ut
322 4012 429 4069 terum
448 4024 489 4067 ex
508 4002 586 4067 filiis
603 4000 646 4066 ad
657 4000 829 4066 dexteram
840 4022 943 4082 suam,
967 4001 1108 4068 alterum
1160 4001 1225 4067 tiae
1245 4007 1496 4084 contemptores.
1528 4000 1596 4067 Sed
1616 4002 1679 4068 hoc
1700 4003 1785 4068 nihil
1807 4001 1952 4068 adrem:
1977 4005 2057 4086 quia
2073 4023 2138 4067 non

126 4089 168 4154 ad
201 4090 370 4155 sinistram
403 4089 541 4167 locaret,
581 4086 720 4153 stultum
760 4093 795 4152 et
832 4087 1108 4170 intempestivum
1159 4087 1250 4153 aliud
1266 4088 1302 4151 in
1319 4089 1505 4170 praesentia
1522 4087 1692 4168 contende,
1713 4110 1811 4171 quum
1833 4088 2022 4171 specialiter
2044 4110 2138 4173 quos·

125 4181 243 4241 votum
271 4196 476 4259 compescere
502 4174 632 4251 volens,
660 4173 827 4254 praesenti
855 4172 987 4256 quidem
1010 4194 1105 4240 veca-
1159 4173 1236 4239 dam
1257 4194 1337 4255 prae
1358 4172 1431 4239 41414
1453 4174 1573 4240 clectos
1591 4195 1677 4240 osse:
1711 4196 1813 4257 quum
1835 4173 2003 4257 Georgius
2025 4183 2138 4241 contra

1158 4258 1298 4343 garriat,
1324 4279 1385 4325 nos
1407 4266 1539 4324 tantum
1564 4260 1601 4323 in
1622 4260 1684 4325 hoc
1703 4260 1964 4343 praedestinatos
1986 4281 2075 4338 esse,
2102 4268 2138 4324 nt

1157 4343 1219 4411 hoc
1242 4352 1388 4427 tempere
1410 4365 1630 4410 nasceremur.
1640 4349 1668 4423 ⁸)
1712 4344 1802 4426 Quid
1823 4344 1947 4410 Iudas?
1989 4344 2057 4411 Oui
2077 4344 2136 4410 etei

194 4447 224 4515 1)
243 4445 318 4502 aad.
343 4449 409 4502 mais
432 4447 558 4501 demeare
582 4445 667 4500 ferme
692 4448 721 4499 et
744 4452 870 4499 constant
892 4462 926 4511 en
950 4461 981 4501 44
1005 4445 1104 4515 qu’ila
1158 4429 1329 4496 Christum
1358 4430 1487 4509 audire,
1522 4438 1556 4496 44
1588 4431 1768 4497 domestica
1799 4432 1869 4496 eius
1897 4429 2136 4497 consuetudine

125 4533 177 4571 nne
195 4517 248 4572 tois
267 4516 424 4571 determine.
461 4513 497 4596 S·
533 4528 703 4595 4444444444,
720 4513 861 4569 omittitur.
979 4583 986 4595 ,
1074 4585 1080 4596 ‚
1156 4521 1230 4596 [pag.
1261 4520 1335 4594 171]
1363 4516 1427 4581 frui
1462 4516 1576 4582 datum
1612 4526 1676 4596 cst,
1717 4517 1858 4582 electum
1897 4524 2013 4583 tamen
2039 4516 2136 4582 fuisse

193 4584 223 4649 2)
243 4584 316 4638 Adri.
339 4584 382 4638 En
400 4599 473 4677 quoy
493 4652 499 4663 .
528 4582 632 4705 sipnrfie
651 4580 714 4651 qu’rl
730 4580 802 4663 nffeat
817 4597 868 4651 pas
882 4581 1103 4663 conhamtd’arl·

124 4653 292 4773 lemf'sm⁸i⁸
311 4652 375 4720 qn’il
393 4658 531 4706 44414444
567 4667 582 4707 4
601 4667 651 4707 444
664 4650 773 4706 44441444
789 4651 931 4706 4444444414
950 4654 967 4706 4
983 4651 1050 4706 faire
1069 4667 1102 4708 ce
1358 4692 1361 4695 -

143 4721 178 4774 444
219 4722 264 4774 444.

125 4739 142 4788 q
193 4786 223 4852 3)
243 4788 306 4842 Η44
322 4804 425 4842 comma
443 4789 543 4842 omittit
562 4787 666 4842 Gades.
1226 4791 1256 4853 1)
1275 4791 1303 4843 14
1340 4791 1543 4846 redestination.

193 4854 224 4918 4)
243 4856 271 4910 la
288 4856 383 4910 malice
402 4857 553 4911 volontaire
572 4856 652 4925 qu’ils
669 4862 718 4911 ont
736 4871 786 4910 eue
799 4855 832 4910 de
843 4857 956 4913 44414444
969 4857 1102 4912 tl’Evan-
1226 4858 1257 4924 2)
1276 4859 1304 4911 A
1324 4859 1350 4912 d.
1374 4863 1391 4915 4
1414 4868 1488 4914 44444
1512 4859 1644 4912 intention
1667 4859 1693 4913 14
1721 4857 1819 4927 qu’ella
1844 4860 1898 4914 soit
1914 4864 2062 4928 presentes
2086 4877 2135 4916 aux

123 4925 177 4994 gile
196 4940 279 4993 apres
296 4922 391 4978 l’avoir
410 4941 470 4993 ouy.
1157 4944 1208 4981 uns
1227 4934 1256 4980 et
1273 4944 1327 4981 aux
1345 4936 1445 4983 autres.

192 4990 223 5061 5)
240 4991 314 5046 Adri.
333 4991 398 5046 Cela
416 5008 445 5045 se
462 4992 512 5046 tait
528 5008 561 5047 44
581 4993 711 5062 ceux-qui
727 5000 852 5064 eroyent:
872 4994 941 5049 ainsi
959 4994 999 5049 les
1017 4996 1103 5050 incre-
1226 4994 1256 5056 3)
1276 4995 1351 5049 Aac.
1379 4996 1478 5065 auquel
1504 4995 1582 5051 Iesus
1601 4996 1691 5050 Christ
1719 5002 1762 5051 est
1784 5010 1901 5063 apparu:
1929 4996 1999 5052 dent
2025 4998 2045 5052 il
2071 4997 2133 5053 s’en·

124 5061 203 5117 dules
223 5068 270 5115 ont
293 5076 328 5114 un
347 5060 535 5128 aveugloment
551 5061 614 5129 plus
630 5062 698 5116 haut
716 5068 745 5117 et
766 5062 828 5131 plus
852 5061 936 5118 cache'
954 5080 1006 5132 que
1026 5064 1104 5133 celuy
1159 5065 1280 5132 suyvroit
1298 5063 1362 5132 qu'il
1379 5066 1423 5134 n'y
1442 5067 1532 5120 auroit
1548 5065 1622 5120 nulle
1641 5064 1787 5120 difference
1804 5071 1881 5119 entre
1904 5065 1946 5119 les
1965 5067 2036 5122 bons
2054 5076 2081 5122 et
2096 5066 2132 5120 les

125 5132 170 5200 qui
187 5129 306 5201 procede
325 5127 359 5183 de
377 5128 438 5182 leur
454 5128 594 5183 rebellion.
1158 5134 1287 5186 mauvais.
