4620 5894
143 205 210 270 499
892 198 1162 269 murano
1181 197 1417 269 ERRORUM
2105 202 2166 265 500

144 392 347 478 permiserit,
370 413 437 457 non
458 391 564 491 video.
610 390 798 476 Scripserat
820 390 911 457 enim
931 410 1034 456 manu
1056 410 1126 491 sup,
1179 410 1218 456 ac
1238 389 1349 490 potius
1377 408 1476 472 quam
1502 386 1704 490 profundum
1732 386 1965 489 lshprinthum
1986 386 2162 489 ingrediar.

144 476 260 578 fidem·
278 478 332 544 hic
363 478 558 543 diabolream
584 497 741 576 regnare,
768 476 902 578 'nullam
929 477 1126 626 essenoblrs
1179 475 1248 543 Sed
1269 475 1446 627 lhpldu'milrh
1464 472 1716 627 odblhllor'ndddffl
1726 495 1876 626 tbhelrlbsb
1876 495 2030 629 5211·ng
2040 483 2164 626 calegnpne

145 564 920 734 ὃῗξιῗιᾚίξιξέὲῖῗοέιξὲωριῖἶζᾶῗῗέιζῖ
929 561 1127 731 bbpdlumpllre(3
1179 582 1376 727 hbbbbltores,
1400 612 1522 732 gehere
1540 582 1613 731 ibbo
1625 646 1804 725 doetrinae,
1826 656 1865 711 ιιι
1881 632 1984 712 certis
2003 583 2165 730 capitib&

149 735 241 802 cibus
262 736 387 802 socium
411 735 530 818 populo
558 734 723 814 adiunxit,
754 736 850 802 cuius
877 734 1034 819 fugiende
1056 739 1128 799 erat
1180 733 1372 799 distinctum
1394 734 1472 812 erit,
1506 740 1634 811 notato,
1666 740 1853 798 monstrum
1880 752 1950 797 non
1971 733 2088 798 minus
2110 731 2163 799 de-

148 820 356 889 communio?
400 825 524 887 Annon
552 822 739 905 profanatio
766 832 817 887 eet
845 840 956 887 sacrae
978 819 1126 897 unitatis,
1180 819 1329 885 testabile
1361 840 1462 903 quam
1491 820 1693 885 multiforme
1716 818 1754 883 in
1784 819 1856 884 eius
1883 817 1980 883 libris
2003 821 2164 886 contineri

148 927 357 973 communem
384 904 496 972 Deum
522 916 556 971 et
582 907 681 972 fidem
710 926 787 972 cum
808 907 909 990 impio
937 913 971 971 et
991 906 1128 988 profano
1180 912 1369 989 agnoscant.
1392 975 1400 989 ,
1422 904 1535 986 Quum
1567 905 1659 972 varie
1692 905 1814 989 diuque
1851 904 1963 972 vorbis
2002 912 2163 972 certaturn

147 1000 242 1059 coetu
263 991 431 1075 profiteri?
458 993 509 1057 Ac
529 1013 590 1076 pro
608 992 798 1077 ecquidem
819 1001 858 1057 ut
878 992 1127 1076 supplicaretur,
1179 992 1275 1070 foret,
1303 1013 1341 1057 ac
1363 990 1502 1058 subinde
1522 991 1764 1075 querimoniam
1783 991 1876 1056 illam
1897 998 2074 1075 repeteret,
2098 1014 2162 1058 uon

147 1077 298 1145 hortatus
325 1085 376 1143 est
395 1078 566 1158 Farellus,
602 1079 660 1144 sed
683 1079 878 1144 nominatim
905 1086 942 1144 ut
963 1078 1127 1143 Dominus
1181 1077 1296 1144 decere
1313 1079 1446 1162 pietatis
1462 1098 1580 1144 causas
1597 1078 1776 1144 incarcere
1793 1079 1946 1144 tractari:
1960 1080 1986 1153 ¹)
2008 1079 2162 1162 respondi

146 1163 269 1247 perditi
290 1163 372 1230 tiliae
394 1163 536 1229 hominis
558 1165 731 1245 misertus,
755 1165 795 1231 ab
818 1163 1029 1231 exsecrandis
1051 1184 1127 1228 eum
1180 1164 1268 1247 quod
1299 1177 1418 1230 verum
1450 1171 1522 1228 erat
1553 1169 1587 1228 et
1617 1163 1712 1228 initio
1741 1164 1911 1246 praelatus
1934 1184 2045 1241 eram,
2080 1165 2162 1231 nihil

147 1250 314 1316 erroribus
353 1247 395 1316 ad
434 1270 549 1316 sanam
588 1259 733 1316 mentem
771 1248 950 1316 reduceret.
965 1255 989 1324 ¹)
1050 1248 1128 1332 Ipse
1180 1250 1263 1314 mihi
1285 1251 1354 1315 fore
1371 1249 1500 1333 gratius
1518 1269 1619 1332 quam
1642 1250 1670 1314 si
1691 1249 1727 1313 in
1748 1248 1871 1330 templo
1893 1257 1928 1315 et
1949 1257 2020 1314 toto
2041 1251 2163 1334 populo

145 1335 289 1416 interea,
329 1356 517 1419 quanquam
550 1336 682 1401 nullum
716 1336 962 1421 resipiscentiae
994 1335 1127 1419 signum
1180 1335 1334 1401 audiente
1362 1335 1617 1419 disceptaretur:
1641 1356 1703 1400 nec
1730 1354 1810 1400 vcro
1838 1355 1911 1400 esse
1939 1354 2079 1401 causam
2106 1358 2162 1403 our

146 1419 258 1500 dedit,¹
278 1442 338 1504 pro
360 1442 495 1487 suorum
518 1430 630 1487 tamen
659 1422 849 1507 dogmatum
874 1421 1063 1488 defensione
1084 1443 1128 1487 ne
1179 1421 1286 1488 lucem
1319 1431 1353 1486 et
1387 1428 1599 1505 conspectum
1631 1421 1702 1486 eius
1735 1420 1859 1485 theatri
1898 1420 2068 1504 fugerem,
2109 1421 2161 1488 ubi

146 1508 287 1573 verbum
321 1506 456 1591 quidem
494 1509 602 1574 facere
635 1515 774 1575 conatus
813 1517 872 1575 est.
935 1507 1025 1589 Quid
1064 1506 1128 1573 sibi
1180 1526 1280 1573 causa
1295 1507 1479 1589 plausibilis
1501 1528 1568 1572 non
1596 1505 1743 1572 adversis
1766 1506 1902 1571 auribus
1923 1505 2053 1572 tuenda
2072 1509 2160 1574 foret

144 1612 267 1675 quaeso
298 1592 361 1660 hcc
389 1594 513 1673 vult,2)
545 1594 720 1677 quodiam
750 1595 811 1660 sub
838 1615 943 1659 manu
963 1593 1127 1660 carnificis
1180 1591 1311 1658 Deinde
1344 1614 1446 1677 quum
1484 1593 1541 1658 ille
1569 1601 1763 1676 provocaret
1795 1590 1838 1657 ad
1876 1591 1960 1657 aliae
1999 1592 2160 1674 ecclesiae,

144 1679 286 1763 positus,
314 1700 417 1763 quum
439 1689 611 1745 aeternum
630 1679 696 1745 Dei
720 1680 826 1746 filium
848 1682 1003 1746 invocare
1024 1679 1127 1763 perti-
1151 1658 1154 1767 l
1180 1679 1322 1744 libenter
1348 1700 1369 1745 a
1396 1700 1450 1743 me
1478 1679 1561 1745 haec
1586 1700 1714 1762 quoquc
1742 1678 1886 1744 conditio
1915 1690 2073 1763 suscepta
2093 1681 2160 1747 fuit

144 1764 271 1831 nuciter
292 1773 457 1845 renueret,
479 1787 547 1831 non
564 1766 711 1839 breviter
728 1767 845 1832 saltem
863 1765 965 1850 (quod
985 1765 1127 1831 liberum
1150 1780 1153 1833 ι
1178 1765 1297 1848 Itaque
1319 1764 1520 1831 clarissimus
1542 1764 1686 1830 Senatus
1712 1771 1825 1830 noster
1841 1765 1944 1829 finem
1966 1764 2161 1850 ambagibus

144 1855 231 1927 erat)
252 1850 482 1928 excusaverit?
512 1850 677 1933 Quisnam
698 1860 837 1918 mortem
859 1852 947 1917 hanc
969 1852 1127 1935 martyris
1150 1838 1153 1871 ¹
1179 1851 1287 1916 facere
1309 1851 1438 1929 volens,
1462 1849 1607 1916 decrevit
1628 1858 1667 1915 ut
1686 1850 1925 1933 proposit-iones
1949 1871 2161 1935 excerperem

144 1956 216 2002 esse
238 1936 334 2015 dicet,
358 1936 550 2017 doctrinam,
572 1959 633 2021 pro
655 1960 720 2021 qua
737 1937 932 2004 certandum
954 1946 1035 2017 erat,
1058 1957 1126 2001 non
1150 1902 1153 2055 ἰ
1179 1958 1221 2001 ex
1244 1934 1376 2003 Serveti
1404 1937 1507 2019 ipsius
1534 1935 1641 2014 libris,
1665 1957 1748 2018 quae
1772 1936 1803 2000 ei
1828 1937 1969 2018 scriptae
1992 1937 2160 2004 darentur.

143 2021 240 2087 modo
268 2025 358 2088 omni
391 2024 572 2106 patrocinio
606 2023 798 2089 destitutam
831 2023 1033 2106 relinquere,
1067 2022 1126 2087 sed
1179 2021 1307 2086 Eodem
1328 2022 1612 2088 senatusconsulto
1631 2022 1828 2104 permissum
1849 2021 1901 2085 illi
1918 2032 1970 2088 est
1985 2034 2027 2087 ut
2040 2032 2160 2089 retrae-

143 2107 330 2174 volunturio
352 2109 483 2175 silentio
505 2117 618 2174 tenere
640 2109 874 2193 suppressam?
908 2109 1015 2174 Nemo
1037 2109 1126 2173 enim
1179 2116 1267 2172 taret
1291 2108 1321 2173 si
1346 2108 1425 2191 quid
1453 2107 1583 2173 rideret
1612 2129 1687 2173 ase
1712 2129 1778 2172 non
1805 2117 1894 2172 recte
1922 2110 2104 2191 scriptum:
2135 2110 2161 2175 si

144 2214 164 2258 a
190 2194 346 2278 loquendi
375 2196 483 2276 ipsum
512 2195 664 2261 libertate
691 2196 867 2278 prohibuit
911 2194 1009 2260 Unde
1038 2194 1126 2277 quod
1179 2192 1258 2276 quid
1288 2215 1369 2259 vero
1402 2193 1663 2277 deprehenderet
1695 2194 1780 2258 male
1814 2215 1833 2258 a
1861 2195 1958 2259 nobis
1986 2195 2159 2273 detortum,

143 2280 241 2362 paulo
262 2287 340 2346 ante
362 2282 467 2364 attigi,
490 2280 617 2362 liquere
631 2282 788 2347 arbitror:
812 2279 968 2364 quamdiu
989 2281 1126 2362 impune
1150 2296 1153 2367 3
1179 2280 1351 2345 refutaret:
1386 2281 1414 2346 si
1448 2277 1527 2362 quid
1558 2279 1679 2344 iniuste
1711 2285 1844 2362 putaret
1877 2277 2092 2360 damnatum,
2122 2302 2160 2346 ex
2194 2338 2198 2343 .

144 2385 180 2429 ee
207 2364 321 2431 ludere
350 2366 494 2449 putavit,
523 2365 598 2448 plue
627 2369 707 2431 satis
734 2368 835 2432 fuisso
856 2364 1030 2431 audacem:
1069 2365 1126 2430 ubi
1179 2364 1280 2430 verbo
1312 2370 1387 2445 [pag.
1416 2370 1471 2445 64]
1499 2366 1564 2430 Dei
1598 2364 1795 2430 defenderet.
1840 2366 1969 2448 Ego,²)
2004 2388 2049 2431 ne
2079 2366 2161 2432 ultra

144 2457 255 2514 autem
289 2451 397 2516 solutu
424 2459 475 2516 est
500 2451 590 2517 iusta
615 2471 756 2532 merces,
791 2451 1021 2536 desperatione
1048 2470 1125 2516 con·
1179 2449 1314 2515 modum
1347 2452 1495 2534 prolixus
1516 2452 1635 2529 forem,
1666 2460 1757 2516 certa
1789 2452 1950 2534 quaedam
1979 2454 2093 2535 capita
2123 2452 2161 2517 ad

144 2535 271 2601 cidisse.
1179 2535 1316 2602 verbum
1346 2537 1569 2622 transscripsi.
1615 2538 1742 2603 Habuit
1773 2537 1830 2600 ille
1863 2546 2031 2620 quantum
2062 2539 2161 2604 voluit

231 2627 305 2702 [pag.
329 2627 383 2702 63]
417 2622 545 2687 Verum
578 2622 656 2705 quia
688 2622 730 2688 de
758 2622 891 2688 homine
920 2622 1046 2689 dictum
1075 2632 1126 2689 cst
1179 2624 1337 2706 temporis
1366 2622 1409 2687 ad
1434 2622 1715 2706 respondendum:
1749 2623 1844 2688 nobis
1871 2644 1939 2687 non
1962 2624 2041 2706 plus
2068 2624 2160 2690 biduo

143 2707 212 2772 iam
233 2708 308 2791 plus
331 2709 424 2786 satis,
448 2708 650 2776 subiicienda
671 2716 722 2777 eet
743 2730 802 2774 suo
823 2708 946 2789 ordine,
969 2718 1009 2774 ut
1030 2730 1126 2793 proe-
1180 2708 1294 2774 datum
1323 2712 1422 2793 cem)
1466 2710 1571 2774 Porro
1603 2710 1681 2790 quia
1713 2729 1844 2775 causam
1881 2730 1978 2774 suam
2012 2712 2161 2794 sperabat

144 2794 231 2859 fatus
254 2814 338 2872 sum,
360 2792 552 2879 dogmatum
576 2795 763 2880 descriptio:
785 2794 874 2861 unde
895 2804 1044 2861 statuant
1060 2795 1126 2861 lec·
1150 2744 1153 2851 l
1179 2795 1285 2878 magis
1328 2796 1399 2859 fore
1441 2793 1664 2878 plausibilem,
1714 2796 1741 2860 si
1789 2804 1974 2877 postremas
2030 2797 2160 2863 haberet

144 2889 247 2959 tores,
276 2881 420 2944 fueritne
450 2903 535 2946 unus
558 2888 592 2946 et
615 2881 700 2947 alter
722 2881 895 2946 mediocris
917 2890 951 2945 et
972 2880 1126 2946 ferendus
1151 2888 1154 2973 l
1178 2879 1332 2962 loquendi
1356 2888 1483 2963 partes:
1505 2901 1621 2946 rursus
1643 2881 1782 2963 supplici
1799 2880 1909 2945 libello
1927 2882 1992 2948 hoe
2013 2884 2077 2948 sibi
2097 2883 2160 2947 dari

144 2984 245 3041 error,
269 2985 312 3029 an
333 2976 466 3032 vastum
483 2987 521 3033 ac
538 2966 739 3051 profundum
755 2968 963 3050 impietatum
974 2967 1124 3050 pelagus:
1178 2966 1281 3048 potiit,
1306 2988 1343 3032 ac
1365 2967 1565 3050 impetravit.
1611 2965 1772 3047 Quamvis
1794 2976 1904 3031 autem
1927 2969 2071 3034 minime
2092 2990 2161 3035 enm

143 3071 227 3134 quae
260 3060 363 3117 totam
395 3052 495 3117 fidem
517 3061 665 3118 nostram
687 3053 898 3132 labefactant,
932 3053 999 3117 imo
1026 3054 1124 3116 etiam
1151 3054 1154 3105 ἒ
1179 3051 1305 3128 lateret,
1327 3052 1367 3117 de
1385 3054 1491 3136 capite
1504 3074 1563 3118 suo
1576 3054 1645 3136 agi:
1665 3054 1743 3135 quia
1760 3053 2022 3119 consulebantur
2040 3058 2161 3121 vicinae

143 3156 267 3220 magna
289 3158 331 3202 ex
353 3147 447 3220 parte
469 3159 604 3221 prorsus
626 3147 791 3204 evertunt.
836 3139 912 3204 Nou
935 3138 1021 3222 quod
1043 3138 1126 3202 mihi
1180 3139 1344 3218 ecclesiae,
1367 3160 1409 3203 ex
1431 3159 1569 3221 quarum
1588 3160 1744 3221 responso
1766 3139 1931 3221 pendebat
1953 3161 2160 3224 groveprae·

143 3230 249 3287 totam
270 3222 472 3308 farraginem
494 3224 682 3309 evolveress)
704 3226 910 3309 propositum
932 3226 983 3289 sit.
1018 3224 1125 3289 Video
1179 3223 1350 3289 iudicium:
1397 3246 1474 3289 uam
1490 3245 1603 3290 secure
1615 3234 1727 3290 tamen
1740 3225 1915 3290 cavillatus
1929 3228 1984 3303 eit,
2006 3228 2160 3293 videbunt

144 3309 243 3387 enim,
274 3309 301 3374 si
319 3309 354 3374 id
376 3310 484 3376 facere
504 3317 686 3391 tentavero,
707 3332 805 3394 quam
828 3311 963 3376 densam
985 3309 1126 3394 sylvam,
1151 3332 1155 3419 p
1180 3308 1327 3375 lectores.
1374 3246 1481 3391 buce,
1509 3331 1551 3374 ne
1579 3311 1657 3394 quid
1681 3312 1766 3376 forte
1794 3321 1987 3393 suspectum
2012 3314 2159 3385 habeant

1152 3428 1154 3441 ·
1180 3397 1322 3461 monitos
1342 3397 1429 3473 volo,
1451 3396 1536 3460 nihil
1559 3418 1577 3460 a
1598 3418 1652 3462 me
1675 3397 1727 3462 hic
1749 3399 1906 3480 positum,
1931 3399 2021 3480 qnod
2045 3400 2159 3465 nonin

1152 3470 1155 3543 l
1181 3488 1254 3547 aeta
1275 3481 1408 3565 publica
1429 3482 1569 3547 relatum
1592 3491 1625 3547 et
1646 3483 1792 3567 legitime
1810 3484 2046 3567 consignatum
2067 3488 2116 3552 sit.

217 3579 246 3645 1)
265 3580 339 3635 Add.
376 3582 472 3638 Servet
490 3584 524 3638 de
542 3600 591 3639 son
610 3587 686 3640 coste
710 3584 793 3652 prioit
811 3599 913 3639 comme
932 3600 967 3639 au
984 3585 1075 3639 milieu
1093 3584 1126 3639 de

144 3647 250 3771 l'egpise
269 3649 465 3773 detngplrtr:figplr
488 3669 560 3721 quoy
583 3653 602 3707 il
618 3655 763 3708 monstroit
780 3654 841 3706 bien
865 3668 917 3721 quc
941 3670 985 3708 ses
1005 3655 1129 3722 opinions
1153 3692 1156 3771 ἰ
1181 3657 1209 3663 ““
1294 3658 1298 3663 “
1328 3658 1385 3663 ”“““

144 3734 180 3772 ne
209 3734 245 3853 bb
262 3733 311 3840 {dd
331 3826 337 3839 .
356 3760 485 3856 qu'ayant
502 3789 600 3843 liberte
627 3790 660 3842 de
688 3789 781 3857 parler
799 3806 901 3844 comme
920 3790 939 3843 il
958 3798 1019 3845 eust
1036 3790 1128 3858 voulu,
1153 3790 1156 3837 l
1181 3753 1280 3891 prifloln)
1293 3754 1340 3877 ¹3⁸⁶
1352 3756 1776 3880 aggiiffigrdffiaffirffitiiffittgfe
1794 3760 1931 3813 menne
1950 3765 1980 3813 et
1999 3775 2114 3815 memes
2130 3773 2158 3812 ω

145 3854 165 3908 il
183 3871 217 3909 ne
243 3855 383 3910 lcituulle
403 3856 558 3912 confession
579 3873 613 3912 ne
632 3856 694 3912 d’un
713 3859 789 3912 coste
812 3874 846 3911 ne
865 3857 969 3912 d'autre
993 3875 1047 3913 non
1066 3859 1129 3928 plus
1153 3840 1156 3939 i
1251 3889 1281 3955 2)
1300 3892 1329 3946 Ie
1349 3893 1386 3946 fei
1403 3894 1571 3947 incontinent
1595 3912 1624 3947 ce
1643 3896 1689 3961 qui
1708 3895 1825 3949 weston
1843 3894 1982 3963 ordonnk,
2009 3907 2038 3951 et
2061 3895 2115 3950 afin
2129 3894 2157 3948 de

183 3923 191 3951 '
487 3928 520 3957 '·
552 3927 557 3938 '
699 3927 705 3938 ‘
763 3927 769 3939 ’
846 3927 851 3938 ”
938 3926 945 3952 ’
1118 3942 1156 3967 ,ι

146 3924 432 4061 ιιιιιιιιιι
449 3926 569 4049 aaa:
592 3929 1129 4064 ιειιιιιιιῖωιιιιιιιιι
1153 3986 1156 4099 4
1182 3976 1215 4082 :a
1234 3962 1317 4082 pp
1331 3962 1670 4085 pgppppgp
1687 3980 1731 4017 ι
2017 3967 2158 4020 ιιιι

145 4063 223 4184 ddtlbld
240 4061 711 4186 {leesfeffirnsu‘elupropulsam„
729 4064 774 4132 luy
793 4063 961 4117 sembler⁰it²
989 4081 1020 4118 οἳ
1038 4072 1129 4118 emm
1153 4142 1156 4159 ,
1250 4096 1280 4161 3)
1299 4098 1317 4150 il
1336 4114 1378 4152 me
1398 4098 1467 4153 salut
1484 4100 1622 4168 repliquer
1640 4116 1674 4153 en
1692 4100 1761 4154 deux
1773 4100 1847 4153 iours
1860 4110 1956 4154 contre
1969 4117 2003 4157 ce
2016 4101 2079 4171 qu’il
2094 4101 2157 4155 croit

214 4197 244 4263 3)
269 4198 301 4252 de
329 4214 436 4252 remuer
460 4207 552 4255 tontes
576 4216 620 4255 ses
645 4199 759 4255 crduree
782 4216 816 4255 ou
843 4198 1004 4255 deschiffrer
1030 4215 1081 4267 par
1099 4200 1126 4254 le
1154 4246 1157 4285 Ι
1180 4166 1327 4234 ¹⁶⁵p⁰¹¹d¹¹·

144 4283 224 4322 menu
241 4284 277 4321 un
295 4268 334 4321 tel
352 4268 481 4337 meslinge
501 4275 530 4322 et
548 4270 570 4323 si
589 4268 693 4324 contris.
