4620 5894
153 249 216 311 387
820 238 944 305 ACTA
966 237 1148 305 SYNODI
1169 235 1492 304 samartanum
2101 240 2166 304 388

146 454 224 501 cnm
245 430 388 498 stridore
410 450 544 516 spumae
566 446 680 514 agere:
703 425 762 494 sed
784 447 878 510 quae,
901 446 961 491 suo
982 426 1130 509 ipsarum
1267 426 1322 492 En
1345 425 1490 509 speciosa
1511 425 1711 504 reformatio,
1734 425 1827 492 cuins
1847 425 2064 509 promissione
2085 425 2168 494 hao-

146 525 278 586 tumore
316 517 432 597 elisae,
470 538 547 581 mox
587 516 791 581 flaccescunt.
835 512 927 596 Ergo
960 511 1058 577 simul
1091 533 1130 578 ao
1182 518 1279 578 tenus
1300 510 1464 577 mundum
1484 511 1664 577 lactarunt:
1693 516 1745 577 tot
1771 511 1975 578 idololatriae
2002 518 2167 596 portenta,

170 604 255 670 rima
275 603 384 669 fronte
413 607 609 686 sparserunt
630 621 706 665 suos
734 599 860 677 fumos,
887 618 955 662 non
977 596 1130 663 dissimu-
1182 598 1302 682 quibus
1330 597 1514 663 deformata
1542 602 1593 662 est
1620 596 1756 664 ecclesia
1777 595 1856 676 Dei,
1886 603 1935 663 tet
1956 597 2168 682 superstitio-

145 626 257 756 ibnter
278 687 465 767 ostendunt,
488 688 562 772 quis
584 687 719 751 futurus
740 684 784 750 sit
805 683 972 750 achonum
993 704 1130 749 suarum
1182 705 1262 749 num
1285 682 1542 766 inquinamenta,
1562 688 1613 749 tot
1630 704 1798 749 sacrorum
1816 683 2067 766 profanationes,
2089 690 2168 750 tan·

148 781 273 855 status,
301 773 389 859 quod
411 772 454 839 ad
472 773 688 856 praecipuum
710 777 808 854 caput
836 770 971 835 attinet:
999 790 1129 852 nempe,
1183 775 1252 835 tam
1272 788 1422 834 errorum
1439 768 1613 836 colluviem
1630 789 1699 833 non
1716 769 1893 853 attingere:
1912 768 1998 834 nihil
2014 771 2168 837 minuere

147 868 188 926 ut
207 861 395 945 impietates
422 880 499 926 suas
525 878 640 924 omnes
666 857 830 922 mordicus
852 854 1031 921 retineant:
1060 875 1129 933 nos,
1183 854 1224 920 de
1244 856 1419 940 tyrannico
1439 854 1553 940 legum
1573 855 1752 938 impiarum
1768 855 1855 941 iugo,
1874 853 1991 938 quibus
2007 855 2166 941 illaquea-

148 946 205 1031 qni
227 945 311 1012 nihil
358 966 435 1011 uam
458 944 632 1010 Christum
652 963 795 1026 regnare
816 941 984 1025 cupimus,
1011 961 1131 1024 puram
1182 946 1236 1006 tae
1264 947 1343 1006 sunt
1360 940 1502 1006 miserim
1528 941 1763 1007 conscientiae:
1792 939 1851 1007 sed
1874 940 2056 1008 haereticos
2077 941 2167 1007 indi·

147 1030 315 1116 evangelii
336 967 520 1097 doctrinam
542 1036 736 1108 asserentes,
758 1027 916 1094 haeretici
937 1025 1130 1093 iudicemur.
1183 1048 1268 1106 care,
1291 1026 1348 1110 qui
1364 1026 1483 1093 novari
1499 1025 1622 1110 aliquid
1638 1026 1783 1110 cupiunt
1819 1025 1886 1093 Ubi
1907 1026 1965 1091 illa
1987 1026 2167 1107 audientia,

148 1114 206 1184 Sic
239 1117 328 1182 enim
360 1116 552 1199 priusquam
585 1114 627 1179 ad
660 1115 879 1199 cognitionem
910 1120 1047 1180 ventum
1077 1112 1129 1191 sit,
1205 1134 1281 1181 uam
1311 1110 1375 1179 sibi
1402 1112 1499 1178 multi
1533 1112 1674 1178 nimium
1702 1112 1866 1196 simplices
1898 1110 2162 1196 pollicebantur?

147 1201 370 1287 pronunciant
396 1200 580 1268 haereticos
604 1221 691 1280 esse,
723 1201 908 1283 quicunque
936 1206 1052 1265 contra
1078 1219 1130 1263 re·
1184 1134 1282 1280 Cnod
1304 1199 1332 1264 si
1355 1219 1421 1282 qua
1441 1219 1555 1263 eorum
1577 1200 1704 1264 animos
1726 1205 1879 1284 tangeret
1899 1197 2025 1282 religio,
2047 1197 2168 1265 imosi

149 1296 277 1372 ceptam
299 1287 456 1353 ecclesiae
480 1307 636 1351 romanae
655 1285 836 1351 doctrinam
857 1284 980 1367 aliquid
998 1304 1132 1351 movere
1183 1304 1282 1367 quem
1309 1284 1442 1349 omnino
1464 1284 1575 1350 Deum
1598 1305 1669 1351 esse
1690 1291 1861 1368 putarent,
1891 1306 1935 1350 an
1957 1290 2052 1350 tanta
2073 1304 2168 1351 seon-

147 1371 209 1440 hoc
229 1381 377 1456 tempore
399 1373 472 1438 ausi
489 1379 575 1437 sunt.
613 1370 703 1452 Quid
725 1371 789 1436 hoc
811 1369 882 1436 est?
919 1371 1022 1435 Totus
1042 1370 1130 1435 orbis
1183 1370 1281 1435 ritate
1299 1392 1353 1436 res
1374 1371 1461 1436 tanti
1481 1371 1655 1449 momenti,
1679 1370 1773 1453 quasi
1793 1390 1854 1454 per
1874 1370 2001 1449 iocum,
2024 1369 2168 1436 transsi-

147 1458 349 1525 obristianns
377 1457 552 1524 concilium
574 1457 802 1540 exspectabat,
829 1457 864 1520 in
887 1477 951 1540 quo
979 1456 1067 1521 iusta
1089 1453 1129 1519 de
1183 1455 1306 1522 lirant?
1352 1455 1477 1540 Agitur
1497 1453 1563 1521 Dei
1590 1455 1709 1540 gloria,
1739 1463 1911 1522 aeternum
1934 1455 2062 1522 Christi
2089 1476 2167 1541 reg·

146 1542 246 1610 rebus
273 1543 495 1609 controversis
528 1542 704 1627 disputatio
731 1543 975 1607 institueretur:
1009 1543 1065 1606 isti
1094 1562 1130 1607 se
1183 1562 1275 1621 num,
1293 1541 1395 1606 totius
1417 1540 1572 1607 ecclesiae
1594 1541 1692 1608 salus.
1737 1542 1918 1626 Coguntur,
1941 1549 1979 1606 ut
2000 1541 2167 1624 aliquans-

146 1650 215 1696 non
237 1628 340 1693 alium
360 1629 398 1693 in
418 1631 519 1694 finem
542 1633 617 1708 [pag.
637 1632 692 1708 45]
711 1626 824 1695 sedere
841 1629 1046 1712 profitentur,
1066 1626 1131 1692 nisi
1183 1647 1246 1709 quc
1268 1627 1497 1693 communibus
1519 1627 1692 1693 christiani
1714 1628 1826 1711 populi
1854 1628 1939 1693 votis
1960 1647 2089 1693 morem
2108 1647 2166 1712 ge-

146 1721 185 1780 ιιι
202 1712 361 1780 damnent
377 1713 536 1798 quidquid
552 1735 620 1778 non
638 1712 829 1781 adlubescit
858 1712 1012 1792 Proinde,
1032 1733 1130 1777 nemo
1183 1719 1269 1792 rant,
1292 1711 1465 1778 concilium
1483 1713 1613 1779 habere.
1650 1714 1850 1778 Praetentur
1871 1717 1944 1793 [pag.
1964 1718 2019 1792 47]
2040 1719 2166 1792 tamen,

146 1801 215 1866 iam
224 1799 314 1864 ultro
333 1819 368 1863 se
379 1799 488 1865 fallat:
511 1798 639 1883 quando
661 1821 704 1866 ex
725 1801 872 1884 ipsorum
891 1820 948 1863 ore
966 1797 1129 1876 audimus,
1183 1798 1256 1863 ideo
1279 1819 1314 1864 se
1343 1799 1488 1876 venisse,
1516 1805 1556 1862 ut
1577 1819 1669 1881 spem
1696 1798 1935 1865 emendationis
1961 1797 2164 1882 praecidant

146 1906 215 1951 non
237 1885 427 1966 inquirendi
455 1905 556 1952 causa
583 1885 741 1950 celebrari
769 1885 855 1950 hanc
882 1884 1011 1950 aoncilii
1038 1904 1130 1967 pom·
1184 1883 1392 1949 Tantundem
1415 1885 1502 1948 enim
1526 1884 1639 1949 valent
1666 1905 1780 1949 eorum
1802 1885 1916 1962 verba,
1947 1906 1984 1950 ao
2007 1884 2036 1950 si
2064 1884 2164 1967 plane

145 1990 240 2054 pam,
271 1968 329 2036 sed
358 1978 503 2050 tantum,
533 1981 571 2036 ut
598 1971 786 2037 stabiliatur
812 1971 1038 2055 qualecunque
1067 1970 1131 2034 fuit
1183 1990 1220 2034 ac
1241 1969 1361 2035 diserte
1383 1978 1561 2053 negarent,
1584 1970 1655 2035 lore
1677 1970 1904 2052 inposterum
1924 1969 2051 2036 melina.
2097 1969 2166 2036 Ne-

145 2054 230 2121 illud
259 2055 425 2121 doctrinae
458 2077 580 2140 genus,
614 2078 679 2141 quo
712 2056 865 2123 monachi
898 2066 932 2122 et
964 2054 1130 2139 sophistae
1182 2077 1244 2137 que
1266 2065 1378 2120 tamen
1400 2056 1446 2121 sic
1467 2054 1604 2139 agendo,
1626 2054 1805 2139 quidquam
1823 2055 1967 2120 alienum
1988 2053 2167 2140 designant

146 2142 259 2206 orbem
282 2140 487 2206 imbuerunt:
509 2151 665 2207 maneant
686 2143 772 2207 ritus
789 2163 913 2221 omnes,
936 2161 1130 2225 quacunque
1183 2161 1242 2205 sna
1263 2161 1413 2224 persona.
1458 2140 1551 2205 Nihil
1574 2142 1661 2206 enim
1689 2141 1725 2205 in
1748 2141 1878 2224 pietatis
1901 2142 2085 2220 eversione,
2108 2149 2167 2207 aut

145 2226 379 2309 superstitione
402 2226 621 2309 obrepserint:
648 2249 762 2293 omnes
784 2228 1058 2293 conscientiarum
1080 2226 1129 2290 la-
1182 2246 1350 2292 sacrorum
1377 2226 1570 2309 corruptelis
1600 2227 1774 2310 deplorant
1807 2226 1904 2293 hodie
1931 2227 2009 2292 boni
2040 2247 2165 2305 omnes,

145 2312 221 2394 quei
249 2312 389 2377 arctiore
423 2312 508 2377 nodo
544 2313 761 2397 stringantur.
778 2313 802 2395 ¹)
846 2313 893 2377 Et
925 2311 1033 2377 adhuc
1066 2313 1130 2376 erit
1182 2312 1275 2376 cuius
1297 2332 1363 2375 non
1386 2311 1452 2391 illi,
1481 2313 1538 2395 qui
1567 2312 1609 2377 ad
1637 2311 1850 2379 iudicandum
1873 2312 2003 2391 sedent,
2032 2312 2166 2395 culpam

144 2397 309 2481 quispiam
330 2404 400 2461 tam
423 2398 591 2481 stupidus,
621 2399 677 2480 qui
698 2397 863 2463 malorum
884 2398 1129 2463 levationema
1182 2398 1377 2462 sustineant.
1391 2397 1416 2481 ¹)
1451 2398 1617 2463 Miramur
1634 2419 1723 2483 ergo,
1746 2401 1772 2465 si
1796 2399 1868 2482 ipsi,
1891 2396 1971 2462 dum
1992 2398 2042 2463 roi
2059 2418 2166 2482 agun-

144 2483 281 2549 eoncilio
309 2483 485 2565 petendam
508 2484 662 2550 censeat?
708 2484 826 2549 Totam
853 2484 985 2566 pietatis
1007 2482 1128 2549 doctri-
1182 2489 1248 2562 tur,
1264 2482 1445 2548 secundum
1464 2505 1499 2549 se
1520 2484 1680 2567 protinus,
1700 2485 1941 2562 intactaoausa,
1960 2484 2073 2548 ferunt
2090 2502 2167 2549 san·

143 2589 223 2633 nam
244 2569 290 2632 im
314 2569 354 2634 iis
377 2568 583 2653 dogmatibus
605 2570 756 2635 vitiatam
784 2589 856 2635 esse
878 2569 1127 2652 conquerimur:
1182 2568 1382 2654 tentiam?²)
1427 2567 1496 2635 Sed
1517 2570 1579 2635 hoc
1600 2570 1676 2652 plns
1697 2591 1796 2655 quam
1820 2569 2001 2636 absurdum
2025 2578 2086 2648 est,
2113 2569 2167 2635 in·

144 2659 254 2719 totum
311 2655 341 2718 ei
363 2654 488 2720 cultum
516 2654 620 2720 foedis
643 2677 680 2721 ac
702 2654 867 2739 pudendis
888 2655 1129 2739 superstitioni·
1183 2653 1314 2720 dicandi
1335 2662 1534 2738 potestatem
1562 2656 1605 2722 iis
1627 2657 1790 2738 permitti,
1819 2676 1959 2740 quornm
1981 2655 2109 2722 crimen
2127 2653 2168 2720 in

145 2737 209 2802 bns
236 2738 403 2805 vitiatum:
437 2761 556 2823 puram
584 2752 862 2807 sacramentorum
890 2741 1129 2805 institutionem
1181 2739 1339 2806 iudicium
1373 2740 1557 2806 adducitur.
1603 2742 1649 2806 Et
1675 2749 1805 2820 tamen,
1840 2740 1917 2824 quid
1949 2740 2040 2806 aliud
2066 2740 2168 2824 proli-

146 2821 321 2889 horrendis
344 2825 523 2908 sacrilegiis
544 2833 707 2891 mutatam
725 2848 811 2893 esse:
836 2847 949 2892 eorum
972 2846 1069 2892 usum
1087 2827 1129 2890 ad
1183 2827 1290 2904 ciunt,
1321 2826 1387 2891 nisi
1414 2833 1452 2890 nt
1481 2835 1663 2910 agnoscant
1691 2827 1810 2892 oculati
1838 2847 1968 2906 omnes,
2003 2824 2168 2892 scelerum

145 2909 300 2993 profanas
312 2909 569 2976 nundinationes
580 2912 830 2994 conversum:²)
842 2912 980 2978 miseras
991 2912 1128 2990 animae,
1182 2932 1237 2977 eos
1266 2913 1401 2976 minime
1427 2913 1610 2996 poenitere,
1639 2912 1718 2977 dum
1744 2914 1957 2997 pertinaciter
1984 2909 2170 2977 defendunt

146 3014 231 3078 quae
257 2996 328 3079 regi
350 2995 477 3062 Christi
506 2996 657 3062 doctrina
685 2996 882 3077 debuerant,
911 2996 1038 3064 crudeli
1060 3019 1129 3063 ser·
1181 2996 1339 3081 quidquid
1361 2997 1396 3061 in
1418 2997 1485 3063 illis
1508 2997 1721 3064 accusamus?
1766 2998 1882 3081 Neque
1900 2999 1988 3064 enim
2011 2997 2166 3075 efficient,

145 3080 255 3146 vitute
277 3082 383 3145 teneri
404 3101 591 3166 oppressas:
618 3082 704 3147 nihil
725 3084 761 3146 in
785 3084 966 3148 christiana
992 3082 1130 3149 ccclesia
1182 3089 1221 3147 ut
1242 3090 1315 3148 rata
1336 3084 1380 3147 sit
1400 3104 1513 3148 eornm
1531 3083 1695 3166 impietas,
1717 3085 1795 3168 quia
1817 3093 1895 3150 sunt
1915 3083 1979 3166 ipsi
1996 3081 2163 3149 obstinati.

145 3166 296 3250 spectari,
318 3167 384 3232 nisi
406 3165 550 3233 deforme
570 3187 608 3234 nc
629 3168 808 3235 foedatum:
838 3168 963 3235 Christi
985 3168 1129 3254 gratiam
1269 3166 1415 3249 Quaeret
1443 3189 1533 3234 nunc
1560 3169 1740 3253 quispiam:
1770 3168 1878 3251 Quem
1904 3169 2009 3255 igitur
2035 3167 2168 3234 concilii

144 3271 215 3317 non
237 3250 333 3318 modo
361 3253 468 3319 iacere
490 3254 752 3338 semisepultem,
781 3253 839 3320 scd
860 3254 983 3338 partim
1002 3254 1129 3321 lacera-
1180 3254 1325 3318 fructum
1357 3253 1548 3320 ostentant?
1593 3255 1737 3340 Nempe,
1775 3263 1812 3320 ut
1849 3255 2039 3339 compositis
2077 3254 2169 3319 inter

146 3344 215 3403 tam
251 3337 287 3401 in
324 3337 444 3418 frusta,
482 3342 605 3422 partim
645 3341 844 3407 exstinctam
877 3341 1010 3424 penitus
1045 3361 1127 3407 esse.
1179 3340 1346 3424 principes
1374 3339 1572 3406 christianos
1597 3340 1693 3407 belbe
1714 3341 1928 3424 tranquillam
1950 3339 2094 3406 reddant
2114 3360 2169 3406 eo·

147 3419 248 3502 Quod
273 3423 380 3487 iustae
407 3444 506 3506 porro
536 3427 604 3490 sint
631 3434 764 3492 nostrae
793 3428 1033 3511 querimoniae,
1060 3427 1128 3492 iam
1180 3425 1324 3492 clesiam.
1369 3426 1496 3510 Nugae.
1544 3425 1629 3508 Quis
1662 3428 1750 3492 onim
1784 3427 1904 3506 nescit,
1938 3427 2168 3492 Romanenses

145 3512 196 3570 tot
213 3527 328 3585 annos,
348 3517 382 3572 et
397 3508 491 3574 libris
509 3509 616 3592 editis,
634 3518 669 3576 et
685 3511 885 3596 quotidianis
905 3512 1126 3591 concionibus,
1180 3511 1312 3577 flabella
1334 3532 1405 3577 esse
1427 3512 1629 3579 concitandis
1653 3513 1812 3579 bellorum
1834 3513 1993 3593 motibus,
2015 3531 2165 3595 quocun·

146 3590 256 3675 palam
277 3593 430 3659 facimus:
452 3597 558 3677 parati
578 3597 678 3662 etiam
700 3619 825 3678 sumus,
847 3598 1034 3681 ubicunque
1052 3597 1129 3663 data
1181 3618 1244 3680 que
1271 3617 1386 3663 eorum
1414 3599 1547 3666 afflatus
1575 3599 1820 3683 penetraverit?
1864 3599 1984 3664 Restat
2010 3597 2164 3682 igitur,⁸)

144 3677 245 3742 luerit
265 3675 421 3760 loquendi
442 3680 551 3764 copia,
573 3682 712 3765 planum
733 3684 849 3750 facere.
893 3685 946 3750 Ea
967 3684 1057 3749 enim
1078 3690 1130 3749 est
1180 3690 1219 3748 ιιι
1239 3683 1415 3767 collapsam
1437 3705 1568 3750 morum
1590 3685 1807 3769 disciplinam,
1830 3684 2024 3769 praesertim
2045 3685 2082 3749 in
2104 3702 2165 3749 sno

145 3782 265 3829 causae
292 3769 424 3830 nostrae
449 3765 592 3846 bonitas,
623 3776 661 3833 nt
682 3774 755 3849 [pag.
778 3775 832 3849 46]
862 3769 969 3834 lucem
991 3770 1129 3835 minime
1182 3768 1284 3848 clero,
1320 3770 1505 3835 restituant.
1557 3768 1668 3852 Quam
1698 3770 1840 3836 fideliter
1867 3777 1979 3836 autem
2005 3768 2166 3836 incubue-

145 3848 345 3915 retormidet
389 3852 441 3916 Ac
462 3852 585 3918 multae
607 3854 740 3936 quidem
761 3864 842 3920 sunt
862 3854 1033 3921 hominum
1054 3876 1128 3939 my·
1181 3855 1250 3919 rint
1266 3856 1301 3919 in
1319 3854 1406 3921 hanc
1424 3863 1562 3938 partem,
1581 3877 1623 3921 ex
1641 3857 1724 3922 actis
1741 3856 1852 3940 liquet.
1888 3856 1990 3922 Viam
2012 3860 2088 3936 [pag.
2108 3859 2165 3935 48]

144 3934 265 4014 riades,
286 3935 404 4018 quibus
423 3936 487 4004 hoc
504 3939 570 4002 iam
590 3948 680 4005 certo
697 3960 893 4024 persuasum
915 3948 979 4006 est:
1004 3947 1129 4006 utnon
1182 3939 1271 4004 enim
1291 3940 1360 4007 illio
1385 3941 1599 4023 patefaciunt,
1628 3949 1667 4007 ut
1688 3943 1888 4021 videbimus,
1918 3962 1983 4025 qua
2002 3940 2103 4007 beent
2127 3941 2166 4007 in

145 4021 246 4087 aliam
265 4021 511 4122 inquisitionem
530 4024 725 4092 desiderent
761 4024 829 4093 Sed
846 4034 969 4106 tamen,
990 4047 1034 4092 ne
1051 4025 1128 4092 sub·
1181 4032 1352 4110 posterum
1378 4026 1465 4110 quod
1494 4049 1623 4111 semper
1644 4028 1746 4095 licuit
1791 4029 1843 4094 Ne
1865 4035 1977 4094 tamen
2003 4027 2092 4093 nihil
2111 4047 2165 4093 ac·

144 4105 223 4174 latis
246 4105 390 4175 dissidiis
410 4110 446 4175 in
458 4117 606 4178 sanctam
617 4112 824 4179 concordiam
843 4113 966 4178 iterum
982 4112 1132 4178 christia·
1182 4120 1256 4177 tum
1277 4112 1379 4179 fuisse
1401 4114 1474 4197 quis
1490 4122 1586 4198 putet
1607 4121 1675 4180 tam
1698 4120 1888 4198 sumptuoso
1905 4120 2078 4198 apparatu,
2100 4112 2167 4179 erit

145 4214 210 4260 nus
231 4194 320 4260 orbis
342 4196 510 4276 coalescat,
534 4197 682 4282 synodus
699 4198 864 4265 indicitur.
900 4200 957 4265 An
978 4221 1045 4265 non
1063 4198 1129 4264 dis·
1181 4198 1265 4264 lorte
1291 4199 1327 4263 in
1354 4199 1449 4283 pileis
1477 4212 1511 4265 et
1538 4200 1654 4267 calceis
1681 4201 1873 4285 reliquoque
1902 4200 2025 4266 vestitu
2052 4198 2167 4284 almus

148 4279 322 4346 cutiendae
343 4283 437 4364 prius
466 4291 563 4348 erant
584 4286 842 4364 controversiae,
870 4305 967 4368 quam
991 4285 1054 4351 sibi
1074 4283 1130 4353 rel
1182 4285 1380 4350 reformatio.
1391 4285 1419 4371 ⁴)
1455 4286 1614 4351 Huncin
1632 4286 1767 4352 modum
1789 4308 1891 4370 quum
1908 4287 1981 4352 Deo
2003 4294 2038 4353 et
2056 4284 2166 4351 homi·

148 4363 224 4464 aliis
261 4367 584 4455 praejudicarentlll)
628 4371 677 4436 At
713 4371 800 4436 nihil
833 4371 899 4436 tale
932 4370 1129 4438 admittunt:
1183 4368 1281 4436 nibus
1301 4370 1455 4449 illudant,
1478 4393 1547 4437 non
1566 4372 1671 4456 pudet
1693 4392 1749 4438 eos
1770 4372 2005 4456 prophetarum
2027 4371 2167 4438 induere

149 4468 231 4531 qurn
252 4452 370 4533 potius,
394 4455 422 4519 si
444 4456 518 4538 quis
539 4455 644 4539 pilum
666 4479 708 4522 ex
731 4477 844 4522 eorum
866 4457 1030 4523 institutis
1051 4477 1130 4524 con·

147 4533 271 4600 vellere
294 4542 481 4620 tentaverit’
505 4561 581 4607 eum
601 4543 669 4608 iam
691 4564 750 4627 pm
772 4543 925 4609 damnato
947 4543 1081 4610 habont’
1253 4611 1284 4677 1)
1300 4610 1374 4666 aaa
1400 4611 1475 4666 Tous
1493 4612 1534 4667 les
1559 4627 1677 4682 ausura,
1702 4612 1737 4681 dy
1754 4614 1788 4682 ie,
1813 4629 1847 4667 en
1864 4612 1893 4668 la
1914 4612 2038 4668 decuma
2056 4619 2087 4668 et
2103 4620 2167 4668 tous

432 4813 438 4825 .
818 4817 824 4830 ⁸
1184 4681 1225 4831 {es
1244 4680 1658 4816 abbubbbbrebbbbibsbnniuribiis
1676 4751 1700 4804 si
1716 4766 1753 4830 un
1771 4748 1953 4815 mallaicteur,
1977 4750 2069 4818 quand
2086 4751 2107 4805 il
2124 4756 2168 4831 est

149 4807 1132 4941 a:battuebat:tumuit::auru
1184 4832 1252 4940 :a
1265 4833 1360 4940 :a
1375 4816 1628 4941 iustus:
1651 4817 1685 4872 ⁶0
1812 4818 1886 4884 ιι
1995 4819 2167 4887 :⁰⁸:⁶⁶³ss

150 4920 264 5000 estrbite
282 4945 316 4999 de
334 4947 408 5002 leurs
426 4898 576 5006 traiicere
1070 4902 1088 4955 p
1255 4953 1286 5017 3)
1304 4953 1344 5007 Le
1363 4954 1515 5009 troisiesme
1535 4955 1631 5010 article
1657 4962 1701 5010 est
1722 4955 1756 5010 de
1782 4955 1916 5009 reformor
1933 4955 1959 5009 le
1984 4955 2076 5026 clergt
2099 4963 2129 5011 et
2148 4971 2166 5025 J

219 5012 249 5079 2)
269 5023 442 5086 convertyen
462 5017 510 5072 des
521 5020 591 5073 abun
609 5023 767 5091 prophanes
785 5039 857 5091 pour
868 5023 953 5078 servir
972 5024 988 5078 t
1006 5021 1133 5078 l'avarice
1185 5028 1284 5077 mettre
1303 5023 1392 5076 bonne
1410 5023 1509 5091 police,

147 5081 199 5139 dea
216 5088 347 5205 qmstres.
1254 5089 1287 5157 4)
1307 5090 1426 5213 laquelle
1445 5107 1506 5147 sera
1525 5093 1655 5148 obserate
1674 5092 1708 5148 de
1727 5109 1796 5148 ceux
1814 5094 1859 5161 qui
1877 5108 1906 5147 se
1923 5092 2061 5149 voudront
2077 5108 2165 5149 mons·

238 5151 370 5220 Jdevant
387 5151 468 5222 qu’ilz
486 5152 649 5211 formassent
665 5157 692 5212 la
710 5166 800 5227 porte.
1184 5165 1242 5214 trer
1258 5158 1320 5214 bien
1356 5165 1444 5215 eretz.
