4620 5894
144 240 205 303 671
1046 233 1258 303 mnnnm
2097 232 2162 300 ori

143 446 248 492 murres
268 425 363 508 yuesi
384 423 548 489 maslinas
574 423 618 488 ad
638 424 895 508 cnstiuyueudam
922 425 1055 490 salntem
1072 424 1126 492 bo·
1149 450 1152 553 y
1177 424 1350 491 sacietatem
1393 423 1663 507 couiunyerentur,
1710 423 1803 488 irrita
1841 422 1968 488 verbum
2007 421 2160 490 Domini:

144 511 242 578 minis
252 512 425 589 admovent,
448 510 575 591 eiusque
586 510 731 574 animum
741 509 912 576 terroribus
933 509 1126 577 incredibili·
1149 556 1152 581 r
1182 509 1384 591 Quamobrem
1404 508 1493 575 bomo
1514 509 1668 591 relinquet
1683 514 1811 590 putrem
1832 514 1861 574 et
1880 514 2027 588 meum,
2054 513 2086 576 et
2105 509 2162 575 ad·

144 598 203 664 bus
221 597 377 681 fronymi,
400 601 429 661 et
450 596 485 660 in
505 595 752 678 desperationem
768 597 927 678 impellere
947 600 1107 662 immitior.
1177 595 1314 661 lioerebit
1334 596 1428 661 neeri
1439 615 1524 673 suae,
1546 600 1575 660 et
1595 596 1757 661 eruntduo
1776 597 1812 661 in
1834 615 2002 661 carneuna
2023 595 2168 682 (niun,

239 681 415 749 Undioriem
447 682 572 763 quidem
595 680 675 745 bone
708 701 849 760 sacram,
883 683 961 748 solis
987 682 1126 764 infirmis
1181 685 1229 761 19,
1254 681 1298 766 5).

146 769 354 836 adhibendum
376 767 511 832 Iacobus
532 768 690 850 apostolus
717 769 874 846 irisiuuat,
902 768 984 849 yuod
1010 767 1127 850 reliyui
1268 768 1455 849 &unquam
1480 771 1584 832 autem
1610 769 1849 833 matrimonium
1882 767 1926 831 ad
1953 772 2019 832 tam
2039 772 2161 833 arctam

145 855 242 922 etiam
262 854 395 936 apostoli
412 858 626 919 seruauerunt:
644 874 706 919 nori
727 860 828 919 lamen
846 855 881 919 in
898 854 1049 934 mundus,
1071 854 1127 918 sed
1177 852 1339 919 murinum
1365 853 1540 919 societatem
1565 854 1745 918 institutum
1774 858 1856 932 mat,
1886 858 1991 918 tamen
2017 852 2077 918 sub
2097 854 2161 938 leye

139 940 329 1022 periculosis
349 939 438 1004 niodo
459 939 708 1020 infirmitatibus,
730 945 758 1004 et
778 940 834 1005 ubi
854 940 936 1004 uitae
957 938 1056 1005 liuius
1075 939 1126 1003 in·
1172 944 1306 1021 patrum
1328 938 1534 1005 maniumnia
1555 960 1577 1004 a
1592 940 1705 1022 prirrm
1726 939 1921 1005 institutione
1950 939 2070 1005 duobus
2097 959 2161 1006 ma·

145 1027 391 1104 teritustimetur,
413 1025 581 1090 inmunda
603 1030 648 1090 est
669 1026 800 1109 mystica
820 1025 879 1091 illa
901 1026 1015 1092 unctio.
1177 1025 1229 1090 dis
1250 1025 1525 1108 depenerauerurit:
1547 1025 1693 1104 vilelmi
1716 1030 1790 1090 rdet
1811 1044 1896 1090 unus
1910 1024 2023 1106 plures
2044 1045 2161 1093 rieures

1178 1111 1307 1190 dnmret,
1331 1116 1360 1176 et
1380 1111 1504 1176 ductam
1522 1111 1697 1193 aliquando
1718 1112 1790 1176 dato
1812 1110 1914 1176 libello
1935 1111 2064 1193 repudii
2083 1133 2106 1176 a
2128 1132 2162 1179 se

1178 1197 1362 1262 dimitteret:
1395 1216 1527 1278 qnorum
1547 1198 1646 1278 prius
1673 1218 1712 1261 eu
1738 1197 1971 1278 dispensatione
1997 1196 2063 1262 Dei
2084 1217 2161 1279 per·

236 1282 324 1363 Quod
344 1286 447 1347 aulem
469 1282 703 1348 administeria
720 1283 990 1361 icamiaeattinet,
1011 1286 1126 1364 quanto
1178 1284 1320 1362 missum,
1346 1281 1451 1364 futuri
1481 1284 1628 1364 temporis
1655 1284 1803 1365 mysterio
1835 1281 2001 1363 serviebat,
2036 1288 2073 1348 ut
2097 1302 2161 1367 per

145 1369 220 1434 liaeo
245 1368 371 1433 mauro
397 1372 485 1447 sunt,
512 1372 597 1432 tanto
623 1369 728 1452 mayis
752 1369 832 1434 dono
861 1369 927 1435 Dei
955 1387 992 1434 ae
1018 1369 1126 1451 pratia
1173 1368 1286 1450 plures
1306 1369 1402 1433 unius
1422 1368 1488 1433 oiri
1509 1388 1624 1433 unores
1644 1369 1829 1447 insinuaret,
1854 1367 2014 1433 Obristum
2035 1373 2103 1433 tom
2123 1389 2188 1441 ei.

415 1163 467 1227 De
490 1172 695 1227 santamente
717 1162 853 1228 ordinis.

34 1510 37 1515 .
144 1459 237 1538 eyent.
285 1454 472 1536 Qimnyuam
493 1454 577 1518 euim
600 1451 778 1520 Cluistiani
804 1475 909 1519 munes
929 1458 1003 1519 sunt
1023 1473 1126 1519 sacer·
1177 1474 1345 1538 synayoya,
1367 1473 1464 1536 ynam
1485 1475 1523 1518 en
1540 1454 1741 1519 multitudine
1755 1455 1902 1537 yentium,
1925 1452 2161 1521 eedesiamsibi

5 1614 8 1619 ,
144 1542 238 1619 dates,
261 1543 412 1621 quatenns
424 1539 609 1622 spirituales
618 1539 737 1606 bestias
750 1539 945 1623 Deoofferre,
968 1544 996 1604 et
1017 1559 1127 1605 nonien
1177 1540 1388 1619 mlleaburum,
1417 1544 1446 1604 et
1466 1559 1613 1623 sparsam
1639 1539 1701 1604 sibi
1722 1540 1959 1605 adiuncturum:
1986 1545 2015 1604 et
2041 1545 2077 1607 ut
2095 1540 2160 1625 foe-

145 1627 220 1693 item
240 1627 309 1692 eius
331 1627 366 1690 in
388 1626 471 1691 orrmi
498 1625 561 1691 loeo
582 1626 701 1692 utiliter
722 1627 866 1692 inuocare
888 1629 1039 1707 possunt:
1065 1644 1127 1688 non
1178 1625 1333 1692 inundate
1349 1625 1497 1708 plurium
1513 1645 1658 1705 unorum,
1682 1623 1805 1692 Gliristo
1823 1625 1974 1691 solodori
1996 1645 2037 1692 ea
2056 1626 2161 1697 endu»

145 1732 249 1779 ornnes
271 1717 375 1777 tanuen
396 1715 469 1776 sunt
489 1711 631 1777 ecelesiae
651 1712 805 1791 ministri,
829 1711 884 1777 scd
904 1711 971 1776 iarn
991 1711 1065 1776 inde
1085 1708 1126 1774 ab
1177 1712 1293 1777 semine
1313 1712 1473 1776 nascituro
1493 1712 1653 1776 seruirent.

145 1804 219 1866 ortu
245 1797 388 1863 milesiae
412 1799 564 1882 seyreyati
591 1803 664 1863 sunl
692 1798 823 1880 punam
850 1800 886 1862 in
912 1796 1126 1862 ministerium
1265 1796 1449 1880 Repudium
1475 1817 1547 1863 iero
1575 1801 1649 1876 [pig.
1674 1803 1729 1877 41]
1760 1795 1885 1881 Moyses
1907 1796 2025 1879 populo
2046 1796 2083 1863 ob
2103 1797 2161 1865 dii·

146 1883 297 1962 ecclesiae,
318 1884 375 1965 qui
395 1883 492 1948 liuius
512 1884 693 1949 muneribus
712 1885 929 1968 funyereutur:
956 1888 985 1949 et
1005 1882 1125 1948 eosdem
1177 1883 1288 1948 ritiam
1315 1884 1419 1950 cordis
1446 1884 1596 1966 permisit
1625 1883 1738 1967 (Doni
1759 1887 1810 1961 24,
1840 1888 1870 1963 1;
1894 1883 2016 1949 Manli
2040 1889 2089 1964 19,
2114 1884 2161 1967 8),

146 1972 194 2037 ita
215 1969 362 2036 dudnuit
380 1968 488 2048 Deus,
517 1991 555 2034 ue
585 1970 682 2036 iidem
703 1970 809 2034 omnio
824 1973 966 2053 possent,
995 1988 1067 2033 rieoe
1088 1988 1126 2033 en
1176 1969 1276 2035 leiim
1302 1969 1430 2049 dumne,
1465 1988 1594 2034 uxoren
1624 1989 1646 2034 a
1673 1970 1741 2034 uiro
1770 1969 1841 2034 odio
1868 1968 2008 2035 laeuam
2031 1969 2161 2050 dmin,

148 2060 223 2139 [pig.
242 2061 297 2134 39]
314 2056 497 2137 promiscua
518 2056 577 2121 illa
597 2057 718 2122 ratione
733 2056 928 2137 perturbatio
940 2059 1125 2120 nasceretur.
1176 2075 1272 2138 eiiam
1294 2055 1406 2136 occidi,
1434 2061 1470 2120 ut
1493 2056 1583 2120 caede
1610 2056 1680 2120 eius
1708 2057 1798 2121 rionis
1818 2054 1940 2137 rimulis
1967 2056 2068 2123 maim
2090 2075 2161 2139 apo·

148 2141 258 2223 Neque
273 2142 357 2205 enim
374 2139 464 2207 Dens
480 2146 525 2206 est
541 2142 734 2224 confusionis
751 2147 841 2208 nutu
859 2141 892 2226 (l
907 2139 982 2207 Gor.
998 2144 1046 2220 14,
1059 2138 1125 2224 33).
1176 2142 1261 2206 riret.

147 2226 335 2294 Institutum
356 2231 401 2291 est
422 2227 521 2309 iyitur
541 2233 770 2293 sacrunientum
791 2228 926 2306 ordinis,
948 2246 1020 2293 eum
1036 2227 1126 2309 siyrie
1272 2226 1389 2292 Verum
1412 2230 1581 2309 postquem
1600 2226 1764 2307 plenitudo
1788 2227 1911 2310 yratnie
1940 2225 2004 2293 Dei
2015 2226 2041 2312 ¹)
2070 2227 2161 2309 veuit,

144 2311 356 2395 impositionis
381 2332 550 2392 rnanuum,
583 2313 712 2379 doliis
740 2312 813 2379 buia
838 2316 1029 2379 sacramento
1056 2331 1126 2377 eon-
1177 2317 1213 2377 ut
1233 2312 1311 2392 olio,
1333 2333 1413 2394 quae
1436 2312 1483 2377 nel
1505 2313 1540 2376 in
1562 2312 1710 2378 eodonel
1733 2314 1769 2376 in
1790 2318 2011 2391 munissent,
2040 2317 2163 2379 restan-

143 2398 328 2484 yruenti'bus
348 2396 472 2477 ritibus,
494 2418 556 2480 quo
576 2400 632 2481 yui'
654 2403 912 2478 consecrarentur,
934 2400 977 2465 ad
994 2417 1127 2463 munera
1178 2399 1263 2464 revit
1285 2397 1437 2478 Obristris,
1460 2398 1507 2463 sie
1528 2398 1623 2463 etiam
1638 2399 1875 2465 matrimonium
1894 2399 2040 2465 restituit.
2075 2398 2162 2465 Hinc

146 2485 290 2551 unusne
310 2484 483 2567 numerent
501 2485 656 2568 yratiam,
683 2505 747 2566 quo
766 2484 809 2550 ad
829 2484 938 2551 eadem
959 2485 1034 2566 ipsa
1059 2502 1126 2548 mu
1178 2484 1260 2550 illud
1284 2482 1418 2550 Olor-isti:
1442 2484 1505 2566 Qui
1525 2483 1598 2565 fecit
1616 2483 1770 2551 hommem
1791 2484 1832 2552 ab
1853 2484 1963 2563 initio,
1984 2485 2163 2551 nisenus

146 2591 224 2636 nera
245 2569 502 2636 administranda
524 2571 606 2650 apti,
633 2569 752 2636 labiles
780 2575 870 2652 atyiie
899 2569 1003 2636 idonei
1029 2568 1127 2652 etrite·
1178 2571 1401 2652 ettoeminem
1426 2571 1500 2655 feeit
1526 2590 1577 2635 eos
1599 2569 1739 2655 Deus,²)
1767 2576 1796 2637 et
1822 2571 1921 2637 alain
1951 2568 2087 2651 Propter
2108 2571 2163 2637 boe

145 2661 264 2724 renum.
308 2654 394 2722 Hine
414 2655 495 2721 illud
522 2656 651 2739 apostoli
674 2656 717 2722 ad
741 2655 949 2722 Timotlieumt
970 2655 1050 2722 Noli
1076 2674 1128 2720 ne
1178 2657 1310 2723 dimittet
1329 2656 1419 2722 lnrno
1442 2660 1567 2738 patrem
1588 2662 1616 2721 et
1639 2661 1787 2737 matrem,
1816 2661 1844 2720 et
1867 2655 2046 2722 adbamebit
2066 2657 2164 2723 uriom

144 2742 261 2829 yliyere
280 2743 421 2824 pretinm
442 2744 627 2824 enceinte
648 2747 700 2822 est,
722 2762 802 2825 quoe
824 2744 900 2808 data
927 2740 1051 2808 esttibi
1066 2759 1128 2822 per
1178 2742 1701 2809 niaeeteruntduoinearneuna.
1731 2742 1844 2827 Itaque
1857 2743 2082 2808 inmnonsimt
2090 2744 2162 2826 duo,

140 2827 341 2912 propbetiam
383 2848 455 2895 eum
503 2829 701 2913 impositione
744 2848 898 2896 uranumu
936 2827 1127 2913 presbyterii
1178 2829 1233 2895 sed
1254 2849 1320 2894 nna
1342 2848 1422 2893 euro.
1470 2828 1553 2909 Quos
1570 2829 1669 2912 iyitur
1689 2829 1780 2895 Deus
1800 2827 1967 2907 eminent,
1989 2827 2079 2896 bomo
2100 2848 2163 2895 mn

147 2914 181 3000 (l
202 2914 336 2993 nimi,
358 2914 422 3000 14).
1178 2919 1308 2998 separin
1352 2913 1398 2978 Et
1415 2915 1517 2996 paulo
1540 2919 1626 2997 post:
1655 2913 1782 2999 Moyses
1811 2913 1847 2980 ob
1875 2914 2032 2980 duritiam
2057 2914 2163 2982 cordis

233 2999 303 3066 Hoc
329 3004 434 3066 aulem
461 3001 584 3068 ordinis
616 3005 847 3069 sacromentum
877 2999 980 3067 uubis
1008 2997 1127 3065 Olmsti
1178 3001 1273 3066 nestri
1288 3001 1438 3083 purius
1458 3001 1708 3068 iobisdimiltere
1721 3020 1837 3067 naeres
1857 3004 1986 3080 vestrm,
2009 3001 2049 3067 ab
2068 3001 2162 3067 initio

146 3086 275 3152 nititiir:
298 3084 389 3152 Sicut
407 3106 456 3152 me
476 3088 564 3152 misit
578 3092 691 3170 pater,
718 3093 820 3171 eteyo
840 3087 928 3153 mitto
948 3105 1018 3152 uos:
1046 3084 1125 3150 aeci
1179 3091 1283 3152 autern
1311 3106 1372 3151 non
1397 3086 1462 3168 suit
1488 3086 1543 3151 sic.
1596 3087 1801 3169 Quamobrem
1828 3087 2003 3169 quicunque
2031 3087 2162 3153 dimittit

140 3174 209 3256 pile
230 3172 380 3253 spiridion
400 3178 556 3239 sanctum:
577 3194 708 3256 quirinu
728 3173 913 3238 remiseritis
927 3176 1058 3256 peceato
1078 3190 1126 3235 re-
1177 3193 1307 3239 ueorem
1323 3192 1425 3251 mmm,
1447 3173 1512 3238 nisi
1533 3171 1833 3254 eliminationem,
1856 3177 1884 3238 et
1905 3172 2005 3237 aliam
2021 3173 2160 3254 diruerit,

146 3259 314 3324 miduntur
346 3260 393 3324 eis
417 3259 547 3344 (Ioann.
573 3264 624 3338 20,
650 3263 690 3324 22
715 3259 767 3344 n).
814 3258 910 3324 Item:
942 3257 1064 3323 Eimtes
1091 3257 1127 3320 in
1177 3259 1362 3326 maeebatur.
1411 3259 1500 3340 Quod
1527 3259 1686 3342 apostolus
1714 3260 1949 3342 iuterpretatur,
1978 3279 2077 3341 enum
2099 3259 2162 3327 au:

146 3345 299 3409 umidum
320 3346 511 3424 ninivensem,
527 3346 708 3427 prauiieote
724 3345 918 3430 eianyelium
938 3344 1022 3409 muni
1043 3362 1127 3408 orea-
1179 3345 1232 3411 Iis
1258 3346 1314 3428 qui
1342 3345 1541 3412 matrimonio
1567 3346 1667 3410 iuneti
1694 3349 1767 3409 sunt
1790 3345 1968 3428 pnuipio,
2001 3365 2064 3412 non
2097 3365 2160 3431 eya,

146 3435 237 3495 turne
264 3430 382 3507 (Mero.
411 3435 457 3509 16,
486 3434 548 3514 15).
594 3433 691 3498 item.-
722 3431 859 3512 Euntes,
891 3432 991 3498 doode
1023 3449 1127 3495 munes
1177 3433 1233 3498 sed
1253 3432 1422 3511 Dominus,
1449 3450 1578 3497 unorem
1600 3452 1620 3496 a
1641 3432 1709 3496 niro
1735 3451 1795 3496 nori
1823 3431 1993 3497 discedere:
2021 3431 2105 3513 quod
2130 3433 2161 3498 si

145 3521 264 3600 peritos,
290 3515 482 3597 baptizantes
509 3538 564 3583 eas
591 3518 796 3601 (Marinio,
823 3517 887 3602 19).
933 3516 1030 3583 Item:
1058 3514 1126 3580 Hae
1178 3518 1361 3599 discesserit,
1383 3537 1509 3584 moriere
1530 3519 1705 3599 innuptam,
1727 3522 1783 3582 out
1803 3517 1871 3583 uiro
1892 3517 2161 3584 mmreoorieiliori

145 3601 240 3684 facite
257 3602 293 3665 in
308 3622 410 3666 means
428 3605 743 3669 commemorationem
760 3605 856 3686 (Iino.
875 3606 926 3681 22,
948 3602 1011 3686 19).
1052 3601 1127 3684 Qui
1178 3604 1211 3688 (l
1232 3603 1307 3670 (lor.
1327 3609 1355 3685 7,
1380 3607 1441 3682 10).

147 3687 207 3753 bus
228 3687 328 3771 iyilur
344 3688 545 3770 inperpetuo
561 3690 704 3754 melenae
724 3690 914 3755 successione
933 3708 1050 3753 rnanus
1068 3689 1127 3751 im-
1265 3690 1337 3756 Hae
1358 3691 1463 3773 itaque
1486 3687 1654 3753 clrisliani
1676 3689 1873 3755 matrimonii
1890 3688 2071 3772 simpulo-res
2093 3708 2164 3755 con·

141 3778 265 3858 ponunt
296 3773 446 3854 episcopi,
478 3780 514 3836 ut
544 3774 708 3840 ordinibus
739 3775 915 3854 indicitur,
944 3778 1126 3855 potestatem
1177 3775 1317 3855 ditiores,
1338 3774 1517 3856 omnifesti's
1534 3773 1709 3856 scripturae
1730 3780 1854 3840 surreiae
1874 3774 2060 3840 testimoniis
2080 3795 2163 3840 coos·

147 3861 289 3925 muneris
315 3859 369 3925 sui
394 3861 579 3940 exsequendi
606 3861 701 3925 dant:
729 3881 809 3941 pirae
836 3880 914 3925 sane
934 3859 1052 3941 duplea
1074 3863 1126 3937 est,
1171 3861 1356 3942 probantum
1400 3859 1480 3939 Uno,
1502 3863 1536 3922 ut
1557 3860 1600 3923 si't
1620 3861 1853 3926 matrirnmium
1875 3861 2011 3926 duorum
2028 3866 2161 3941 lardum,

147 3945 271 4012 ordinis
291 3945 431 4010 videlicet
458 3946 745 4012 etiurisdietionis.
791 3944 856 4010 Sub
884 3945 1016 4010 alteram
1043 3944 1126 4008 eadit
1176 3947 1636 4028 inconvenientissimum
1647 3947 1777 4013 muliere
1792 3948 1971 4013 coniunctio.
2002 3944 2089 4022 Duo,
2113 3949 2163 4014 in·

146 4032 357 4097 ministerium
374 4031 458 4096 uerbi
476 4031 587 4111 diuini,
607 4032 839 4098 administratio
851 4035 1125 4108 sacrarumtorum,
1177 4034 1253 4115 quil,
1274 4037 1365 4098 nuru
1385 4034 1421 4099 in
1442 4051 1621 4098 carneuna.
1658 4032 2012 4112 Nessieiiuntisliceat,
2033 4034 2163 4116 defrari·

149 4119 387 4183 uicensimum
399 4118 557 4183 ordinatio
568 4119 611 4184 ad
634 4118 895 4217 aedificationem:
915 4118 973 4183 sub
993 4117 1127 4216 aberam
1177 4120 1250 4185 dato
1263 4119 1397 4218 eoniuye⁴
1410 4139 1476 4198 suo,
1499 4118 1697 4183 alieuitertio
1710 4120 1848 4199 eorporis
1862 4123 1934 4197 [pag.
1947 4120 2163 4202 42]suipote·

146 4202 1126 4373 tlirnlttdtllllltllinluditur
1171 4203 2164 4372 murmurilluminlidititur-tilla

146 4374 183 4440 lii
203 4382 325 4458 septem,
349 4379 423 4455 [pig.
448 4380 502 4455 40]
520 4375 788 4460 presbyterorum,
811 4376 1026 4456 diaconorum,
1054 4373 1125 4440 sub-
1177 4378 1228 4442 oir
1254 4398 1316 4443 uon
1343 4376 1433 4443 liubet
1460 4382 1644 4460 potestatem
1679 4379 1732 4442 sui
1767 4378 1920 4458 corporis,
1957 4377 2011 4442 sed
2044 4376 2163 4444 mulier

127 4461 358 4538 'diaconorum
381 4464 579 4547 acolytorum,
601 4462 755 4542 lectorum,
777 4463 1010 4541 iumentorum,
1032 4462 1126 4527 ostia
1178 4466 1210 4546 (l
1232 4462 1306 4529 Gor.
1328 4469 1356 4543 7,
1376 4464 1420 4543 4).
1466 4463 1579 4528 Altera
1605 4463 1739 4528 corditio
1765 4468 1809 4528 est
1836 4468 1872 4528 ut
1899 4463 2060 4529 niruulum
2092 4483 2162 4530 cori

146 4546 277 4627 riorum,
298 4549 412 4629 quibus
431 4550 580 4616 distincta
597 4569 737 4629 munero,
759 4570 855 4630 capue
877 4553 932 4613 aut
948 4547 1126 4613 necessaria
1149 4578 1153 4657 y
1178 4550 1260 4634 iuyii
1283 4550 1361 4615 inter
1383 4550 1463 4616 duos
1484 4550 1578 4615 semel
1599 4549 1775 4633 colliyatum
1792 4550 1879 4615 nullo
1897 4549 2040 4631 amplius
2056 4549 2162 4616 diuor-

147 4633 292 4712 eeclesiis,
314 4639 370 4698 aut
389 4636 493 4716 utilia,
515 4636 679 4720 ossiyriari
700 4635 821 4702 deberit:
848 4640 884 4699 ut
909 4634 1003 4718 facile
1028 4655 1126 4716 appa-
1177 4637 1220 4701 tio
1240 4636 1296 4701 sed
1315 4636 1383 4701 sola
1405 4636 1587 4702 alterutrius
1608 4640 1702 4701 morte
1723 4636 1923 4701 dissoluatur.
1969 4635 2057 4701 Nam
2078 4635 2162 4717 quod

147 4724 225 4799 reat,
247 4740 317 4783 eum
330 4719 505 4787 mesonma
525 4722 697 4787 christiana
714 4723 928 4797 rnolemereri,
952 4721 1126 4803 yuiciinyue
1179 4720 1326 4787 Gliristns
1346 4723 1382 4787 ob
1402 4723 1637 4805 luminationem
1665 4722 1781 4786 dimitti
1802 4742 1896 4805 posse
1922 4741 2052 4787 uxoren
2080 4723 2162 4788 iusi

147 4806 274 4872 ordines
294 4805 349 4871 lios
370 4806 417 4870 nel
437 4809 557 4888 speruit
575 4810 623 4874 nel
643 4808 729 4875 nuo.
1177 4813 1271 4887 riuat,
1306 4808 1380 4874 laea
1407 4809 1566 4891 separatio
1594 4808 1675 4873 tbori
1703 4814 1730 4873 et
1758 4828 1882 4875 merisne
1909 4808 2162 4874 connsuetudinem

380 4943 433 5008 De
455 4953 658 5011 sacramento
679 4947 890 5012 matrimonii.

237 5063 420 5163 Imbbbifflssab
440 5063 531 5129 Deus
552 5066 588 5129 5⁹²
607 5067 764 5147 paradi&
787 5067 1037 5167 wlfwinum
1066 5084 1125 5164 ‚4²⁴⁰
1246 5097 1276 5166 1)
1292 5097 1345 5152 Dei
1363 5099 1447 5154 omitt.
1464 5098 1525 5154 edd.
1542 5099 1713 5155 oulbmticae
1725 5106 1749 5154 et
1766 5115 1836 5170 quae
1853 5098 1960 5154 eosdm
1971 5100 2050 5169 sequi
2063 5100 2158 5156 solent.

147 5171 218 5217 mas
243 5154 271 5214 et
294 5149 431 5231 foemina
463 5151 507 5216 ad
534 5155 720 5233 perpetuam
748 5158 775 5217 et
809 5154 1011 5220 individuam
1041 5090 1151 5234 iilae'
1245 5167 1277 5234 2)
1296 5167 1370 5223 Dius
1389 5183 1441 5223 oin.
1459 5168 1575 5224 endor.
