4620 5894
143 246 249 316 XLII
734 243 1009 313 pascendus
1032 244 1327 314 unuouoalol
1346 242 1569 311 monus.

146 464 168 508 a
192 438 315 506 esua
335 441 417 504 suu.
464 436 515 501 ra
535 436 635 521 aar
655 411 844 518 sesamae
871 434 1062 516 upupa,
1085 436 1453 517 pseudochristianorum
1474 436 1571 519 pau
1598 433 1785 517 apertus
1811 455 1874 503 aaa
1900 434 2000 502 eaeo
2043 435 2163 504 Aaou

147 552 242 634 impii
263 550 400 618 hominis
420 548 510 630 ttius
526 548 607 631 pius
626 546 699 629 deri
715 546 838 630 potest?
887 547 971 629 Quid
993 551 1037 613 ost
1063 545 1119 613 hoo
1140 566 1244 613 erroro
1264 546 1432 614 crassius?
1478 546 1577 614 Pater
1604 552 1651 613 ost
1676 547 1813 629 impius,
1842 566 1913 632 arpo
1939 546 2029 629 fitius
2055 549 2164 630 quaro

145 681 211 730 uou
231 662 316 728 debat
337 661 502 743 baptisari,
525 680 563 724 uo
582 658 722 726 adelart
737 658 927 742 profanetur
948 658 1130 740 baptismus.
1180 658 1337 740 Quomodo
1358 658 1563 741 aaudirioatio
1576 664 1679 742 potest
1699 658 1765 725 diei
1780 658 1991 742 profanatio?
2022 658 2163 726 Perinde

147 778 192 840 ost
208 793 245 840 ao
265 774 295 838 si
314 772 420 838 dieas:
443 769 585 837 Modicus
605 791 668 836 uou
687 769 772 838 debet
791 789 903 837 auare
924 768 1094 851 iufiruooou.
1143 769 1274 852 Quare?
1322 770 1406 852 Quia
1433 770 1580 852 infimus
1610 775 1662 837 ost.
1709 769 1779 836 Iao
1800 770 1939 836 medicus
1960 775 2093 854 propter
2114 770 2164 838 iu·

144 885 273 967 mum
294 883 432 950 modionas
452 887 504 948 ost.

307 995 434 1078 Quarto,
457 1015 477 1058 a
498 992 684 1058 mulier-ihus
706 993 842 1076 insontes
863 992 898 1057 iu
919 1012 995 1058 casu
1017 994 1209 1060 mutatis
1231 991 1396 1076 baptisari,
1419 1012 1555 1059 orrueru
1575 997 1671 1074 aaut,
1692 997 1752 1059 toto
1773 1013 1885 1058 emaus
1905 994 1975 1075 epse
1996 993 2084 1060 ooelo.

309 1107 412 1189 Qum
433 1109 536 1170 autom
550 1103 652 1186 paulo
674 1109 747 1170 uate
768 1104 804 1169 iu
825 1103 880 1169 boa
901 1104 980 1170 libro
1002 1105 1155 1186 seriptum
1176 1105 1227 1186 sit,
1249 1106 1464 1171 roruissiouom
1484 1110 1683 1187 peecatorum
1703 1105 1739 1169 iu
1760 1104 1913 1186 baptismo
1934 1104 2022 1171 uobis
2045 1105 2162 1188 offerri,

147 1223 176 1284 ot
190 1218 291 1302 paulo
311 1199 464 1299 iuferius,
486 1214 646 1281 (liuidum
667 1234 689 1280 a
710 1215 800 1281 aas
820 1215 856 1280 iu
877 1215 1030 1299 baptismo
1050 1216 1152 1297 indui,
1174 1222 1202 1281 et
1221 1216 1410 1298 baptismam
1431 1236 1496 1282 ossa
1513 1217 1694 1302 inpressum
1715 1217 1752 1281 iu
1773 1215 1997 1300 repaumDei:
2016 1217 2163 1284 oaistim

148 1329 348 1394 hosorrores
370 1328 548 1410 aquodam
572 1328 712 1410 faamioo
739 1327 857 1409 spiritu
875 1327 911 1391 iu
933 1329 1055 1394 autoris
1081 1328 1238 1396 iuvidiam
1264 1329 1345 1394 siout
1365 1327 1528 1393 aeonium
1554 1328 1636 1394 inter
1661 1328 1773 1393 honum
1793 1346 1897 1393 semaa
1919 1347 2066 1411 aspersos
2085 1348 2160 1396 osse.

151 1439 203 1506 No
226 1461 274 1506 uro
295 1440 395 1524 igitur
415 1441 549 1505 ’ἁςτοναοη
570 1458 713 1504 emaum
727 1439 918 1522 participas
936 1439 1087 1522 saeuus,
1117 1444 1144 1504 ot
1165 1439 1323 1522 simplices
1344 1439 1467 1506 tederes
1487 1440 1685 1522 offeuduera,
1712 1440 1806 1506 reieoi
1827 1460 1962 1521 moros,
1987 1439 2164 1506 insariam

145 1552 267 1637 alonae
288 1549 415 1617 chaat
460 1550 504 1616 lu
525 1571 587 1632 quo
607 1550 685 1625 uuio.

302 1662 396 1728 Haeo
417 1683 496 1728 sane
524 1681 591 1727 non
616 1660 833 1746 typographi,
862 1682 979 1727 verum
1008 1661 1155 1747 theologi
1185 1662 1324 1728 alieuius
1352 1661 1491 1728 Calvino
1517 1661 1637 1727 infensi
1666 1660 1719 1746 (P.
1742 1661 1864 1747 Honry
1884 1661 2037 1730 Flaoium
2059 1661 2161 1730 trisse

149 1776 345 1860 suspiaatur,
368 1772 715 1840 LoesoherusUnseh.
734 1772 964 1853 Naohr.1712,
987 1794 1061 1860 pag.
1072 1777 1113 1838 46
1137 1774 1360 1840 oanieoturam
1382 1794 1449 1839 non
1472 1771 1573 1839 audet
1593 1774 1790 1857 proponere)
1813 1772 1963 1856 diatriba,
1983 1773 2074 1841 hune
2090 1794 2161 1840 nou

146 1886 207 1952 diu
229 1885 334 1951 lotae
358 1887 476 1971 potuit.
520 1884 593 1949 Iam
616 1904 702 1949 anno
723 1885 872 1968 proxime
894 1884 1043 1966 sequenti
1066 1883 1183 1950 editori
1205 1906 1267 1952 suo
1287 1886 1465 1970 genevensi
1486 1884 1633 1969 pagellas
1655 1885 1778 1968 aliquot
1794 1884 1932 1950 tradidit
1951 1883 2163 1951 excudendas

147 1999 266 2083 quibus
289 1998 520 2084 pelagianismi
547 1996 685 2062 erimine
714 2017 750 2062 se
771 2002 909 2080 purgat,
938 1997 1137 2062 sententiam
1164 2017 1258 2063 snam
1286 1996 1328 2064 de
1355 1997 1532 2081 baptismo,
1562 2002 1724 2080 quatenus
1750 1996 1862 2062 minus
1888 1995 1972 2063 bene
1992 1995 2163 2063 intellecta

147 2111 265 2190 fuerat,
289 2109 433 2193 adeoque
454 2108 630 2175 falsissime
652 2115 912 2191 repraesentata,
940 2107 1125 2174 aeouratius
1154 2108 1299 2176 deelarat
1319 2107 1544 2191 vindicatque,
1573 2106 1715 2190 denique
1735 2107 1859 2191 passim
1888 2106 2067 2174 editionem
2086 2128 2162 2192 ger·

146 2222 310 2287 manioam
331 2223 430 2288 istam
452 2219 613 2298 mutilam,
636 2218 788 2298 laceram,
811 2224 1000 2302 corruptam
1019 2217 1107 2299 diait,
1129 2219 1166 2284 in
1187 2241 1251 2303 quo
1273 2226 1387 2286 tamen
1408 2218 1587 2302 polemious
1609 2217 1707 2283 ardor
1727 2240 1804 2284 eum
1825 2219 1915 2285 rutra
1928 2239 2030 2303 quem
2047 2217 2162 2287 debuit

148 2333 324 2402 observare
345 2333 483 2398 limitem
505 2330 688 2413 abripuisse
709 2331 850 2398 videtur.
894 2331 964 2397 Nos
986 2329 1119 2414 quidem
1140 2337 1270 2397 textum
1290 2331 1392 2397 huius
1412 2329 1490 2395 libri
1516 2350 1581 2414 qua
1601 2330 1748 2396 maxima
1774 2331 1944 2414 potuimus
1965 2352 2047 2398 aura
2075 2330 2161 2397 rele-

148 2452 265 2530 gentes
287 2452 321 2510 et
343 2465 419 2510 oum
440 2442 632 2507 authentiaa
654 2441 839 2526 exemplari
860 2442 1075 2522 tonsorantes,
1110 2443 1243 2508 unieam
1263 2442 1428 2522 lacunam,
1451 2441 1580 2507 nullam
1601 2462 1681 2508 vero
1703 2441 1924 2525 norruptelam
1944 2442 2018 2508 iure
2040 2441 2088 2509 sie
2110 2440 2160 2507 di·

148 2555 287 2623 eendam
310 2553 596 2639 deprehendimus,
618 2553 772 2636 quamvis
793 2575 836 2619 ex
858 2554 1033 2620 osaitantia
1054 2555 1247 2620 eorreatoris
1268 2555 1383 2621 multis
1404 2562 1439 2619 et
1459 2554 1735 2636 frequentissimis
1757 2553 1886 2620 mendis
1908 2552 2076 2619 foedatum
2096 2555 2160 2620 mi-

151 2668 242 2734 nime
263 2687 432 2753 negemus.
478 2663 613 2731 Omissa
634 2673 685 2730 est
706 2664 901 2748 simpliciter
922 2665 1053 2750 pagella
1073 2686 1141 2731 una
1162 2667 1199 2731 in
1221 2665 1359 2732 artioula
1388 2665 1428 2731 de
1458 2664 1620 2748 baptismo
1649 2672 1826 2745 anaante,
1855 2666 1912 2731 ubi
1934 2664 2096 2733 Calvinus
2119 2666 2160 2732 de

149 2778 254 2846 salute
271 2797 447 2862 puetarum
470 2783 547 2842 anto
569 2784 740 2861 aaoeptum
761 2784 1006 2844 sacramentum
1028 2774 1258 2844 detunctorum
1279 2776 1416 2843 minime
1437 2775 1679 2860 desperandum
1702 2797 1773 2843 esse
1796 2776 1890 2842 donet
1903 2782 1938 2841 et
1960 2777 2162 2861 baptismum

148 2889 378 2959 obstetrieibus
399 2885 657 2973 permittendum
679 2896 788 2974 negat
833 2887 1004 2974 Quidquid
1026 2888 1071 2955 sit
1091 2888 1212 2973 prodiit
1233 2889 1315 2955 haeo
1337 2885 1469 2955 Onlvini
1490 2889 1658 2971 responsio
1680 2887 1742 2955 hoo
1764 2887 1877 2954 titulo:

302 3011 491 3068 APPENDIX
507 3011 658 3066 LIBELLI
675 3009 867 3066 ADVERSVS
885 3010 1046 3066 INTERIM
1066 3008 1518 3088 novamne-amauvis,
1542 3008 1584 3064 IN
1602 3008 1677 3077 QVA
1698 3008 1873 3064 REFVTAT
1891 2999 2054 3066 IOANNES
2076 3009 2160 3066 GAL-

147 3122 259 3181 vmvs
292 3122 491 3179 CENSVRAM
523 3121 709 3190 QVANDAM
742 3120 973 3177 TYPOGRAPHI
1001 3121 1130 3177 IGNOTI
1162 3122 1213 3177 Du
1245 3119 1498 3178 PARVVLORVM
1531 3119 1864 3177 seucumofflouu
1897 3121 1947 3176 ET
1976 3121 2161 3179 MVLIEBRI

146 3232 339 3293 BAPTISMO.
1113 3249 1115 3253 ⁴

303 3334 371 3417 Qui
388 3342 499 3400 tamen
515 3333 632 3402 titulus
651 3355 718 3400 nan
734 3335 770 3400 in
787 3335 943 3418 poeuliari
965 3334 1044 3400 folio
1065 3335 1173 3400 textui
1194 3334 1430 3418 praemittitur,
1451 3355 1570 3402 verum
1589 3332 1735 3399 eiusdem
1746 3335 1852 3417 ipsam
1863 3335 1989 3417 primae
2010 3334 2160 3420 pagellae

148 3455 278 3533 partem
289 3447 491 3529 superiorem
502 3451 648 3530 oaaupat.
668 3447 789 3512 'lotum
801 3445 995 3530 opuseulum
1005 3446 1126 3530 viginti
1140 3453 1281 3530 quatuor
1292 3444 1377 3512 foliis
1387 3445 1578 3525 absolvitur,
1591 3443 1730 3528 signatis
1740 3466 1830 3524 a-o‚
1843 3444 1965 3529 absque
1975 3445 2054 3512 ullis
2065 3447 2160 3531 pagi·

149 3579 269 3626 aarum
290 3558 448 3635 numeris,
472 3579 612 3641 quarum
633 3559 777 3642 quinque
799 3558 935 3624 ultimae
951 3558 987 3623 in
1009 3556 1100 3624 albis.
1139 3558 1181 3623 In
1202 3556 1403 3643 finelegitur
1423 3557 1503 3621 anni
1524 3561 1604 3622 nota
1627 3561 1710 3620 1550
1731 3556 1803 3622 siue
1824 3556 1886 3623 looi
1907 3564 1943 3623 et
1959 3557 2161 3644 typographi

149 3669 295 3737 nomine.
340 3669 429 3753 'Pypi
459 3669 564 3734 multo
592 3670 731 3736 maiores
753 3691 851 3754 quam
872 3671 907 3734 in
929 3669 1048 3754 prioris
1069 3676 1229 3736 traetatue
1257 3668 1469 3748 editionibus,
1496 3669 1543 3733 ita
1563 3674 1603 3733 ut
1624 3666 1665 3732 ab
1688 3674 1803 3733 autore
1825 3667 1967 3751 quidem,
1990 3690 2059 3734 non
2080 3689 2161 3738 vern

148 3801 169 3846 a
187 3778 396 3866 typographo
408 3779 587 3863 Appendix
610 3779 674 3845 diai
694 3782 839 3863 potuerit
859 3780 914 3847 hia
935 3781 1076 3860 libellus,
1098 3781 1220 3865 quippo
1239 3802 1338 3865 quem
1360 3780 1390 3846 si
1411 3800 1487 3846 aum
1508 3779 1566 3844 illo
1587 3778 1691 3843 altero
1712 3777 1851 3844 iunetim
1875 3780 1972 3846 edere
1991 3779 2159 3861 voluisset,

147 3913 229 3960 sane
249 3889 366 3958 iisdem
387 3890 502 3956 formis
523 3889 663 3958 deseribi
685 3900 840 3958 eurasset.
886 3892 1064 3960 Caeterum
1085 3892 1274 3959 rarissimus
1297 3912 1369 3958 esse
1390 3891 1532 3959 videtur.
1581 3889 1680 3974 Apud
1702 3912 1762 3958 nos
1784 3898 1895 3957 exstat
1916 3913 1990 3958 oum
2011 3893 2083 3975 ipso
2099 3891 2160 3958 In·

148 4006 247 4072 terim
269 4003 340 4070 eius
361 4002 528 4081 editionis,
556 4023 655 4086 quam
676 4003 817 4087 primam
839 4024 939 4087 supra
959 4005 1200 4084 reaensuimus,
1229 4002 1434 4088 colligatum,
1460 4000 1597 4067 editioni
1618 4001 1780 4068 seeundae
1801 4003 1953 4070 iunotum
1973 4003 2160 4087 reperimus

149 4117 185 4185 iu
206 4114 389 4200 exemplari
408 4113 681 4198 Guelferbytano.
1575 4172 1577 4176 .

303 4228 426 4293 Exstat
447 4233 585 4309 uterque
597 4224 730 4291 Caluini
751 4225 893 4306 libellus,
915 4227 1034 4293 omaso
1056 4236 1152 4293 textu
1173 4225 1423 4293 oonsultationis
1444 4244 1624 4304 manresa,
1646 4224 1734 4308 apud
1746 4225 1933 4292 Gallasium
1954 4245 2028 4311 pag.
2052 4230 2159 4291 742-

147 4345 227 4420 801;
249 4339 428 4422 eodemque
448 4337 559 4403 addito
577 4336 613 4403 in
635 4337 827 4405 oolleotione
846 4339 955 4405 Bonae
981 4342 1074 4418 1576,
1095 4360 1168 4424 pag.
1192 4341 1379 4417 419-488;
1406 4340 1500 4418 1597,
1523 4357 1597 4422 pag.
1623 4340 1811 4418 soe-40&
1830 4338 1865 4403 in
1888 4336 2063 4404 Stoeriana
2083 4357 2159 4423 pag.

151 4455 338 4530 301-351;
359 4451 396 4530 in
418 4449 560 4543 editione
582 4448 882 4518 Amstelodamensi
903 4471 977 4536 pag.
1001 4454 1181 4517 260—303.
1213 4449 1427 4517 Possidemus
1448 4450 1548 4516 etiam
1569 4447 1669 4533 uliam
1690 4449 1868 4532 separatim
1890 4469 2047 4516 exeusam
2065 4449 2159 4515 Lau-

150 4581 275 4629 aaunae
299 4565 391 4626 1579.
414 4566 443 4626 8.
465 4563 536 4628 sine
558 4560 748 4645 appendice.

306 4670 361 4738 Ad
382 4673 610 4758 uestigandum
631 4680 762 4739 textum
784 4672 1035 4740 Ooustitutionis
1055 4674 1285 4758 imperatoriae
1306 4672 1410 4756 ipsius
1439 4670 1651 4738 adhibuimus
1679 4669 1842 4755 duplieem
1869 4670 2045 4743 editionem
2066 4672 2160 4756 priu-

152 4786 268 4869 aipam,
293 4783 434 4849 alterum
454 4788 686 4868 germanicam,
709 4785 849 4852 altemm
869 4785 1022 4865 latinam,
1045 4793 1222 4869 utramque
1243 4786 1417 4869 Augustae
1438 4805 1467 4850 a
1494 4787 1577 4848 1548
1596 4804 1656 4868 per
1676 4782 1870 4866 Philippum
1891 4783 2079 4851 Ulhurdum
2100 4804 2160 4851 ex·

152 4916 275 4976 oasam,
298 4894 391 4961 illam
412 4916 454 4960 ex
477 4893 675 4965 bibliotheca
702 4906 818 4966 nostra
838 4899 957 4978 eiuiaa,
988 4897 1072 4965 haue
1094 4919 1137 4964 ex
1158 4894 1413 4981 Stuttgardiana
1432 4894 1525 4978 regia
1546 4895 1731 4980 repetitam.
1775 4893 1907 4962 Titulus
1928 4896 2024 4961 latini
2046 4916 2160 4962 exem·

150 5009 254 5092 pluris
269 5017 332 5073 est:
357 5005 508 5074 Saarae
523 5005 1000 5077 Caesareaehdaiestatis
1022 5008 1253 5077 declaratio
1275 5005 1473 5091 quomodo
1494 5006 1535 5072 in
1555 5007 1721 5093 negotio
1742 5005 1961 5091 roligionis
1982 5029 2055 5091 per
2077 5008 2162 5075 Im·

149 5120 308 5208 perium
329 5139 458 5203 usquo
480 5118 530 5185 ad
551 5119 847 5189 definitionem
868 5120 1040 5190 eonsilii
1062 5119 1276 5208 generalis
1297 5117 1517 5187 vivendum
1537 5119 1611 5199 sit,
1631 5119 1674 5185 in
1694 5117 1877 5186 eomitiis
1899 5120 2160 5205 Augustanie
