4620 5894
182 208 246 277 739
1088 195 1352 265 OONSENSIO
2139 200 2201 269 'tlt

269 394 334 460 XI.
375 392 419 457 In
456 391 612 458 donantis
646 409 708 455 non
746 387 1025 470 obstupescendum.
1074 387 1167 453 Hinc
1304 385 1384 452 XV.
1429 387 1583 469 Quomodo
1609 394 1806 453 sacramenta
1832 387 2020 470 cantassent.
2069 387 2130 457 Sic
2154 391 2203 457 in-

182 479 328 548 concidit
358 499 472 544 eorum
500 498 606 552 error,
643 475 699 558 qui
726 475 761 539 in
794 474 967 539 elementis
994 472 1166 556 obstupes-
1219 470 1349 537 tardum
1373 480 1580 537 sacramenta
1601 481 1762 540 vocantur
1783 474 1901 559 sigilla,
1923 475 2082 541 dicuntur
2103 475 2204 543 fidem

106 560 110 566 ⁸
181 575 272 645 cunt,
287 566 313 649 ¹)
336 572 369 631 et
380 564 446 629 illis
454 563 484 647 ²)
495 563 636 644 affigunt
656 560 772 626 salutis
785 580 864 625 suae
876 559 1046 625 fiduciam:
1064 580 1167 642 quum
1219 559 1317 637 alere,
1336 560 1540 637 confirmare,
1567 580 1775 641 promovero:
1804 571 1839 625 ct
1859 568 1971 625 tamen
1994 560 2085 627 solus
2106 562 2203 645 spiri·

183 660 389 719 sacramenta
418 655 493 729 [pag.
521 652 572 726 12]
598 669 618 712 a
644 645 778 712 Christo
807 652 960 728 separata
987 645 1072 709 nihil
1100 646 1168 711 sint
1219 653 1275 710 tus
1295 645 1428 727 proprie
1456 652 1508 709 est
1535 644 1690 729 sigillum,
1705 647 1730 729 ¹)
1760 653 1794 710 et
1813 646 1901 711 idem
1931 645 2007 712 fidei
2028 646 2203 715 inchoator

182 760 284 822 quam
305 739 422 802 inanes
443 735 572 800 larvae:
600 740 633 797 et
654 733 690 796 in
719 731 800 816 ipsis
822 732 976 796 omnibus
998 732 1080 797 haee
1101 752 1166 797 vox
1220 737 1271 795 est
1292 738 1326 794 et
1346 731 1514 813 perfector.
1560 731 1647 796 Nam
1675 730 1756 797 haec
1783 733 1894 797 omnia
1919 742 2204 801 sacramentorum

183 824 272 891 claro
293 828 456 907 personet,
478 841 545 885 non
568 818 647 885 alibi
667 838 768 901 quam
789 817 824 882 in
846 817 914 884 solo
932 817 1066 883 Christo
1088 817 1167 882 hae·
1220 816 1380 881 attributa
1400 816 1556 882 inferiore
1572 817 1643 882 loco
1665 817 1848 897 subsidunt,
1871 825 1910 882 ut
1920 840 1963 883 ne
1972 819 2114 885 minima
2130 820 2204 903 qui·

183 910 334 985 rendum,
357 928 418 973 neo
428 904 559 970 aliunde
571 904 748 988 petendam
763 925 834 969 esse
850 903 967 969 salutis
978 903 1128 987 gratiam.
1138 902 1167 987 ⁸)
1220 902 1296 967 dem
1319 903 1434 968 salutis
1456 912 1589 968 nostrae
1610 904 1719 986 portio
1740 905 1781 969 ab
1803 905 1902 969 unico
1912 914 2026 971 autore
2047 904 2090 971 ad
2112 925 2204 973 area-

269 994 351 1060 ΧΠ.
391 992 599 1057 Sacramenta
617 990 843 1072 persentiat
869 989 1014 1071 efficiam.
1064 989 1167 1055 Prac-
1219 995 1313 1053 turae
1334 988 1389 1054 vel
1411 988 1575 1054 clementa
1597 991 1824 1055 transferatur.
1833 991 1862 1073 ²)

183 1088 285 1159 terea,
312 1081 341 1146 si
364 1076 540 1162 quidboni
560 1077 654 1141 nobis
682 1098 742 1160 per
763 1083 970 1142 sacramenta
990 1076 1167 1154 confertur,
1304 1073 1402 1140 XVI.
1446 1074 1520 1140 Noa
1546 1095 1651 1141 omna
1677 1080 1869 1142 sacramostc
1888 1077 2138 1159 particspantcs,
2169 1098 2204 1143 rc

184 1165 220 1232 id
242 1187 310 1231 non
332 1167 377 1230 fit
392 1164 526 1248 propria
547 1184 661 1228 corum
682 1162 817 1240 virtute,
840 1161 1167 1244 etiamsipromissio·
1219 1181 1337 1243 qaoqm
1352 1161 1559 1243 particspant.
1590 1162 1769 1227 Praeterea
1781 1162 1895 1227 scdulo
1908 1161 2073 1239 docemus,
2091 1164 2204 1229 Deum

182 1274 269 1332 nem,
292 1271 357 1334 qua
377 1251 621 1334 insigniuntur,
650 1245 918 1332 comprehendas.
963 1247 1056 1313 Deus
1078 1247 1167 1312 enim
1218 1266 1286 1311 non
1307 1247 1491 1329 promiscue
1513 1247 1582 1314 vim
1610 1269 1705 1312 suam
1733 1268 1885 1313 exserere
1913 1249 1949 1313 in
1970 1250 2126 1315 omnibus
2146 1249 2204 1332 qui

183 1338 273 1403 solas
296 1344 354 1415 est,
376 1337 434 1419 qui
455 1335 574 1418 spiritu
597 1355 657 1400 sao
678 1336 760 1418 agit:
783 1342 817 1400 et
838 1333 924 1416 quod
946 1344 1167 1398 sacramanto·
1220 1340 1427 1397 sacramenta
1447 1333 1627 1415 recipiunt:
1655 1331 1713 1399 sed
1734 1341 1865 1398 tantum
1890 1335 1926 1398 in
1948 1335 2070 1401 electis.
2113 1335 2204 1401 Nam

182 1445 260 1489 ram
281 1423 464 1488 ministerio
486 1422 605 1498 utitur,
633 1421 667 1484 in
690 1441 729 1484 co
755 1440 864 1502 nequo
890 1419 961 1484 vim
986 1418 1051 1484 illis
1073 1440 1168 1484 suam
1219 1417 1495 1501 quemadmodum
1517 1423 1592 1497 [pag.
1614 1424 1666 1497 14]
1694 1441 1762 1484 non
1788 1419 1869 1485 alios
1895 1421 1932 1483 in
1959 1420 2098 1503 fidem⁸)
2126 1420 2202 1486 illu-

183 1509 345 1588 insundit,
374 1527 437 1573 nec
458 1507 593 1590 spiritus
615 1506 667 1571 sui
689 1506 851 1571 efficaciae
872 1504 1051 1588 quidquam
1073 1504 1166 1570 dero·
1218 1504 1338 1583 minat,
1368 1525 1468 1586 quam
1491 1525 1573 1587 quos
1594 1504 1838 1586 praeordinavit
1863 1504 1905 1570 ad
1932 1506 2051 1585 vitam,
2078 1506 2129 1572 ita
2148 1526 2203 1570 ar·

184 1606 257 1680 gat:
281 1593 339 1661 sod
360 1616 419 1677 pro
440 1592 595 1658 ruditatis
615 1598 749 1658 nostrae
771 1601 879 1675 captu,
887 1592 917 1672 ⁴)
947 1611 987 1656 ca
1008 1600 1167 1675 tanquam
1219 1610 1302 1655 cana
1323 1590 1458 1673 spiritus
1480 1590 1532 1655 sui
1553 1591 1676 1656 virtute
1698 1591 1805 1670 efficit,
1834 1599 1873 1656 ut
1893 1592 2079 1676 percipiant
2104 1591 2203 1659 electi

61 1724 66 1731 -
183 1679 384 1747 adminicula
405 1679 453 1745 sic
473 1678 616 1757 adhibet,
637 1685 678 1742 ut
704 1686 777 1744 tota
797 1677 917 1762 agendi
938 1677 1078 1744 facultas
1096 1698 1167 1742 ma·
1219 1675 1305 1759 quod
1327 1676 1508 1760 offerunt⁴)
1530 1678 1782 1758 sacramenta.⁵)

183 1774 262 1833 neat
284 1766 372 1849 apud
393 1765 502 1848 ipsum
524 1762 678 1847 solum.⁵)
912 1800 917 1805 -
1303 1761 1419 1827 XVII.
1456 1760 1661 1828 Sacramenta
1683 1783 1742 1827 noa
1763 1764 1924 1845 conferant
1942 1765 2093 1847 qratiam.
2127 1764 2201 1832 Hae

269 1851 369 1918 XlII.
412 1850 503 1916 Dens
523 1870 639 1934 arpano
656 1850 765 1929 atitar,
782 1849 837 1914 ced
857 1849 906 1913 ita
926 1853 961 1913 at
983 1849 1085 1915 omnis
1104 1851 1169 1913 oir-
1218 1846 1368 1913 doctrina
1386 1850 1546 1914 evertitur
1571 1848 1652 1913 illud
1680 1848 1938 1932 sophistarum⁶)
1966 1856 2200 1931 commentum,

182 1944 234 2005 tac
255 1936 380 2004 sttDec‘.
413 1937 539 2018 ltaque,
562 1934 839 2019 quomadmodum
856 1934 983 2001 Paulus
1001 1934 1166 2014 admonet,
1219 1932 1306 2018 quod
1328 1934 1422 1999 docet
1443 1942 1649 1999 sacramenta
1670 1956 1776 1999 novae
1803 1935 1886 2019 legis
1896 1936 1924 2018 ⁷)
1953 1936 2102 2001 conterre
2124 1957 2199 2021 gra-

184 2045 259 2091 cum
290 2025 345 2107 qui
376 2023 504 2106 plantat
531 2033 590 2088 aut
621 2023 709 2107 rigat
735 2020 821 2086 nihil
847 2042 936 2100 esse,
970 2020 1028 2086 sed
1060 2043 1167 2086 unum
1218 2021 1299 2085 tiam
1321 2019 1473 2085 omnibus
1494 2042 1561 2085 non
1587 2022 1787 2103 ponentibus
1813 2022 1938 2087 obicem
1965 2022 2091 2100 peccati
2113 2043 2201 2087 mor·

181 2108 295 2175 Deum
316 2110 373 2192 qui
396 2107 454 2173 dat
474 2109 731 2174 incrementum:
754 2107 803 2171 ita
824 2113 858 2171 et
880 2105 920 2171 de
943 2107 1166 2173 sacramentis
1219 2105 1305 2171 talis.
1350 2107 1589 2188 Praeterquam
1618 2107 1707 2171 enim
1735 2106 1821 2190 quod
1852 2107 1889 2171 in
1911 2109 2128 2174 sacramentis
2155 2106 2202 2173 nil

183 2194 359 2261 dicendum
386 2203 450 2272 est,
486 2214 525 2259 ca
552 2192 638 2257 nihil
664 2213 751 2271 esso,
780 2193 857 2275 quia
883 2191 969 2256 nihil
994 2193 1167 2276 profutura
1218 2192 1282 2256 nisi
1305 2191 1370 2256 fide
1392 2192 1584 2276 percipitur,
1614 2192 1794 2257 tenendum
1819 2213 1947 2275 quoque
1969 2202 2035 2271 ost,
2063 2194 2203 2259 minima

184 2282 259 2357 sint,
288 2279 353 2344 nisi
373 2280 466 2345 Deus
494 2280 528 2344 in
561 2278 702 2344 solidum
723 2277 835 2343 omnia
856 2278 985 2343 efficiat.
1030 2278 1167 2362 Organa
1222 2277 1392 2361 alligatam
1413 2278 1494 2361 ipsis
1516 2299 1587 2344 esse
1599 2277 1664 2343 Dei
1676 2279 1828 2362 gratiam,
1850 2286 1889 2343 ut
1911 2279 2059 2361 quisquis
2068 2280 2203 2363 signum

184 2364 315 2451 quidem
339 2372 427 2444 sunt,
450 2364 568 2447 quibus
591 2369 666 2444 [pag.
689 2369 741 2443 13]
764 2364 949 2441 efficaciter,
978 2363 1036 2428 ubi
1058 2364 1166 2429 visum
1219 2363 1355 2445 habetss)
1379 2366 1538 2429 raetiam
1559 2366 1713 2447 potiatur.
1757 2365 1845 2429 Nam
1867 2365 2015 2448 reprobis
2036 2385 2203 2449 peraeque

183 2459 248 2532 est,
278 2451 349 2535 agit
369 2452 476 2515 Deus:
495 2450 562 2515 sed
589 2451 650 2528 ita,
684 2458 723 2514 ut
749 2456 856 2513 totum
886 2449 1004 2515 salutis
1031 2458 1166 2516 nostrae
1218 2456 1257 2515 ut
1297 2449 1409 2516 electis
1452 2450 1548 2534 signa
1588 2449 1876 2529 administrantur,
1926 2450 2049 2516 veritas
2089 2459 2204 2517 autom

185 2560 278 2623 opus,
301 2537 365 2618 ipsi
386 2536 446 2601 uni
468 2544 638 2618 acceptum
659 2534 739 2600 ferri
761 2533 924 2615 catenen
1219 2536 1390 2620 signorum
1412 2535 1454 2600 ad
1476 2536 1536 2601 hos
1558 2535 1643 2602 solos
1664 2538 1824 2619 pervenit
1835 2536 1864 2622 ⁹)

270 2622 368 2688 XIV.
404 2621 645 2687 Censtituimus
664 2642 743 2705 crgo
764 2642 869 2685 unum
890 2641 962 2686 esse
984 2620 1166 2699 Christum,
1305 2620 1440 2686 XVIII.
1487 2622 1639 2688 Omnibus
1665 2625 1839 2704 offerantur
1866 2622 1931 2689 Da
1962 2622 2060 2704 dorsa,
2093 2622 2205 2704 fidelos

185 2710 344 2794 quivere
365 2709 456 2773 intus
478 2708 638 2790 baptizat,
665 2708 723 2790 qui
744 2727 805 2771 nos
831 2707 867 2770 in
889 2727 992 2772 coena
1012 2708 1092 2774 facit
1113 2708 1166 2774 sui
1219 2708 1377 2773 daedaaat
1400 2709 1590 2789 percipiant.
1646 2708 1784 2774 (lartum
1817 2710 1951 2791 quidem
1983 2717 2050 2788 est,
2089 2708 2204 2775 offerri

184 2796 374 2880 participes,
397 2795 453 2877 qui
475 2793 615 2875 deniqne
637 2793 753 2875 implet
774 2791 862 2876 quod
889 2794 1036 2877 figurant
1057 2814 1167 2860 sacra-
1220 2793 1440 2860 communiter
1461 2793 1614 2859 omnibus
1637 2793 1810 2860 Christum
1833 2817 1909 2861 cum
1927 2796 1995 2861 suis
2014 2794 2120 2875 donis,
2143 2814 2205 2862 nec

182 2888 310 2948 menta:
338 2887 373 2946 ct
398 2878 449 2945 uti
479 2879 610 2962 quidem
640 2879 693 2945 his
719 2876 943 2959 adminiculis,
956 2881 985 2964 ⁷)
1013 2887 1053 2945 ut
1078 2888 1168 2946 totus
1220 2879 1391 2945 hominum
1423 2880 1619 2945 infidelitate
1632 2880 1675 2964 ¹⁰)
1702 2880 1893 2951 labefactari
1920 2880 1985 2947 Dei
2017 2881 2205 2959 veritatem,

184 2968 320 3034 effectus
341 2988 444 3051 penes
466 2967 536 3032 eius
558 2965 713 3048 spiritum
735 2963 885 3031 resideat.
893 2964 925 3048 ⁸)
1220 2966 1299 3048 quin
1325 2987 1456 3048 semper
1482 2965 1552 3031 vim
1580 2988 1674 3031 suam
1701 2967 1868 3032 retineant
1895 2976 2117 3033 sacramenta:
2146 2964 2207 3033 sad

1219 3073 1286 3116 non
1314 3072 1429 3117 omncs
1447 3051 1576 3116 Christi
1603 3061 1636 3117 et
1663 3053 1824 3118 donorum
1850 3055 1921 3120 eius
1950 3062 2029 3119 sunt
2055 3073 2204 3137 capaces

252 3208 258 3221 ,
280 3209 287 3220 ,
477 3207 483 3219 ,
701 3204 708 3217 ,
779 3206 785 3218 ,
1218 3137 1337 3220 Itaque
1359 3158 1401 3203 cx
1423 3136 1489 3202 Dei
1509 3144 1604 3220 parto
1626 3138 1712 3203 nihil
1735 3144 1809 3218 [pag.
1831 3145 1883 3219 15]
1905 3148 2070 3204 mutatur:
2098 3159 2206 3222 quan·

185 3204 738 3346 {affinga}algffmffiezffifflgss
738 3203 978 3395 ’5336111104ζῷ
972 3204 1122 3329 11ξᾶὲέξῇ
1121 3220 1167 3328 ag:
1220 3232 1291 3289 tum
1312 3245 1392 3290 vero
1412 3223 1455 3288 ad
1473 3224 1624 3290 homines
1645 3232 1780 3308 spectat,
1803 3225 1942 3309 quisque
1958 3246 2018 3309 pro
2032 3224 2111 3291 fidei
2124 3245 2207 3292 susc

185 3346 249 3415 gelii
265 3344 363 3413 sigilla.
396 3343 473 3398 ldem
489 3345 517 3397 in
534 3343 705 3398 Catachismo
727 3340 802 3412 [pap.
818 3349 904 3397 nostr.
940 3341 999 3412 201:
1024 3341 1166 3410 Quomodo
1218 3330 1376 3375 mensura
1397 3310 1523 3393 “willit-
1537 3310 1580 3393 Η)

185 3428 236 3482 per
258 3413 474 3534 baptism3m1.z.
493 3452 499 3464 .
519 3453 526 3466 .
548 3414 677 3467 vestimur
694 3411 802 3467 Christo
825 3413 937 3482 eiusque
964 3413 1060 3481 spiritu
1080 3411 1165 3467 dona·

184 3497 252 3536 mur.
305 3497 396 3534 aava.
425 3520 431 3533 .
462 3516 467 3529 .

252 3546 281 3608 1)
321 3551 348 3603 ui
364 3547 510 3603 s’amusent
527 3564 630 3601 comme
648 3548 790 3604 eslourdis.
1287 3548 1317 3607 1)
1334 3547 1361 3601 le
1380 3564 1462 3603 sceau
1480 3549 1632 3603 souverain.

252 3614 280 3684 2)
297 3565 360 3682 riae,
380 3616 455 3669 an.
476 3616 575 3669 Genea.
693 3685 698 3696 '
776 3690 779 3695 Ι
1286 3614 1316 3683 2)
1336 3616 1438 3671 Calvia.
1454 3619 1482 3671 in
1499 3615 1518 3669 5
1535 3617 1681 3686 sdEphes.
1700 3616 1734 3686 [o.
1752 3617 1811 3688 26J:
1830 3619 1882 3675 Est
1898 3636 1929 3675 er
1948 3619 2054 3676 oDeus
2072 3620 2207 3689 quiman-

251 3683 284 3746 3)
303 3684 376 3738 Calv.
392 3686 421 3738 in
438 3683 456 3737 5
472 3684 621 3752 adEphes.
639 3683 696 3753 [aba
713 3699 808 3764 snpra,
826 3685 874 3738 scd
890 3686 975 3753 paolo
993 3686 1099 3756 anteaJ:
1113 3687 1166 3741 Hic
1218 3683 1315 3740 dat..
1335 3687 1437 3740 ..iim
1456 3702 1532 3740 suam
1548 3694 1694 3742 mutuatur.
1712 3715 1744 3725 -
1763 3689 1865 3743 Calvia.
1881 3691 1909 3743 in
1927 3637 1997 3743 gad
2013 3688 2119 3758 Ephes.
2139 3688 2206 3756 [tl.

184 3754 291 3810 demum
314 3769 395 3807 verus
416 3770 449 3807 ac
470 3760 563 3807 rectus
587 3761 748 3807 sacramenti
767 3770 832 3808 usus
850 3760 893 3808 est
911 3793 918 3808 .
937 3795 944 3808 .
962 3794 969 3808 .
988 3795 995 3809 .
1014 3760 1043 3809 et
1059 3757 1087 3809 in
1103 3758 1164 3824 ipso
1214 3754 1301 3822 panio
1318 3756 1427 3876 aanor
1453 3754 1561 3809 Interea
1580 3797 1586 3809 .
1605 3796 1611 3809 .
1630 3794 1637 3809 .
1656 3794 1663 3809 .
1680 3772 1714 3810 ne
1757 3758 1812 3811 uod
1836 3759 1916 3813 unius
1935 3758 1984 3812 Dei
2009 3766 2131 3814 est...
2152 3760 2205 3812 .in

185 3824 291 3879 sistere.
326 3818 917 3890 ldemCapltlnstit[§.161:Alterum
935 3824 1028 3878 vitium
1046 3830 1112 3878 est.
1133 3864 1165 3878 ..
1218 3823 1353 3876 elemento
1370 3839 1404 3876 ve
1433 3823 1459 3875 in
1478 3823 1586 3878 homine
1605 3823 1745 3894 haereat[
1776 3827 1803 3880 ic
1819 3830 1894 3882 mous
1911 3825 2206 3896 antecameram

184 3892 231 3961 qui
248 3907 299 3945 nes
318 3889 420 3971 Christi
442 3890 508 3945 facit
524 3890 679 3967 participes.
716 3888 753 3942 at
770 3889 834 3958 Cap.
853 3888 886 3942 17
914 3889 948 3960 [ξ.
965 3890 1008 4013 2L:
1032 3890 1097 3958 Quis
1115 3907 1165 3947 nos
1217 3906 1304 3945 mana
1327 3889 1486 3958 emanatas
1513 3891 1571 3961 eat}
1594 3892 1667 3947 Calv.
1691 3895 1756 3963 Cap.
1783 3894 1816 3948 16
1842 3896 1931 3950 Instit
1955 3843 1993 3964 [ζ
2012 3894 2059 3963 8);
2084 3896 2206 3952 Primum

184 3975 256 4029 aqua
279 3959 402 4013 mundam
420 3998 426 4010 .
444 3997 477 4012 ..
501 4000 507 4013 .
528 3973 636 4013 uncum
658 3964 780 4012 noenum
803 3961 947 4014 lavacrum.
998 3961 1019 4014 't
1040 3963 1068 4014 in
1086 3961 1164 4015 Cata·
1218 3959 1302 4014 verbo
1334 3976 1383 4014 suo
1412 3975 1462 4014 nos
1490 3959 1570 4015 docet
1593 4000 1600 4015 .
1624 4001 1630 4013 .
1657 4004 1662 4015 .
1687 4003 1693 4016 .
1717 3971 1746 4017 ct
1769 3965 1855 4019 oculis
1879 3965 2097 4019 obversarentur.
2134 3967 2206 4020 Item

184 4030 287 4084 chismo
312 4026 387 4097 {pap
405 4043 432 4080 n.
451 4025 504 4079 114
521 4027 606 4106 sapt:
630 4024 690 4107 Qua
712 4028 793 4095 igitur
809 4029 890 4108 modo
914 4035 948 4108 et·
959 4029 1068 4097 quando
1085 4046 1165 4085 usum
1218 4025 1254 4098 [ἓ.
1271 4026 1316 4149 9ὲε
1335 4027 1379 4108 §ic
1397 4027 1597 4110 confirmandae
1616 4069 1622 4082 .
1641 4070 1647 4082 .
1665 4070 1671 4084 .
1691 4070 1697 4083 .
1716 4033 1825 4088 auribus
1843 4049 1897 4088 vox
1915 4033 2032 4088 insonet
2070 4032 2184 4090 Iouna

184 4104 441 4154 sacramentorum.
461 4136 516 4150 ...
536 4101 805 4161 ..arignanonevero
829 4097 1016 4165 mbapasmo.
1053 4096 1163 4154 Ionodt.
1308 4095 1465 4160 >mildam
1484 4105 1568 4152 omitt.
1585 4114 1655 4152 ocra.
1691 4100 1738 4155 all.

253 4164 285 4227 4)
322 4182 354 4220 ro
371 4164 497 4219 ruditatis
515 4172 626 4217 noemae
644 4171 727 4230 captu
743 4166 828 4219 amitt.
844 4165 875 4218 in
892 4168 1017 4220 canone
1031 4167 1095 4236 pall
1286 4162 1317 4230 4)
1354 4180 1405 4219 uae
1425 4166 1543 4221 offerunt
1562 4166 1637 4221 Edd.
1657 4116 1755 4222 aqam

253 4233 284 4299 5)
302 4182 375 4288 gale.
393 4236 421 4287 in
439 4232 473 4285 12
490 4233 587 4312 prioris
604 4230 639 4285 ad
657 4230 776 4287 Corinth.
800 4232 916 4315 [¹.'·.¹³l²
940 4233 1074 4316 Optimum
1096 4240 1164 4290 tem·
1286 4233 1318 4303 ὃ)
1336 4182 1439 4288 gelria.
1457 4236 1485 4316 in
1503 4233 1521 4287 i>
1538 4234 1573 4289 sd
1590 4235 1692 4316 Ephes.
1711 4239 1750 4304 [a.
1768 4239 1815 4301 sl:
1835 4236 1915 4318 Multi
1939 4240 2042 4308 signum
2067 4243 2205 4312 rccipiunt

206 4310 373 4357 aramentum
398 4340 429 4355 ..
454 4300 585 4355 ..addit
607 4315 667 4354 esse
691 4317 760 4369 opus
783 4311 895 4370 spurtus
918 4311 1012 4357 sancti.
1045 4304 1076 4358 In
1094 4303 1112 4358 3
1129 4305 1164 4359 ad
1217 4303 1745 4372 ....absquesp1r1tuestmefficax.
1781 4306 1891 4361 Ionosll.

185 4320 276 4425 litum
295 4369 329 4438 [o.
349 4370 393 4438 51:
411 4370 469 4423 Vim
480 4376 596 4424 etusum
608 4379 836 4425 sacramentorum
855 4411 861 4424 .
881 4411 887 4424 .
908 4413 914 4425 .
932 4412 939 4424 .
957 4372 1076 4427 detrahit
1091 4373 1165 4443 quod
1288 4371 1319 4435 6)
1337 4371 1386 4426 des
1404 4371 1594 4441 Sartoniqucs.

187 4455 265 4494 suum
283 4447 335 4493 cst.
371 4438 435 4507 Cap.
455 4437 488 4490 16
504 4437 597 4518 Iastia
610 4437 645 4506 [ᾗ.
663 4437 705 4561 9³:
724 4438 768 4493 Sic
785 4441 857 4493 inter
874 4441 996 4507 spiritum
1014 4457 1165 4497 sacramen·
1287 4439 1316 4505 7)
1336 4440 1372 4494 du
1389 4439 1521 4495 Nouveau
1540 4441 1706 4497 Testament.

186 4514 269 4586 taque
288 4546 295 4558 .
313 4546 319 4559 .
388 4507 488 4561 multae
507 4522 632 4575 energiae
650 4524 679 4561 re
693 4516 787 4562 ertum.
813 4507 880 4562 Ibid.
911 4507 1165 4592 §.1712Necu1a-
1285 4508 1312 4575 8)
1329 4508 1437 4589 habeat.
1456 4509 1531 4591 Edd.
1552 4509 1651 4592 Genea

187 4573 892 4713 ttttttttt·a:atttttattttth
910 4575 1166 4716 ἒιιῖιῖῐὲἓιὲοέἓῗῑ
1218 4578 1317 4702 amei’
1330 4577 1861 4716 ttlfftattttttttctalt:
1880 4579 2069 4707 titnlttt
2083 4582 2203 4722 titt}

187 4711 478 4841 pned).c.dlvqui2mffi
491 4715 868 4851 ξέοξίιδιιᾶῧςιέοιιιῖιιυῖυυὲιῗι.
883 4714 1032 4838 silmas
1052 4784 1167 4840 stimans
1218 4715 1259 4839 Εἰ
1273 4714 1421 4837 Μὶὲπῖἓῖᾱ
1438 4732 1504 4771 vero
1523 4723 1566 4771 est
1583 4725 1781 4773 sacramentum
1799 4759 1806 4771 .
1825 4760 1831 4772 .
1851 4759 1857 4771 .
1877 4758 1883 4771 .
1902 4734 1967 4773 vera
1989 4717 2043 4774 tide
2068 4723 2204 4793 percipiat

189 4854 250 4903 arat
267 4847 342 4901 cibus
360 4886 366 4899 .
385 4887 393 4901 .
410 4887 417 4900 .
435 4887 442 4899 .
460 4864 588 4916 separare
605 4867 661 4904 non
678 4859 722 4906 est
737 4859 866 4907 nostrum.
903 4851 1014 4907 Ionoilt.
1033 4800 1051 4852 p
1289 4850 1336 4910 10)
1355 4852 1551 4907 incredulitate.
1575 4853 1650 4908 Edd.
1672 4853 1770 4909 Gaas.

257 4913 289 4978 ’1)
307 4922 336 4969 et
352 4916 515 4996 sicquidem
532 4919 572 4971 uti
588 4919 631 4973 his
648 4919 815 4975 adminiculis
834 4919 908 4975 an.
928 4919 1030 4976 Genea.
1290 4919 1337 4988 11)
1354 4920 1455 4975 Calvin.
1479 4924 1507 4976 in
1524 4920 1542 4974 3
1558 4925 1656 4992 prioris
1674 4924 1709 4979 ad
1726 4925 1802 4978 Corr.
1822 4923 1857 4990 [o.
1877 4922 1916 4994 ⁷1:
1940 4923 2028 4991 Quam
2051 4929 2203 4994 potentiam

257 4982 289 5049 8)
308 4983 383 5037 Calv.
400 5001 428 5038 ιιι
441 4984 475 5038 10
492 4989 589 5052 prioris
606 4987 640 5040 ad
650 4987 724 5042 corr.
745 4988 807 5054 {aa
826 5009 832 5043 :
851 4989 1025 5072 Confundant
1041 5005 1078 5060 ps
1099 4991 1168 5045 istae
1222 5005 1329 5071 suam..
1352 5030 1358 5043 .
1382 5031 1389 5044 .
1413 5030 1419 5044 .
1442 4993 1551 5072 tametsi
1573 5008 1639 5061 ergo
1667 5002 1696 5047 et
1718 5000 1839 5048 nostrum
1862 4993 1984 5047 laborem
2011 5010 2067 5048 noa
2091 4998 2203 5064 respicit

188 5068 455 5121 ....perperam
483 5054 677 5136 transferatur..
704 5057 789 5139 mim.
827 5074 872 5127 ap.
885 5057 927 5139 ,17
952 5060 1038 5114 instit.
1058 5007 1104 5181 fg.
1125 5057 1167 5141 11)
1223 5057 1370 5139 {Calanae
1389 5074 1509 5141 propria
1524 5076 1611 5115 manu
1627 5064 1835 5130 superscripsit:
1858 5061 1984 5131 despicit·
2007 5062 2070 5118 edd.
2087 5064 2202 5119 habnt.-

187 5118 278 5190 Quum
293 5119 412 5179 loannes
429 5138 501 5192 aqua
519 5137 549 5177 se
568 5161 575 5176 .
593 5163 600 5176 .
619 5165 626 5177 .
644 5162 651 5177 .
669 5132 805 5181 manens
821 5135 926 5196 manas
943 5136 1032 5185 antor.
1077 5127 1169 5183 camd.
1222 5130 1339 5198 respmt]
1361 5128 1489 5186 coelecta
1511 5136 1591 5199 pater
1615 5170 1620 5184 .
1646 5171 1651 5184 .
1676 5170 1682 5185 .
1706 5169 1712 5185 .
1737 5129 1928 5200 suspendere
1951 5102 2118 5201 [alapa
2135 5132 2202 5188 add
