4620 5894
197 164 240 230 79
1018 157 1084 224 DE
1106 156 1381 226 SCANDALIS.
2168 146 2219 229 ω’
2303 206 2306 211 .

195 352 359 437 scriptura
375 350 498 434 absque
518 350 746 432 provocatione
767 347 903 415 iudicet:
926 348 977 413 ius
994 346 1077 413 illud
1096 368 1176 431 qus-
1229 345 1402 412 bulonibus
1425 346 1497 413 istis
1520 346 1695 412 dicendum
1718 352 1829 425 restat,
1852 348 1985 431 quando
2007 350 2117 429 toties,
2139 356 2209 417 tem

194 438 356 519 leounque
384 444 436 501 est
461 434 503 501 ad
532 456 568 500 se
597 455 674 500 mox
695 433 836 517 rapiunt.
882 434 952 499 Nes
974 454 1054 501 vere
1076 453 1176 516 quae·
1289 433 1376 498 viter
1397 440 1430 497 et
1451 433 1579 516 copiose
1606 433 1742 498 anobis
1770 434 1903 499 refutati
1931 434 1994 499 sibi
2015 441 2130 502 tamen
2152 432 2208 499 ad·

195 544 275 591 nam
295 542 377 587 vera
397 522 441 586 sit
466 520 618 598 ecelesia,
647 521 724 603 quia
752 519 806 584 hie
834 518 905 584 falli
933 526 1003 584 tam
1031 517 1175 603 proclive
1253 540 1294 585 ue
1333 517 1489 585 ecelesiae
1528 519 1664 584 titulum
1705 539 1861 603 arrogare
1899 520 2066 604 pergunt?
2129 518 2208 587 Dixi

196 630 296 695 quam
321 607 540 692 periculosum
569 616 633 685 est,
662 605 833 670 diiudicari
861 604 1025 671 volumus.
1076 604 1175 670 Certe
1230 610 1305 685 [pag.
1327 608 1400 683 104]
1428 604 1521 669 initio
1551 604 1658 670 nullos
1687 605 1924 688 propemodum
1948 606 2002 671 hic
2028 605 2116 685 falli,
2145 606 2209 673 nisi

196 715 322 761 nevum
349 715 417 758 non
445 699 512 771 est,
540 693 596 774 qui
624 700 793 774 pastorum
822 690 892 757 loco
921 699 1090 774 praesunt,
1119 711 1175 756 eos
1228 691 1284 774 qui
1306 688 1348 755 ad
1373 688 1545 755 Christum
1575 690 1728 757 accedere
1756 691 1906 756 nolentes
1928 691 1990 755 sibi
2013 690 2131 775 procul
2153 690 2208 757 ob-

198 779 349 847 crudeles
360 777 528 844 interdum
549 797 620 842 esse
632 776 739 860 lupos:
764 777 882 859 impios
895 797 966 843 esse
988 783 1022 841 et
1034 775 1175 859 perfidos
1199 832 1203 853 ,
1227 775 1354 840 staeula
1371 784 1552 841 accersunt.
1586 776 1666 841 Fuit
1683 776 1816 859 quidem
1838 785 1978 858 tempus,
2001 798 2107 859 quum
2124 776 2208 841 mul·

197 866 263 931 Dei
285 876 318 930 et
340 864 496 931 ecclesiae
518 862 713 945 proditores,
743 882 882 945 querum
904 864 937 926 in
960 882 1064 927 manu
1087 860 1174 926 ordi·
1227 872 1277 926 tas
1300 861 1362 927 sim
1386 861 1464 927 lices
1487 884 1524 929 ac
1551 863 1622 945 pias
1651 865 1778 927 animas
1800 861 1976 945 impediret
1997 864 2053 929 hic
2072 884 2208 946 serupu-

197 953 292 1017 neris
315 960 365 1016 est
388 958 541 1033 potestas.
585 946 676 1029 Quid
697 960 748 1014 est
769 950 881 1033 igitur,
905 970 964 1013 cur
979 970 1040 1013 nos
1059 948 1174 1013 inanes
1227 947 1296 1011 lus:
1320 882 1384 1012 sed
1400 947 1496 1012 hodie
1516 969 1635 1031 paucos
1653 969 1753 1012 sanae
1772 947 1940 1013 doetrinae
1958 948 2151 1014 scandalum
2168 970 2209 1015 ex

197 1036 310 1103 larvae
333 1042 488 1114 terreant,
512 1035 687 1118 quominus
709 1034 923 1113 excutiamus,
946 1040 985 1098 ut
1005 1031 1108 1111 decet,
1131 1056 1175 1098 en
1229 1032 1362 1098 nomine
1389 1033 1545 1099 ecelesiae
1572 1054 1737 1117 opponere
1759 1032 1847 1113 dico,
1880 1035 1935 1117 qui
1956 1056 2025 1099 non
2046 1033 2209 1101 malitiose

197 1144 277 1190 vere
299 1123 355 1201 sit,
384 1140 468 1204 quae
497 1120 617 1186 dicitur
639 1119 796 1187 ecelesia?
840 1118 966 1185 Paulus
989 1119 1176 1185 columnam

120 1258 124 1265 .
198 1207 349 1275 veritatis
378 1206 549 1273 ecclesiam
577 1228 648 1271 esse
674 1206 870 1289 pronunciat
892 1205 925 1285 (1
946 1205 1029 1269 Tim.
1053 1209 1082 1283 3,
1104 1204 1173 1291 15):

198 1291 363 1361 sedidem
386 1300 420 1358 et
441 1292 529 1358 orbis
548 1292 616 1357 iam
634 1292 786 1357 conversi
807 1289 1032 1369 delectionem,
1051 1300 1084 1355 et
1106 1292 1177 1355 An·

197 1379 340 1446 tichristi
362 1378 400 1443 in
421 1378 529 1443 medio
560 1382 635 1457 [pag.
663 1384 736 1457 103]
759 1377 824 1442 Dei
846 1377 968 1460 temple
980 1376 1006 1460 ¹)
1035 1397 1177 1460 regnum

195 1463 357 1549 praedicit
379 1464 418 1614 32
438 1464 535 1529 Thes.
555 1468 583 1542 2,
609 1464 654 1547 4).
704 1461 794 1529 Satis
820 1474 937 1528 notum
958 1472 1023 1540 est,
1053 1462 1176 1540 eadem,

196 1551 316 1635 quibus
333 1550 377 1614 ho
401 1549 432 1615 ie
449 1570 649 1629 exercemur,
669 1548 849 1614 certamina
862 1548 959 1613 illum
973 1548 1177 1627 sustinuisse,

197 1658 300 1721 quum
321 1633 436 1701 Iudaei
459 1636 612 1701 eeclesiae
638 1635 771 1700 nominc
798 1635 1025 1717 superbientes
1046 1654 1122 1699 eum
1145 1640 1178 1698 et

199 1729 385 1806 apostatam
406 1742 478 1787 esse
499 1721 689 1795 clamarent,
712 1728 747 1786 et
767 1720 983 1787 schismatum
1004 1742 1042 1786 ae
1065 1720 1177 1784 turba·

197 1828 275 1873 rum
297 1808 494 1889 autorem.²)
539 1806 706 1872 Continuo
727 1806 931 1873 successione
958 1804 999 1870 ab
1020 1805 1100 1888 ipsis
1121 1826 1177 1871 us·

198 1916 261 1977 quc
283 1893 438 1977 apostolis
460 1914 496 1959 se
518 1904 607 1957 ortes
628 1914 700 1958 esse
721 1894 858 1959 iactant:
882 1911 1001 1974 nempe
1021 1891 1178 1976 quemad·

197 1979 333 2045 modum
355 1978 489 2044 Valerio
506 1978 698 2045 Publicolae
721 1990 753 2043 et
776 1979 881 2043 Lucio
899 1977 1001 2041 Bruto
1023 1976 1178 2062 Caligula

198 2072 232 2132 et
251 2064 341 2131 Nero
362 2066 635 2144 successeruntl)
680 2064 737 2130 Sic
759 2064 848 2129 enim
866 2062 1020 2146 apostolis
1043 2085 1078 2127 so
1101 2084 1177 2128 een-

198 2152 319 2229 ferunt,
340 2172 378 2215 ac
401 2152 428 2215 si
450 2172 517 2214 nou
535 2150 765 2232 interpositum
786 2156 873 2215 esset
889 2150 1090 2213 immensum
1112 2147 1177 2213 dis-

200 2234 275 2301 sidii
296 2236 410 2314 chaos,
434 2235 520 2318 quod
547 2257 653 2300 nexus
675 2235 821 2319 quosvis,
850 2236 877 2300 si
901 2234 955 2317 qui
978 2242 1098 2312 essent,
1121 2233 1178 2298 ab·

199 2334 376 2404 rumperet.
410 2320 497 2401 Quia
519 2321 611 2387 uobis
634 2320 772 2386 adversa
794 2326 844 2385 est
866 2320 945 2384 cleri
963 2320 1091 2403 papalis
1113 2319 1178 2384 col-

198 2407 315 2485 luvies,
338 2430 405 2471 non
426 2408 537 2472 minus
559 2427 597 2471 eo
615 2428 674 2472 nos
692 2405 889 2489 praeiudicio
903 2407 1036 2489 gravari
1054 2405 1178 2483 volunt,

199 2512 299 2577 quam
327 2494 355 2556 si
384 2513 444 2557 nos
473 2514 516 2557 ex
545 2492 633 2558 coelo
661 2492 770 2576 angeli
798 2489 1001 2556 damnarent.
1052 2490 1180 2556 Eodem

200 2576 325 2645 scilicet
356 2578 446 2642 fastu
479 2577 559 2643 olim
588 2577 761 2643 Christum
794 2576 1012 2661 repudiabant
1045 2576 1179 2656 scribae,

199 2664 277 2748 quia
305 2683 402 2728 nemo
428 2685 471 2728 cx
498 2663 703 2746 principibus
738 2678 795 2728 aut
822 2663 1012 2729 Pharisaeis
1041 2663 1077 2726 in
1104 2684 1180 2727 eum

200 2748 401 2817 credidisset.
447 2749 493 2813 Et
515 2748 589 2815 illos
612 2747 753 2832 quidem,
776 2770 878 2831 quum
901 2769 961 2831 pre
984 2770 1044 2813 sua
1066 2756 1180 2834 tyran-

199 2834 277 2901 nide
299 2835 513 2918 pertinaciter
541 2835 584 2900 ad
613 2841 798 2900 extremum
826 2855 928 2917 usque
957 2842 1083 2900 certare
1104 2855 1180 2918 pro-

198 2921 344 3004 pesitum
367 2922 419 3000 sit,
443 2930 477 2986 et
495 2922 584 2987 veris
602 2921 784 2986 rationibus
803 2922 870 2986 sint
889 2920 1045 3001 destituti,
1064 2922 1181 2986 inanes

199 3028 333 3090 erepere
344 3007 471 3072 sonitus
480 3007 509 3091 ⁴)
531 3008 655 3072 mirum
665 3027 733 3071 non
745 3014 802 3072 est.
837 3004 1038 3084 Sedamnos,
1062 3005 1180 3090 quibus

198 3093 280 3158 falso
298 3100 468 3176 arreptum
487 3093 640 3159 ecelesiae
659 3114 778 3158 nomen
796 3091 950 3159 scandalo
968 3101 1027 3172 cst,
1049 3100 1180 3176 rogatos

199 3179 316 3260 velim,
345 3186 383 3243 ut
412 3200 510 3244 eures
538 3178 714 3263 aliquando
744 3186 778 3243 et
800 3178 909 3243 oeulos
929 3180 1056 3262 aperire
1080 3177 1180 3243 susti·

198 3271 318 3331 noant:
348 3286 390 3329 ne
412 3265 516 3330 fallax
546 3266 690 3348 corporis
713 3264 926 3330 simulacrum
958 3286 1013 3330 eos
1033 3285 1053 3328 a
1074 3265 1180 3347 eapite

200 3350 337 3416 avellat:
373 3372 416 3415 ne
444 3352 603 3416 meretrix
634 3371 774 3434 sponsae
803 3357 923 3415 ornatu
944 3350 1055 3417 fricata
1082 3371 1181 3433 spon·

202 3455 277 3500 sum
304 3435 373 3501 illis
402 3433 574 3502 Christum
603 3437 741 3515 auferat.
786 3434 879 3518 Quas
905 3436 1007 3514 enim,
1036 3437 1180 3516 ebsecro,

201 3528 296 3585 notas
325 3519 449 3585 hebent
477 3522 564 3587 unde
592 3523 628 3586 in
654 3531 725 3587 tota
747 3521 945 3590 Antichristi
971 3522 1100 3587 romani
1127 3542 1181 3586 co·

201 3605 297 3671 horte
318 3620 495 3689 agnoscant
517 3607 644 3673 Christi
661 3607 852 3673 ecelesiam?
895 3608 968 3673 Nisi
996 3609 1080 3672 forte
1102 3607 1182 3672 dum

200 3711 322 3840 papam
345 3690 488 3755 albatum
511 3706 544 3757 et
564 3694 742 3776 proiectam
771 3693 812 3757 ad
835 3693 906 3759 eius
927 3693 1028 3776 podes
1051 3715 1182 3760 crucem

201 3777 331 3856 vient,
367 3777 549 3844 cardinales
585 3799 783 3861 purpureos,
818 3780 985 3863 episcopos
1018 3781 1118 3845 mitra
1150 3790 1182 3843 et

200 3862 284 3928 lituo
305 3863 513 3945 conspicuos,
541 3874 574 3928 et
596 3864 757 3947 reliquam
779 3865 941 3930 minorem
962 3866 1093 3931 turbam
1114 3865 1181 3930 suis

201 3969 330 4032 quoque
357 3948 544 4034 insignibus
573 3949 778 4030 distinctam,
806 3951 859 4015 his
885 3952 1076 4035 pignoribus
1105 3971 1181 4016 eon-

201 4036 295 4113 tenti,
319 4056 385 4099 nen
409 4035 507 4100 aliem
530 4034 719 4101 desiderant
741 4036 927 4114 ecclesiam,
955 4037 1018 4100 nisi
1041 4036 1181 4119 quaein

200 4119 337 4186 ludicris
365 4123 492 4205 pompis
506 4124 536 4204 ὁ)
569 4129 713 4207 apparet
771 4121 862 4204 Quid
889 4122 977 4187 enim
1009 4120 1099 4187 aliud
1123 4142 1180 4186 ne·

202 4294 242 4301 -n
255 4296 407 4304 ....—.——-

273 4393 302 4457 1)
322 4395 395 4450 nde.
413 4413 469 4450 non
486 4412 537 4477 pas
556 4412 589 4450 en
608 4412 644 4450 un
663 4394 762 4450 desert.

271 4461 301 4528 2)
322 4463 395 4519 aad.
420 4465 497 4519 Ainsr
520 4481 554 4519 on
577 4480 611 4518 ne
637 4479 706 4517 nous
724 4471 790 4531 peut
813 4464 871 4516 rien
890 4463 1038 4532 reproeher
1056 4478 1089 4516 en
1108 4480 1180 4531 quoy

204 4532 292 4585 sainct
310 4531 376 4586 Paul
393 4549 427 4587 ne
446 4534 501 4586 soit
518 4533 551 4586 de
569 4539 661 4586 nostre
680 4548 754 4599 reug.

272 4597 303 4661 3)
322 4601 396 4655 voire
420 4617 522 4655 comme
548 4602 588 4654 les
612 4602 684 4668 pires
709 4610 801 4669 tyrans
826 4607 854 4653 et
878 4600 918 4653 les
943 4600 1005 4668 plus
1029 4600 1117 4654 crusls
1135 4602 1180 4668 qui

204 4669 296 4722 furem
318 4668 411 4722 iamais
436 4679 484 4721 ont
506 4667 620 4724 succede
644 4686 697 4723 aux
721 4684 905 4736 gouverneurs
929 4669 978 4722 des
995 4667 1034 4722 Re
1056 4668 1179 4737 ubliqucs

204 4737 251 4831 qui
267 4736 376 4790 avaient
397 4737 533 4791 maintenu
556 4737 583 4790 la
601 4738 705 4791 liberte.
740 4736 880 4791 N’ont-ils
898 4738 976 4805 point
992 4736 1026 4791 ds
1064 4744 1127 4791 onte
1146 4736 1179 4791 de

204 4818 403 4871 saeeomparer
427 4820 480 4857 aux
498 4804 630 4872 Apostres
655 4822 756 4859 comme
776 4803 831 4859 s’ils
850 4812 967 4874 aveyent
984 4806 1041 4859 rien
1060 4805 1093 4859 de
1112 4821 1180 4860 sem-

203 4872 295 4928 blable
314 4887 381 4926 avec
398 4875 469 4926 eux?

274 4938 303 5004 4)
323 4941 397 4994 leurs
453 4957 484 4995 os
506 4948 577 4996 mets
601 4941 718 5010 d’Eglise
741 4952 768 4996 st
792 4942 824 4996 de
848 4944 921 5011 siege
948 4940 1128 5009 Apostolique
1152 4952 1181 4997 et

205 5010 254 5064 des
272 5009 355 5063 Peras
374 5015 402 5062 et
438 5025 452 5062 e
471 5009 571 5064 l’union
590 5011 750 5079 catheliquc.

275 5074 306 5143 5)
324 5077 362 5133 tel
382 5078 512 5147 badinage
530 5079 575 5146 qui
594 5079 694 5134 semble
713 5086 785 5133 estre
803 5080 852 5134 leit
862 5097 932 5148 pour
943 5082 1019 5135 iouer
1030 5096 1083 5134 une
1096 5078 1179 5135 laroc.

1228 1128 1262 1184 et
1290 1118 1430 1202 superbe
1460 1118 1593 1184 Christo
1621 1119 1790 1184 insultent.
1835 1119 1995 1185 Eiusdem
2023 1120 2209 1203 proterviae

1229 1212 1288 1284 est,
1311 1202 1397 1287 quod
1414 1205 1573 1270 miracula
1594 1206 1755 1288 flagitant,
1778 1206 1895 1287 quibus
1908 1206 2127 1289 obstupefacti
2137 1204 2208 1271 Deo

1230 1288 1364 1355 tandem
1396 1310 1455 1371 per
1487 1312 1547 1355 nos
1584 1290 1731 1373 loquenti
1764 1291 1879 1357 cedere
1912 1294 2083 1376 cogantur.
2138 1292 2209 1377 Ego

1230 1396 1324 1453 vero,
1352 1396 1456 1457 quum
1484 1375 1632 1441 doctrina
1659 1385 1775 1442 nostra
1800 1376 2006 1442 luculentum
2033 1376 2099 1443 sibi
2119 1377 2208 1443 testi·

1230 1462 1378 1525 monium
1389 1459 1513 1541 reddat,
1533 1462 1700 1529 miraculis
1712 1462 1874 1541 omnibus,
1893 1484 1977 1546 quae
1988 1462 2121 1529 aborbe
2134 1483 2207 1528 eon·

1230 1546 1299 1613 dito
1328 1548 1541 1626 exstiterunt,
1572 1569 1607 1613 se
1633 1548 1733 1613 fuisse
1762 1550 2024 1631 comprobatam,
2053 1549 2135 1615 istos
2155 1548 2208 1633 qui

1229 1641 1382 1698 veterum
1414 1633 1649 1700 miraculorum
1681 1633 1775 1699 obliti
1802 1635 1895 1699 novis
1921 1634 2071 1715 inhiant,
2108 1654 2209 1719 quum

1229 1719 1276 1782 ita
1297 1726 1451 1801 stupeant
1470 1720 1505 1783 in
1528 1728 1643 1802 aperta
1664 1719 1730 1784 Dei
1757 1721 1889 1798 virtute,
1913 1728 1947 1786 et
1968 1720 2004 1785 in
2026 1719 2118 1787 clara
2138 1720 2209 1785 luce

1230 1805 1423 1882 caecutiant,
1447 1826 1516 1869 non
1538 1806 1667 1870 minora
1690 1826 1761 1871 esse
1782 1816 1935 1888 portenta
1956 1806 2038 1886 dico,
2062 1806 2208 1889 quamsi

1230 1890 1398 1955 hominem
1420 1891 1456 1954 iu
1478 1889 1638 1973 pecudem
1658 1913 1792 1957 versum
1814 1912 2032 1957 cerneremus.

1317 1974 1483 2057 Quoniam
1505 1979 1607 2041 saeris
1628 1978 1746 2060 opibus
1765 1977 1860 2041 ditati
1878 1986 1956 2042 sunt
1970 1978 2132 2057 nonnulli,
2156 1977 2208 2043 alii

1229 2062 1349 2125 famem
1362 2082 1456 2127 suam
1466 2070 1632 2144 uteunque
1649 2062 1691 2127 ad
1709 2072 1838 2145 tempus
1851 2064 2017 2142 sedarunt,
2040 2085 2102 2130 nos
2119 2085 2209 2147 prse-

1230 2145 1330 2211 dandi
1349 2168 1404 2212 ma
1428 2148 1455 2213 's
1473 2148 1634 2231 cupidine,
1658 2170 1757 2231 quam
1775 2150 1828 2231 pio
1846 2149 1912 2214 Dei
1933 2149 2001 2214 zelo
2020 2148 2063 2214 ad
2083 2171 2138 2215 res
2154 2170 2209 2214 no-

1231 2233 1355 2297 vandas
1375 2254 1394 2297 a
1418 2232 1533 2299 ductos
1548 2256 1620 2298 esse
1637 2236 1762 2300 iactant
1775 2236 1939 2319 evangelii
1957 2235 2084 2301 hostes:
2107 2235 2209 2315 multi,

1230 2318 1287 2400 qui
1299 2330 1507 2402 praetextum
1521 2328 1654 2402 captent
1666 2320 1847 2404 repellendi
1860 2321 2033 2404 evangelii,
2044 2320 2210 2387 maledicis

1230 2404 1304 2469 istis
1327 2405 1458 2470 vocibus
1481 2407 1716 2470 assentiuntur.
1751 2408 1825 2491 Ege
1847 2428 1936 2485 vero,
1956 2408 1984 2471 si
2007 2408 2062 2490 qui
2083 2408 2210 2493 replen-

1233 2489 1283 2555 dis
1322 2492 1390 2556 suis
1428 2493 1593 2557 crumenis
1627 2492 1782 2557 ecclesiae
1822 2494 1908 2558 bona
1940 2493 2092 2577 praedati
2125 2500 2208 2574 sunt,

1232 2596 1438 2642 nonexcuso.
1472 2578 1519 2642 Ilt
1539 2577 1616 2642 libri
1628 2579 1741 2657 nostri,
1764 2588 1967 2662 quantopere
1977 2578 2209 2645 abhorreamus

1233 2662 1274 2727 ab
1293 2662 1450 2727 eiusmodi
1473 2663 1662 2747 sacrilegiis,
1686 2664 1801 2729 diserti
1823 2676 1902 2729 sunt
1919 2672 2028 2731 testes.
2075 2664 2209 2744 Verum,

1231 2754 1270 2812 ut
1290 2749 1394 2830 partis
1418 2756 1549 2814 nostrae
1572 2749 1707 2828 delictis,
1731 2752 1757 2814 si
1780 2772 1845 2833 qua
1870 2759 1962 2829 sunt,
1991 2750 2210 2834 patrocinium

1234 2854 1345 2899 meum
1368 2834 1611 2900 accommodare
1635 2837 1764 2901 animus
1793 2858 1860 2901 non
1882 2845 1946 2902 est:
1980 2838 2027 2901 ita
2048 2836 2209 2903 calumnis

1233 2940 1300 2984 nen
1323 2928 1374 2984 est
1394 2920 1537 2999 ferenda,
1560 2920 1645 3003 quod
1668 2922 1703 2985 in
1724 2922 1881 3006 praedam
1901 2924 2039 2989 cessisse
2057 2920 2209 2988 malevoli

1232 3005 1381 3071 homines
1392 3006 1617 3086 criminantur,
1637 3007 1794 3091 quidquid
1812 3007 1914 3074 foedis
1931 3008 1998 3074 illis
2016 3008 2209 3093 gurgitibus,

1232 3090 1294 3155 hoe
1322 3099 1371 3157 est
1398 3093 1552 3158 ermrifieis
1574 3092 1659 3157 Baal
1687 3100 1720 3157 ct
1741 3094 1912 3160 monachis
1941 3094 2136 3178 ademptum
2157 3101 2210 3160 est

1233 3176 1340 3256 Certe,
1364 3198 1406 3242 ex
1428 3176 1547 3261 quibus
1569 3178 1650 3245 loeis
1672 3180 1848 3263 profligata
1866 3188 1917 3245 est
1933 3186 2076 3264 papatus
2099 3182 2210 3265 impie-

1233 3270 1299 3343 tas,
1323 3263 1391 3328 illic
1413 3264 1532 3329 saltem
1554 3285 1631 3347 pers
1653 3286 1767 3330 eorum
1789 3265 1971 3345 redituum,
2002 3287 2087 3350 quos
2109 3272 2210 3333 scorta

1234 3356 1267 3413 et
1288 3349 1421 3416 lenones
1444 3372 1519 3416 cum
1541 3351 1764 3416 sacerdotibus
1777 3351 1802 3434 ¹)
1830 3353 2006 3427 vorabant,
2035 3353 2073 3417 iu
2094 3372 2160 3436 pau

1234 3455 1288 3500 res
1310 3444 1477 3519 erogatur:
1508 3436 1675 3519 aliquante
1696 3436 1770 3520 plus
1792 3438 1994 3521 impenditur
2016 3438 2053 3503 in
2076 3439 2157 3505 sobo
2202 3487 2209 3515 ,

1234 3540 1331 3605 quam
1353 3523 1425 3585 fieri
1447 3522 1587 3587 solebat:
1611 3523 1747 3587 aluntur
1768 3524 1838 3588 veri
1861 3532 2018 3606 pastores,
2048 3526 2106 3608 qui
2128 3524 2210 3590 saln-

1234 3608 1277 3673 tis
1299 3607 1483 3673 doctrinam
1500 3608 1620 3692 populo
1638 3609 1882 3692 ministrant;²)
1907 3616 1981 3690 [pag.
2004 3616 2080 3690 105]
2104 3632 2210 3694 sump-

1234 3706 1287 3758 tus
1309 3715 1437 3776 quoque
1459 3692 1501 3758 ad
1523 3693 1684 3759 tuendum
1706 3695 1860 3761 ecelesiae
1883 3702 2008 3762 statum
2029 3717 2097 3761 non
2120 3695 2211 3780 pauci

1234 3779 1327 3842 firrnt.
1374 3777 1536 3860 Quarnvis
1565 3780 1646 3846 haee
1669 3802 1729 3846 nos
1751 3781 1896 3847 defensio
1919 3803 2030 3847 coram
2053 3783 2128 3848 Deo
2150 3804 2211 3848 non

1234 3864 1384 3929 absolvat
1402 3865 1502 3948 (quod
1524 3866 1625 3931 libere
1647 3867 1779 3950 quidem
1801 3867 1974 3952 confiteor)
1997 3868 2077 3932 mali
2125 3891 2144 3934 e
2166 3878 2211 3934 ta·

1233 3970 1310 4014 men
1330 3949 1524 4015 scandalum
1541 3952 1619 4016 inde
1637 3955 1768 4037 congeri
1783 3952 1942 4019 adversus
1954 3975 2084 4039 evange
2100 3955 2124 4018 ‘i
2142 3954 2211 4021 doc·

1233 4036 1357 4100 trinam
1379 4036 1571 4102 ostenditur.
1617 4039 1663 4102 At
1685 4038 1795 4121 palam
1824 4040 1896 4103 fieri
1925 4038 2124 4119 ostendunt,
2152 4059 2211 4125 quo

1233 4121 1342 4186 studio
1365 4122 1499 4205 impulsi
1517 4143 1649 4189 causam
1668 4124 1754 4190 hane
1772 4124 1919 4208 aggressi
1937 4145 2068 4191 sumus:
2081 4126 2110 4209 ⁸)
2129 4123 2211 4211 quod

1233 4228 1347 4272 omnes
1369 4209 1438 4273 fere
1462 4210 1497 4272 in
1518 4210 1655 4290 privatis
1676 4210 1777 4274 rebus
1804 4207 1959 4275 curandis
1982 4212 2151 4294 occupati,
2180 4213 2211 4276 in

1233 4293 1383 4376 urgenda
1410 4294 1596 4377 disciplina,
1630 4295 1832 4379 corrigendis
1859 4296 1963 4371 vitiis,
1999 4288 2152 4382 augendo
2184 4308 2212 4361 et

1232 4378 1355 4443 tuendo
1366 4378 1491 4444 Christi
1513 4401 1615 4463 regno
1638 4387 1780 4463 torpent.
1814 4379 1884 4446 Cur
1906 4402 1984 4465 ergo
2007 4403 2078 4447 non
2100 4383 2210 4448 ardore

1232 4464 1341 4546 potius
1364 4486 1423 4529 suo
1446 4486 1505 4529 nos
1527 4465 1736 4545 calefaciunt,
1764 4487 1863 4549 quam
1890 4467 1955 4549 ipsi
1976 4469 2210 4552 congelascunt

1233 4549 1275 4614 ad
1297 4560 1447 4616 nostrum
1475 4551 1602 4634 frigus?
1648 4553 1822 4637 Legantur
1849 4550 1890 4617 de
1918 4552 2035 4636 templi
2063 4554 2209 4638 neglectu

1303 4807 1333 4869 1)
1352 4822 1419 4861 avec
1438 4815 1514 4888 ceste
1529 4809 1647 4862 vermina
1666 4808 1698 4863 de
1718 4809 1880 4890 prestraille.
2036 4880 2041 4890 Ι

1302 4874 1333 4939 2)
1353 4875 1426 4929 Add.
1445 4892 1480 4956 eu
1497 4877 1552 4998 hepi
1570 4894 1622 4946 que
1642 4878 1820 5000 lesnemrefingrrs
1830 4877 1946 5001 {siffis
1965 4877 1998 4931 de
2008 4878 2079 4934 Dreu
2097 4881 2206 4934 estoient

1232 4960 1268 5137 ἲ
1286 4952 1420 5136 fatti
1437 4951 1529 5068 titt
1552 4961 1881 5070 &illidimus
1904 4987 1997 5070 reta
2018 5015 2053 5071 a
2070 5017 2097 5071 12
2114 5016 2202 5071 cnt-

1254 5098 1288 5136 en
1308 5122 1325 5136 ..
