4620 5894
143 238 207 301 603
941 230 1069 297 Vuae
1092 232 1354 301 enchaenea
2087 237 2152 301 604

142 422 269 489 aionem
291 418 487 486 obtinendae
507 419 624 485 veniae
646 419 866 486 necessariam
887 441 960 486 esse
980 423 1120 504 fingunt
1173 422 1261 489 viam
1282 422 1479 506 excogitant.
1524 421 1651 487 Dicunt
1672 422 1769 501 enim,
1792 442 1898 505 neque
1916 421 2016 488 nimis
2033 422 2151 491 laxanz

142 507 208 575 Oui
224 514 337 573 autem
359 505 508 571 confiteri
529 524 590 570 nos
612 503 749 569 iubent?
783 505 860 569 Non
882 506 969 571 Deo:
994 505 1121 571 866186-
1173 505 1251 571 dam
1268 508 1513 585 confessionem,
1535 528 1642 589 neque
1660 528 1775 573 rursus
1795 508 1894 573 nimis
1912 507 2151 592 stringendum.

142 592 338 674 cerdatibus.
370 591 490 657 Nonne
507 590 683 674 plusquam
703 590 912 673 impudenter
933 591 1123 657 obtenditur
1173 590 1315 659 Videtur
1327 599 1416 659 certe
1429 592 1756 677 aliquidprofectum,
1779 615 1880 677 quum
1891 615 1933 659 ex
1944 593 2002 659 illa
2014 595 2152 679 666161)

142 699 264 746 nomen
282 678 448 763 gratuitae
464 676 716 755 iustificationis,
739 698 840 759 quum
859 677 1122 743 haeeconscien·
1174 678 1423 745 enumeratione
1456 677 1580 762 aliquid
1613 680 1802 744 remittitur.
1858 680 1976 764 Nugae
2009 679 2152 746 scilicet:

144 766 201 831 tiis
221 764 403 848 imponitur
422 761 621 827 necessitas?
656 761 705 828 Ut
726 762 848 828 liberae
869 763 938 827 sint
954 763 1121 828 conscien·
1173 783 1251 829 nam
1273 765 1301 828 si
1323 765 1501 830 statuimus
1522 784 1592 828 non
1614 765 1740 829 absolvi
1761 785 1872 830 eoram
1894 766 1980 841 Deo,
2011 767 2076 831 nisi
2095 767 2154 849 qui

143 851 210 916 tiae
222 856 343 914 amatu
359 856 511 912 aeternae
525 848 650 927 mortis,
669 848 776 930 ipsam
794 869 921 931 quoque
932 847 997 912 Dei
1014 848 1122 932 legem
1175 848 1335 915 sacerdoti
1358 870 1419 916 866
1439 857 1574 934 peecata
1595 851 1734 915 confessi
1756 852 1888 929 fuerint,
1910 852 1961 916 oui
1984 849 2063 916 inde
2081 855 2152 935 api·

145 937 225 1003 abro
268 936 468 1018 ricpertet,
503 954 546 997 nc
574 930 806 999 maledictione
839 954 895 999 eas
927 934 1120 1018 obstringat
1173 934 1285 1001 culum
1311 935 1486 1001 detrahere
1512 936 1563 999 fas
1590 934 1673 999 erit?
1718 936 1838 1001 Nonne
1863 956 1994 1020 semper
2020 935 2151 1019 pericli·
2187 1008 2197 1019 ,

146 1020 214 1104 Qui
264 1041 366 1096 nunc,
393 1020 420 1084 si
449 1039 607 1083 novarum
636 1019 748 1101 legum
777 1019 903 1101 laqueis
930 1018 1121 1098 induuntur,
1173 1020 1326 1100 tabimur,
1348 1042 1401 1100 ne,
1424 1019 1553 1105 siquid
1575 1021 1710 1087 anobis
1732 1023 2003 1104 praetermissum
2025 1030 2091 1101 est,
2114 1023 2153 1088 in

145 1128 228 1192 quae
248 1106 367 1172 fortius
388 1127 444 1170 eas
472 1103 701 1189 adstringant?
746 1104 920 1188 Scriptura
945 1105 1122 1170 66816811-
1172 1104 1331 1173 iudicium
1353 1109 1446 1172 Deus
1468 1106 1621 1172 revocet?
1654 1106 1747 1172 Haeo
1770 1107 1904 1172 demum
1921 1128 1987 1191 pax
2006 1114 2057 1171 eet
2074 1128 2153 1173 con·

145 1194 237 1261 ficari
258 1199 408 1267 testatur,
431 1211 498 1255 non
516 1190 592 1273 quia
614 1190 808 1272 impleamus
829 1190 946 1275 legem,
970 1190 1028 1256 sed
1046 1191 1122 1273 quia
1174 1193 1346 1271 scientiae,
1374 1194 1445 1258 sine
1472 1213 1538 1275 qua
1565 1191 1658 1256 nulla
1684 1202 1735 1257 ost
1757 1193 1861 1271 salus,
1891 1214 1993 1275 quum
2015 1192 2153 1259 indubia

144 1277 376 1346 recumbamus
397 1278 432 1341 in
445 1275 573 1343 Ohristi
586 1276 792 1353 sacrificium,
816 1297 879 1359 quo
892 1277 1026 1360 expiata
1044 1283 1122 1341 sunt
1174 1283 1225 1343 est
1246 1278 1462 1344 absolutionis
1483 1278 1574 1344 fides.
1620 1277 1658 1343 Si
1680 1280 1829 1344 confiteri
1850 1279 1942 1362 prius
1963 1281 2153 1363 quempiam

143 1371 286 1450 peccata.
330 1363 407 1429 Non
429 1382 508 1446 ergo
529 1362 613 1445 legis
635 1362 835 1441 observatio,
859 1362 917 1427 sed
938 1370 1123 1446 transgres-
1174 1384 1307 1429 neeesse
1324 1371 1383 1441 est,
1406 1385 1505 1447 quam
1522 1363 1720 1443 absolvatur,
1743 1385 1912 1447 quousque
1930 1371 2049 1448 urgeat
2071 1365 2153 1430 haec

145 1452 276 1518 sionunr
305 1450 404 1515 venia
431 1469 492 1514 nos
520 1447 686 1512 iustificat.
729 1452 805 1526 [pag.
824 1453 878 1527 93]
904 1447 1002 1514 Nunc
1020 1468 1122 1530 quum
1174 1450 1362 1528 necessitas,
1385 1471 1451 1514 non
1473 1450 1579 1515 estin
1602 1448 2064 1515 hominisarbitriodelinirc.
2098 1449 2154 1515 Ita

143 1537 217 1620 ipsa
237 1544 444 1619 peccatorum
473 1534 621 1599 remissio
650 1554 735 1616 quae
762 1533 943 1600 avinculis
970 1533 1122 1599 omnibus
1174 1534 1259 1598 nihil
1290 1544 1424 1617 praeter
1458 1534 1624 1601 assiduam
1663 1534 1926 1618 inquietudinem
1961 1535 2154 1619 lentumque

144 1643 206 1689 nos
223 1621 331 1699 solvit,
353 1618 532 1687 conditioni
552 1619 710 1704 illigatur,
733 1639 842 1684 nonne
864 1627 934 1684 tota
955 1620 1122 1686 conscien·
1175 1628 1377 1686 tormentum
1399 1628 1432 1686 et
1453 1621 1628 1704 perplexas
1650 1622 1805 1706 ambages
1828 1621 2044 1703 relinquitur,
2067 1641 2153 1703 quae

145 1709 200 1774 tiis
222 1708 389 1773 excutitur
410 1705 525 1771 salutis
547 1703 732 1770 certitudo?
768 1705 983 1771 Peccatorum
1006 1705 1121 1770 remis·
1174 1706 1319 1770 animam
1341 1707 1569 1772 nihilominus
1590 1708 1772 1784 conficient,
1795 1727 1893 1789 qnam
1917 1707 1946 1772 si
1968 1712 2081 1789 aperte
2101 1706 2154 1770 iu·

145 1795 271 1860 sionem
287 1792 379 1858 nobis
400 1791 610 1874 promittunt:
635 1791 693 1856 sod
716 1792 777 1856 hac
799 1790 882 1874 loge,
905 1792 933 1857 si
954 1792 988 1855 in
1007 1812 1121 1856 aurem
1174 1791 1355 1874 gularetur.
1400 1792 1560 1858 Contenti
1583 1799 1663 1856 sunt
1683 1792 1890 1870 mediatores,
1913 1793 1942 1857 si
1959 1811 2157 1857 recensean-

145 1878 323 1946 sacerdotis
354 1878 492 1944 confessi
525 1878 691 1941 brerimus.
745 1874 835 1957 Quid
872 1876 949 1952 hoc,
991 1897 1121 1960 quaeso,
1174 1883 1230 1941 tur
1251 1884 1392 1961 peccata,
1414 1899 1497 1961 quae
1519 1877 1696 1961 diligenter
1717 1899 1754 1944 co
1781 1879 1884 1953 tanti,
1908 1884 1942 1940 et
1963 1897 2035 1942 sese
2056 1896 2157 1941 excu-

145 1965 235 2031 nliud
257 1972 316 2044 est,
339 1983 437 2047 quam
455 1963 617 2028 humanae
639 1962 704 2047 legi
727 1962 886 2028 subiicere
897 1963 1027 2028 divinae
1039 1963 1123 2047 legis
1174 1963 1270 2026 tienti
1304 1965 1339 2027 in
1371 1972 1516 2029 mentem
1553 1965 1701 2029 veniunt.
1754 1899 1843 2043 {laid
1876 1964 1938 2027 hoc
1971 1972 2022 2027 est
2055 1961 2156 2038 aliud,

145 2050 393 2126 absolutionem,
414 2058 449 2114 et
470 2049 548 2131 ipsi,
571 2061 609 2114 ut
630 2050 677 2113 ita
698 2049 826 2132 loquar,
855 2048 1123 2115 manumissionis
1175 2068 1276 2131 quam
1297 2069 1465 2114 venenum
1488 2058 1583 2134 gutta
1596 2049 1704 2114 mellis
1716 2049 1855 2127 illinere,
1879 2057 1916 2112 ut
1936 2049 2043 2131 primo
2055 2053 2158 2131 gustu

145 2135 312 2202 vindictae
333 2136 525 2200 servitutem
547 2134 737 2218 imponere?
782 2133 840 2200 Sic
861 2136 949 2200 enim
973 2141 1124 2200 statuunt
1175 2135 1286 2199 minus
1314 2135 1496 2200 sentiatur?
1541 2135 1628 2199 Nam
1657 2135 1685 2199 si
1722 2133 1800 2217 quid
1828 2135 1934 2199 iustae
1968 2132 2159 2217 diligentiae

146 2220 304 2287 eiusmodi
326 2220 540 2305 legislatores,
564 2241 606 2284 ne
627 2228 835 2302 peccatorum
856 2221 1015 2299 remissio,
1038 2240 1124 2304 quae
1175 2219 1229 2283 vel
1250 2220 1429 2284 minimum
1449 2220 1599 2298 defuerit,
1621 2219 1675 2286 hio
1697 2219 1846 2285 haerebit
1863 2222 2067 2301 peccator:²)
2089 2220 2158 2283 imo

147 2329 207 2373 nos
230 2305 356 2385 liberat,
378 2307 451 2388 ipsa
472 2307 516 2371 sit
536 2307 648 2370 libera.
1175 2305 1428 2370 labefactabitur
1457 2311 1532 2385 [pag.
1559 2311 1614 2385 95]
1643 2312 1712 2372 tota
1738 2305 1927 2387 promissio:
1959 2313 1993 2368 et
2021 2303 2157 2368 tandem

232 2393 411 2458 Praeterea
439 2399 582 2457 atrocem
608 2393 681 2456 Deo
710 2390 865 2456 iniuriam
892 2392 1032 2468 faciunt,
1067 2390 1125 2474 qui
1176 2391 1358 2476 abyssusa
1403 2413 1494 2457 esum
1515 2392 1635 2457 trahet.
1681 2389 1719 2457 Si
1742 2390 1823 2456 haec
1840 2399 1891 2456 est
1912 2389 2029 2456 salutis
2050 2390 2157 2455 soien-

147 2487 278 2543 tantum
301 2485 456 2562 arrogent
476 2475 675 2553 hominibus,
699 2486 737 2541 ut
753 2479 900 2560 ipsorum
918 2477 1053 2543 arbitrio
1072 2497 1124 2542 re·
1176 2478 1231 2556 tia,
1252 2415 1432 2560 tranquillo
1454 2477 1565 2543 anime
1587 2478 1623 2541 in
1643 2484 1849 2560 peccatorum
1876 2477 2005 2541 veniam
2027 2495 2158 2541 recum·

145 2566 323 2630 mittantur
344 2570 487 2646 peccata.
531 2563 735 2627 Praesertim
764 2583 864 2644 quum
891 2563 953 2629 hoc
981 2563 1040 2627 uni
1062 2563 1123 2627 sibi
1175 2564 1268 2629 bere:
1299 2564 1445 2647 quisquis
1467 2563 1557 2629 hunc
1577 2563 1732 2646 laqueum
1757 2570 1872 2646 sponte
1894 2560 2025 2640 induet,
2047 2562 2157 2627 sciens

147 2660 216 2715 tam
244 2670 358 2715 severe
391 2648 535 2716 vindicet
567 2648 654 2732 apud
687 2649 891 2733 prophetam.
935 2650 1008 2733 Ego
1040 2669 1124 2727 sum,
1177 2670 1215 2714 ac
1237 2649 1351 2713 volens
1373 2650 1513 2715 salutem
1536 2670 1631 2714 suam
1653 2649 1792 2731 proiicit.

146 2756 207 2820 ego
236 2756 326 2813 sum,
360 2735 485 2817 inquit,
518 2736 573 2817 qui
601 2733 694 2799 deleo
725 2734 916 2818 iniquitates
942 2743 1016 2799 tuas
1044 2734 1123 2817 (Ies.
1264 2733 1361 2815 Quod
1383 2743 1494 2800 autem
1516 2735 1593 2801 huic
1615 2735 1735 2817 impiae
1756 2732 1928 2818 tyrannidi
1948 2730 2158 2816 praetexitur

146 2827 198 2900 43,
225 2821 292 2905 25).
336 2819 426 2902 Quid
454 2819 587 2885 autem?
617 2842 660 2885 an
689 2821 781 2885 Deus
810 2821 896 2903 ipse,
936 2840 1037 2902 quum
1069 2819 1126 2884 be·
1177 2819 1305 2885 Christi
1328 2822 1502 2901 autoritas,
1529 2842 1598 2885 non
1618 2822 1745 2885 minore
1773 2821 1812 2884 fit
1832 2816 2037 2901 impudentia
2057 2836 2159 2900 quam

146 2908 301 2973 neficium
331 2905 420 2972 istud
450 2905 545 2972 nobis
573 2907 683 2984 offert,
719 2906 895 2973 confitendi
927 2907 1036 2991 legem
1062 2906 1125 2969 im·
1176 2905 1312 2971 mulitia.
1347 2903 2159 2989 116161668661661616116616668616316666161

146 2992 262 3077 ponit?
307 2993 362 3058 An
384 2991 540 3058 Ohristus
565 2993 636 3075 ipse
663 2991 756 3059 cuius
784 2993 928 3058 maxime
955 2993 1125 3077 proprium
1176 3011 1321 3058 crassam
1343 2993 1508 3059 inscitiam
1529 2999 1660 3076 poterat
1679 2992 1813 3076 ignosci,
1836 3012 1938 3074 quum
1958 2991 2159 3072 scripturam

146 3085 199 3145 est
237 3079 299 3145 hoo
338 3078 481 3145 officium
516 3085 551 3144 et
590 3078 800 3158 mandatum,
837 3079 906 3145 tale
945 3077 1126 3162 quidquam
1176 3098 1351 3162 perperam
1378 3086 1633 3162 corrumperent.
1679 3079 1776 3144 Nunc
1803 3080 1838 3142 in
1865 3083 1959 3141 tanta
1990 3076 2064 3141 luce
2091 3095 2160 3140 non

166 3164 339 3231 mascribit
383 3170 518 3248 peccata
568 3164 788 3230 remittendo?
849 3164 1021 3248 Nusquam
1063 3163 1125 3229 hoc
1177 3163 1292 3230 eadem
1314 3165 1424 3230 valere
1447 3163 1543 3230 debet
1559 3165 1737 3230 excusatio.
1782 3161 1977 3230 Obtendunt
1997 3160 2159 3227 mediato·

144 3187 277 3337 legitur.
331 3250 431 3317 Nunc
475 3270 576 3334 quum
621 3252 801 3336 insurgunt
845 3250 1009 3330 homines,
1054 3269 1125 3315 ma·
1177 3270 1245 3329 res,
1280 3250 1405 3335 ligandi
1434 3259 1467 3315 et
1500 3249 1650 3316 solvendi
1679 3255 1876 3333 potestatem
1904 3248 2059 3331 apostolis
2086 3265 2159 3312 esse

145 3358 292 3420 numque
323 3337 477 3402 iniiciunt
509 3335 644 3402 Ohristo
679 3337 721 3402 ad
758 3335 1021 3422 restringendam
1055 3337 1125 3402 eius
1177 3335 1298 3401 datam.
1344 3335 1483 3401 Addunt
1515 3344 1643 3420 postea,
1677 3336 1822 3401 exerceri
1849 3354 1918 3399 non
1945 3354 2055 3418 posse,
2093 3331 2159 3397 nisi

146 3423 301 3506 gratiam,
353 3442 464 3487 nenne
507 3422 583 3505 plus
634 3443 733 3505 quam
783 3423 942 3509 sacrilega
991 3423 1126 3489 audacia
1177 3422 1341 3506 intelligat
1375 3423 1431 3505 qni
1464 3443 1503 3487 ea
1530 3423 1697 3506 fungitur,
1732 3422 1918 3486 retinerene
1950 3441 1994 3484 an
2029 3418 2159 3483 solvere

147 3506 221 3573 est?
265 3507 408 3583 111668,
432 3508 460 3572 81
483 3516 613 3572 tantum
637 3509 717 3573 iuris
738 3509 961 3591 permittimus
983 3508 1125 3573 homini·
1179 3508 1305 3574 debeat.
1350 3508 1435 3573 Inde
1457 3509 1738 3574 enumerationem
1760 3508 1946 3573 conficiunt.
1981 3504 2072 3586 Quid
2089 3514 2159 3569 tam

147 3593 223 3670 bus,
252 3598 290 3656 ut
312 3592 572 3658 reconciliandae
601 3595 688 3658 inter
715 3615 775 3660 nos
804 3604 837 3659 et
864 3595 975 3659 Deum
1001 3596 1126 3679 gratiae
1178 3596 1304 3679 puerile
1326 3594 1500 3672 obiectum,
1522 3596 1620 3659 toties
1642 3616 1663 3659 a
1684 3593 1777 3658 nobis
1793 3594 1982 3671 refirtatum,
2006 3612 2098 3658 nuno
2117 3587 2160 3654 de

147 3679 210 3761 ipsi
233 3679 302 3743 sint
322 3675 437 3741 arbitri
464 3677 506 3742 ad
532 3678 622 3762 leges
652 3678 838 3757 dictandas,
867 3700 978 3744 nonne
1000 3680 1127 3745 christi
1179 3682 1308 3765 integro
1343 3680 1530 3745 excutiam?
1582 3679 1694 3760 Quum
1727 3680 1935 3743 instruuntur
1968 3677 2094 3762 ligandi
2126 3682 2160 3740 et

148 3762 343 3829 beneficium
382 3763 440 3827 tali
485 3764 723 3847 ingratitudine
765 3763 998 3848 repudiamus?
1054 3766 1127 3829 Hoc
1179 3765 1328 3831 solvendi
1350 3773 1512 3848 potestate
1531 3766 1686 3848 apostoli,
1710 3765 1771 3830 hoe
1794 3764 1900 3847 elogio
1922 3763 1992 3828 vim
2014 3770 2048 3827 ct
2071 3763 2160 3827 fruc-

148 3857 246 3928 certe,
269 3849 335 3914 nisi
348 3847 567 3933 impudenter,
591 3851 704 3934 negari
727 3870 794 3915 non
816 3856 934 3934 potest.
968 3849 1127 3934 Oonfngi-
1179 3859 1252 3916 tum
1274 3851 1437 3935 evangelii
1461 3849 1683 3915 commendari
1705 3858 1832 3916 certum
1851 3858 1909 3914 est.
1954 3849 2160 3932 Magnopere

146 3957 222 4002 mus
243 3934 356 4000 miseri
378 3955 492 4000 omnes
512 3955 588 4012 nos,
615 3944 655 3999 ut
674 3956 807 4001 necesse
830 3943 895 4013 est,
919 3934 961 4000 ad
980 3943 1127 4018 peccato-
1179 3937 1268 4000 onim
1289 3937 1399 4013 refert,
1421 3946 1459 4001 ut
1481 3945 1588 4001 ratam
1610 3957 1681 4001 esse
1703 3957 1814 4001 coram
1825 3937 1897 4000 Deo
1919 3934 2161 4000 absolutionem

146 4043 222 4086 rum
246 4022 394 4097 veniam,
424 4027 583 4104 tanquam
610 4020 652 4085 ad
681 4022 817 4086 unicum
846 4020 964 4086 salutis
987 4020 1125 4104 asylum.
1179 4022 1330 4098 sciamus,
1352 4042 1437 4103 qnae
1459 4021 1552 4087 nobis
1570 4023 1747 4086 nunciatur
1769 4041 1825 4085 ore
1848 4021 2000 4085 hominis.
2036 4019 2161 4085 Memi-

148 4107 248 4174 Oerta
269 4107 363 4171 nobis
385 4108 478 4171 viaa
499 4106 568 4171 11116
589 4107 653 4172 Dei
675 4114 891 4172 monstra-tur.
924 4106 1025 4172 (lenta
1043 4107 1126 4171 ratio
1179 4109 1334 4186 norimus,
1358 4107 1508 4173 homines
1530 4128 1601 4172 esse
1622 4108 1792 4184 mortales,
1821 4108 1877 4188 qui
1900 4127 1959 4172 nes
1988 4107 2029 4170 ab
2052 4112 2161 4171 aeter·

147 4191 291 4259 traditur
312 4193 398 4258 tanti
420 4193 496 4259 boni
507 4192 662 4275 potiendi.
695 4192 762 4258 Hic
783 4214 819 4258 se
840 4193 1022 4276 interponit
1039 4212 1126 4256 mor·
1178 4214 1241 4258 nae
1262 4194 1377 4259 mortis
1399 4201 1495 4259 reatu
1521 4201 1690 4277 exemptos
1718 4214 1790 4258 esse
1812 4198 1984 4257 testantur.
2030 4191 2161 4256 'llantae

147 4279 224 4345 16118
263 4279 379 4357 homo,
418 4277 609 4360 aditumque
656 4278 870 4362 praecludere
917 4279 1030 4344 audet:
1079 4280 1126 4343 ia·
1179 4281 1227 4344 rei
1254 4280 1442 4345 testimonio
1455 4282 1484 4364 ⁴)
1518 4301 1561 4347 nc
1597 4279 1706 4362 angeli
1741 4277 1873 4362 quidem
1910 4298 2007 4360 pares
2039 4278 2160 4342 forent

147 4385 250 4428 naam
272 4370 347 4443 [pag.
368 4371 423 4444 94]
447 4363 628 4430 ostendite
650 4386 685 4429 86
703 4365 898 4444 obseratam,
922 4385 983 4431 nec
1006 4364 1127 4447 aperiri
1181 4364 1269 4446 Quid
1294 4386 1373 4449 ergo
1393 4365 1489 4430 nobis
1508 4367 1611 4444 fieret,
1635 4366 1698 4429 nisi
1712 4385 1806 4429 snam
1825 4364 2034 4428 autoritatem
2055 4364 2161 4428 inter·

148 4449 214 4514 nisi
235 4451 448 4515 confessionis
470 4451 561 4515 clave
582 4451 716 4533 patitur.
751 4451 899 4516 Huncin
921 4472 956 4517 86
978 4451 1127 4536 tyranni·
1179 4462 1316 4535 poneret
1336 4453 1408 4534 ipse
1429 4452 1517 4518 filius
1540 4452 1613 4531 Dei,
1637 4451 1678 4516 ad
1702 4449 1913 4517 sanciendam
1938 4447 2162 4514 mundationi

148 4533 225 4598 dem
270 4535 326 4618 qui
365 4537 562 4621 suscipiunt,
608 4543 803 4601 statuuntne
842 4535 1014 4603 Christum
1053 4539 1127 4602 uni·
1178 4537 1301 4603 fidem?
1346 4538 1424 4621 Ipsa
1444 4559 1542 4620 porro
1560 4535 1707 4602 mandati
1729 4537 1922 4618 exsequutio
1942 4554 2075 4599 omnem
2097 4534 2161 4598 hac

147 4640 225 4685 cum
251 4619 394 4686 iustitiae
426 4631 584 4701 autorem,
606 4644 645 4688 ac
673 4643 741 4687 non
767 4623 876 4705 potius
897 4624 1030 4689 honoris
1052 4645 1128 4707 par·
1180 4622 1220 4687 de
1249 4644 1285 4688 re
1314 4621 1550 4689 dubitationem
1580 4623 1673 4687 tollit.
1717 4623 1832 4704 Neque
1865 4623 1954 4686 enim
1987 4619 2161 4686 audiendis

151 4713 221 4769 tem
246 4705 297 4768 illi
323 4718 470 4788 ereptam
497 4708 560 4772 alio
588 4708 853 4774 transscribant?
903 4710 949 4775 Et
974 4710 1030 4776 ubi
1051 4731 1127 4794 gra·
1179 4709 1452 4787 confessionibus,
1483 4708 1541 4774 sed
1571 4708 1788 4791 praedicando
1817 4706 2002 4791 evangelio,
2035 4704 2161 4791 ligandi

150 4792 236 4857 16116
255 4790 390 4870 iustitia,
414 4794 442 4858 si
463 4792 526 4858 hoc
545 4792 641 4859 modo
663 4793 859 4860 redimitur?
1180 4793 1396 4877 solvendique
1435 4816 1558 4860 munus
1599 4800 1821 4860 exercuerunt
1857 4793 2004 4876 apostoli.
2068 4790 2161 4875 Quin

197 4963 202 4976 Ι
237 4877 357 4953 Porro,
393 4878 547 4975 quoniam
579 4878 737 4946 hactenus
766 4886 921 4964 expertae
949 4887 1027 4947 sunt
1054 4882 1127 4965 piae
1344 4950 1350 4961 ,

149 4982 295 5063 inme!
322 4982 422 5044 quam
436 4961 516 5061 ihm
537 4972 623 5063 ⁰⁸⁵⁹?
644 4968 849 5084 ⁰³mifi⁰ln²³
877 4987 977 5067 qlmm
999 4966 1041 5032 ad
1063 4966 1126 5066 Μ’
1248 4947 1279 5082 ll
1297 4954 1462 5085 lltliercheur
1480 5032 1541 5072 sera
1559 5017 1586 5073 11
1597 5024 1661 5071 tenu
1674 5021 1752 5071 court
1763 5024 1791 5071 et
1802 5032 1836 5071 ne
1854 5031 1936 5072 saura
1948 5019 1984 5072 cu
2001 5016 2021 5070 il
2040 5031 2074 5070 en
2085 5030 2154 5070 sera

149 5047 292 5115 rusmodr
306 5048 541 5146 confessronem
556 5047 787 5133 adigebantur.
809 5061 847 5118 ut
867 5052 1127 5119 mrnoredolorrs
1249 5085 1279 5151 3)
1299 5087 1405 5140 badaux
1424 5085 1457 5139 de
1476 5085 1624 5140 sorbonne.

150 5155 252 5201 sensu
292 5153 348 5198 eae
394 5139 590 5198 interimant
623 5135 697 5201 falsi
733 5136 944 5220 mediatores,
982 5139 1126 5206 mediam
1249 5154 1279 5221 4)
1299 5170 1370 5224 pour
1386 5161 1481 5222 parter
1498 5171 1534 5208 un
1552 5155 1590 5209 tel
1607 5169 1739 5222 message.
