4620 5894
181 230 253 293 495-
851 219 976 286 ACTA
996 216 1178 286 SYNODI
1200 219 1521 287 TRIDENTINAE
2130 222 2197 287 416

184 414 305 497 Quasi,
334 413 502 495 inquiunt,
531 420 668 476 externa
695 417 824 475 tantum
853 410 921 475 sint
942 409 1046 492 signa.
1090 408 1162 472 Imo
1214 419 1335 474 seatur.
1387 408 1476 474 Hine
1510 411 1659 492 sequitur
1686 411 1870 477 necessario
1899 410 1986 494 quod
2018 409 2196 478 adiiciunt:

183 499 320 586 perinde
342 499 536 581 loquuntur,
565 516 602 561 ac
623 497 652 561 si
673 496 760 560 inter
781 494 863 560 haec
884 494 948 559 duo
971 493 1055 558 nihil
1076 503 1163 559 esset
1214 515 1282 559 non
1308 494 1378 560 sola
1404 494 1470 560 fide
1495 497 1637 579 gratiam
1664 496 1798 579 percipi.
1848 497 1935 562 Nam
1956 497 1985 562 si
2007 497 2200 564 conceditur

181 586 337 653 medium.
382 585 451 649 Nos
474 603 560 661 vero,
584 582 681 648 sicuti
702 580 896 647 monachale
925 585 1001 659 [pag.
1024 583 1099 658 270]
1122 579 1162 643 il·
1214 579 1281 645 illis
1307 579 1395 663 quod
1423 581 1606 664 postulant,
1635 601 1734 664 opere
1762 594 1895 665 operato
1915 585 2099 666 comparari
2120 606 2199 670 gra·

181 672 240 739 lud
263 680 485 738 commentum
507 690 544 733 re
569 666 736 744 udiamus,
761 667 857 731 aliter
878 664 1031 750 prodesse
1053 686 1162 732 sacra-
1213 666 1295 731 tiam
1312 667 1348 730 in
1367 669 1591 745 sacramentis,
1613 676 1787 750 separatur
1809 672 1883 748 [pag.
1902 675 1978 749 676]
1996 688 2017 733 6
2037 668 2104 736 fide
2119 691 2200 754 pars

181 690 624 840 616616666111116111116111,
647 754 693 818 116
710 752 850 818 libenter
868 774 943 818 cum
961 752 1066 836 signis
1083 752 1163 834 ipsis
1215 751 1340 829 meriti,
1371 761 1408 816 ut
1435 774 1494 835 per
1521 774 1556 818 se
1584 753 1693 819 valeat
1718 755 1915 821 sacramenti
1938 775 2018 820 usus
2041 755 2083 820 ad
2106 756 2198 823 salu·

181 844 413 927 coniungimus
435 860 548 906 veram
570 840 618 904 rei
640 840 891 905 exhibitionem:
920 845 958 902 ut
979 837 1092 904 nullus
1110 859 1163 902 eo-
1215 846 1293 902 16111.
1326 839 1440 921 Atqui,
1463 839 1493 903 si
1515 838 1556 903 de
1579 840 1794 905 sacramentis
1816 839 1904 905 idem
1925 838 2012 924 quod
2033 840 2075 907 de
2097 842 2200 909 verbo

181 952 258 996 rum
287 936 382 995 extra
411 926 508 992 fldem
531 927 575 991 sit
595 925 747 1005 effectus,
775 931 942 989 ettamen
964 945 1031 989 non
1051 925 1165 989 inania
1216 923 1473 1006 praedicandum
1495 933 1554 1004 est,
1578 925 1662 989 nihil
1684 924 1847 1010 prodesse,
1870 926 1935 992 nisi
1952 926 2017 993 fide
2034 937 2200 1012 percepta,

182 1017 260 1095 sint,
282 1014 437 1097 nudaque
458 1012 583 1096 gratiae
604 1011 718 1094 procul
738 1019 885 1076 remotae
905 1011 1009 1094 signa
1217 1009 1310 1076 testis
1333 1016 1384 1074 est
1406 1010 1575 1094 apostolus
1598 1011 1715 1094 (Hebr.
1734 1018 1764 1090 4,
1789 1011 1833 1096 2).

598 1148 640 1213 111
662 1148 742 1213 VII.
1643 1148 1686 1212 In
1706 1147 1770 1214 IX.

269 1273 384 1339 Primo
405 1268 628 1336 definiendum
650 1276 731 1348 erat,
754 1266 833 1350 quid
854 1268 898 1333 sit
919 1266 983 1332 rite
1001 1267 1167 1350 suscipere
1304 1264 1402 1347 Quod
1432 1266 1473 1332 de
1500 1267 1690 1333 charactere
1718 1268 1888 1336 indelebili
1918 1270 2122 1350 fabtdantur,
2157 1291 2202 1339 ex

182 1366 403 1429 sacramenta:
427 1377 504 1421 nam
527 1355 617 1438 porci
639 1353 709 1431 isti,
732 1353 994 1437 praeteritafide
1017 1360 1165 1435 6611661-
1218 1351 1333 1418 eadem
1361 1351 1483 1434 prodiit
1511 1354 1657 1419 officina:
1693 1376 1772 1419 nam
1801 1355 1968 1422 veteribus
1996 1355 2058 1423 hoc
2091 1365 2204 1424 totum

182 1446 298 1514 habita
326 1441 542 1527 poenitentia,
576 1461 643 1505 non
672 1438 729 1503 illa
763 1438 897 1522 quidem
938 1437 1167 1504 caeremoniali
1218 1437 1369 1522 ignotum
1397 1439 1472 1503 tirit:
1502 1450 1537 1503 et
1564 1441 1670 1523 magis
1696 1449 1953 1507 consentaneum
1974 1450 2025 1508 661
2051 1443 2203 1509 incanta-

183 1554 282 1618 qnam
304 1529 479 1614 magnifice
502 1526 700 1610 praedicant,
724 1523 781 1591 sed
803 1525 959 1590 interiore
977 1524 1167 1607 cordisque
1218 1523 1362 1590 tionibus
1389 1524 1540 1608 magicis,
1573 1546 1673 1606 quam
1701 1547 1801 1592 sanae
1829 1526 1992 1611 evangelii
2020 1527 2202 1596 doctrinae.

183 1628 271 1685 totus
296 1616 394 1682 homo
422 1612 464 1679 ad
486 1614 597 1679 Deum
619 1612 833 1689 convertitur,
856 1611 1069 1676 insimulata
1090 1630 1165 1674 nes·
1217 1608 1345 1674 Eadem
1363 1630 1442 1693 ergo
1459 1610 1615 1676 facilitate
1632 1611 1869 1694 repudiabitur,
1888 1633 1954 1696 qua
1975 1615 2204 1697 excogitatum

182 1707 232 1771 cio
254 1723 320 1787 666
341 1700 524 1778 devotione,
547 1710 584 1762 ut
606 1698 799 1780 loquuntur,
822 1698 921 1762 situm
945 1717 1017 1762 esse
1038 1703 1165 1779 putant,
1219 1695 1289 1760 fuit.
1327 1695 1539 1779 Baptismum
1567 1718 1634 1761 non
1664 1717 1735 1763 esse
1769 1698 1971 1776 iterandum,
2006 1700 2087 1766 satis
2115 1700 2205 1766 inter

184 1797 224 1856 ut
244 1790 307 1854 rite
329 1787 403 1869 quis
425 1792 631 1852 sacramenta
659 1783 805 1866 recipiat.
851 1781 949 1864 Quod
971 1783 1000 1848 si
1022 1782 1063 1847 de
1084 1781 1167 1866 legi·
1218 1782 1290 1864 pios
1312 1792 1447 1847 constat
1493 1780 1591 1862 Quod
1621 1805 1736 1849 verum
1770 1793 1843 1850 erat
1870 1784 1911 1850 de
1941 1786 2120 1868 baptismo,
2151 1791 2205 1851 te-

185 1877 269 1941 tima
297 1872 512 1955 dispositione
541 1870 684 1936 hominis
713 1878 895 1946 constaret,
919 1867 1002 1932 nihil
1025 1868 1167 1952 amplius
1220 1887 1309 1932 mere
1336 1877 1449 1950 postea
1476 1868 1516 1932 ad
1557 1890 1650 1933 suam
1690 1871 1971 1936 confirmationem
2004 1884 2038 1935 et
2069 1869 2206 1938 ordines

185 1961 226 2028 de
248 1959 393 2026 efficacia
414 1965 556 2023 restaret
581 1956 832 2021 controversiae.
878 1951 962 2035 Quis
984 1956 1072 2019 enim
1095 1955 1167 2033 rite,
1220 1954 1472 2019 transtrlcrunt.
1518 1953 2207 2034 (16666166611616166116666116161666

184 2057 224 2114 ut
252 2047 361 2119 decet,
391 2043 621 2108 accedentibus
650 2040 1073 2123 611111161111611116166616
1101 2040 1168 2105 illic
1219 2039 1311 2104 16116.
1350 2040 1401 2105 Ν6
1423 2039 1508 2104 nihil
1525 2040 1681 2119 dicerent,
1703 2042 1927 2107 characterem
1944 2042 2034 2107 hunc
2050 2043 2209 2109 fictitium

184 2131 279 2198 Deus
301 2129 464 2213 promittit
485 2127 648 2212 gratiam?
693 2125 838 2192 Proinde
859 2126 1006 2208 quisquis
1024 2124 1064 2191 de
1087 2147 1168 2208 puro
1221 2125 1467 2190 adumbrarunt.
1517 2126 1615 2192 Nunc
1643 2127 1773 2209 siquis
1803 2135 1871 2191 1616
1893 2128 1979 2192 1111111
2000 2149 2068 2193 666
2090 2149 2208 2195 aseen-

184 2223 464 2286 saeramentorum
491 2234 555 2278 usu
582 2212 790 2278 mediocriter
817 2212 917 2276 1116111
944 2211 1094 2290 edoctus,
1116 2211 1169 2274 in·
1220 2210 1327 2275 tiatur
1348 2212 1515 2295 figmento,
1539 2211 1717 2277 anathema
1737 2213 1786 2277 illi
1809 2213 2034 2279 denunciatur.

184 2304 274 2370 611166
296 2323 351 2367 666
374 2300 577 2383 distinguere
599 2305 770 2381 agnoscet,
793 2318 896 2380 quum
918 2319 960 2361 ex
988 2305 1080 2380 parte
1106 2297 1169 2362 Dei

184 2390 326 2476 gratiam
348 2385 420 2450 dari
442 2392 609 2450 asserunt:
638 2405 717 2448 nam
738 2382 976 2466 qualiscunque
998 2383 1042 2448 sit
1063 2382 1168 2447 homi-
1655 2351 1697 2414 1¹¹
1719 2349 1763 2415 X·

184 2476 238 2542 nis
258 2473 450 2556 indignitas,
472 2491 606 2535 manere
624 2468 735 2534 Deum
754 2489 883 2551 semper
900 2489 1052 2535 veracem
1073 2489 1169 2551 61161-
1308 2469 1414 2535 Nemo
1437 2490 1539 2535 sanus
1554 2467 1761 2535 Christianos
1783 2492 1899 2536 omnes
1918 2472 1954 2535 in
1975 2473 2070 2537 verbi
2093 2492 2206 2539 sacra·

184 2569 241 2626 tet
276 2559 369 2624 Nihil
391 2577 486 2642 ergo,
504 2578 547 2621 ex
568 2565 663 2638 116116
685 2554 817 2639 quidem
839 2554 918 2632 Dei,
948 2564 1168 2620 sacramento·
1222 2568 1474 2638 meritorumque
1489 2555 1773 2621 administratione
1787 2579 1883 2640 pares
1901 2558 1994 2622 facit:
2008 2579 2077 2623 non
2094 2558 2208 2625 6616111

184 2669 259 2712 rum
288 2645 452 2710 efficaciae
473 2641 527 2708 161
554 2640 680 2706 decedit
708 2641 759 2705 vel
790 2639 968 2724 derogatur
990 2641 1170 2724 quamlibet
1221 2644 1298 2725 quia
1320 2641 1484 2717 decenter,
1506 2651 1540 2705 et
1558 2641 1674 2706 ordine
1687 2643 1758 2726 geri
1769 2645 1882 2707 omnia
1904 2645 1937 2707 in
1962 2643 2208 2711 ccclesiadecet

184 2732 322 2816 indigna
350 2731 498 2813 ipsorum
520 2728 763 2810 profanatione,
787 2726 896 2809 quoad
904 2727 1040 2792 'malam
1061 2727 1168 2792 homi-
1224 2735 1253 2812 (l
1281 2729 1354 2794 Cor.
1382 2735 1429 2807 14,
1449 2732 1524 2809 4⁰)²
1552 2726 1610 2793 sod
1636 2729 1738 2792 ctiam
1765 2729 1852 2812 quod
1886 2729 2048 2814 singulari
2076 2730 2210 2796 Christi

184 2839 268 2884 num
296 2814 531 2881 conscientiam
556 2821 697 2896 spectat:
727 2813 784 2878 sed
814 2821 944 2877 tanturn
966 2813 1053 2895 perit
1074 2813 1170 2879 61166-
1222 2814 1378 2880 mandato
1405 2813 1447 2878 ad
1475 2835 1548 2879 eam
1576 2834 1646 2878 rem
1674 2814 1869 2880 ordinantur
1895 2816 2039 2881 ministri
2067 2815 2208 2901 (Matth.

184 2914 254 2984 1116,
284 2903 339 2968 161
367 2901 485 2966 6611661
521 2904 596 2978 [1166.
615 2904 692 2979 271]
720 2898 902 2977 intercidit,
932 2900 1108 2982 quominus
1129 2898 1171 2963 ad
1223 2901 1360 2983 1619).
1405 2901 1496 2983 Ergo
1523 2921 1625 2983 quum
1653 2901 1828 2984 peculiaris
1855 2903 2045 2986 requiratur
2066 2903 2209 2981 vocatio,

185 3011 248 3056 nos
269 2989 449 3073 perveniat.
463 2988 489 3070 ¹)
1223 3008 1329 3065 nemo,
1351 2986 1416 3050 nisi
1437 2993 1588 3064 vocatus,
1611 2986 1769 3086 honorem
1791 2988 1854 3088 sibi
1876 2994 2015 3087 usurpet
2036 2989 2162 3089 (Heba
2174 2992 2208 3069 ὃ,

595 3120 758 3187 nvrn.
1221 3071 2210 3244 tlnit‘zlattlt,ltttrthllrtultfflnt

271 3248 338 3312 Hic
359 3266 437 3312 vero
459 3265 527 3308 non
550 3242 647 3308 modo
669 3243 803 3318 clarius,
827 3242 884 3307 sed
907 3244 1004 3308 etiam
1029 3243 1170 3309 crassius

186 3335 391 3416 impietatem
414 3351 510 3395 66616
532 3329 701 3412 detegunt.
753 3328 986 3395 Commentnm
1011 3328 1051 3394 de
1071 3350 1169 3413 opere
1647 3296 1688 3361 In
1708 3295 1771 3360 XI·

186 3429 321 3502 operato
349 3425 383 3481 et
410 3437 526 3481 recens
555 3424 606 3481 est
633 3422 666 3479 et
688 3415 729 3480 ab
757 3414 896 3481 indoctis
919 3415 1169 3481 6666611661-
1309 3422 1384 3498 [pag.
1397 3420 1471 3495 273]
1494 3415 1598 3481 Parvi
1617 3437 1653 3480 se
1672 3417 1779 3483 166616
1797 3418 2011 3485 61161116111616
2022 3429 2083 3484 sua
2094 3425 2209 3484 661611-

186 3525 312 3582 cusum,
336 3503 393 3585 qni
415 3502 455 3566 de
473 3512 754 3567 sacramentorum
776 3509 895 3566 natura
917 3501 999 3565 nihil
1022 3523 1170 3584 unquam
1222 3505 1314 3583 dunt,
1337 3505 1372 3567 in
1394 3503 1511 3585 quibus
1532 3502 1709 3568 fundendis
1731 3503 1811 3569 adeo
1834 3511 1914 3570 sunt
1936 3504 2075 3588 prodigi.
2105 3503 2210 3586 Quod

186 3589 384 3655 didicerant:
413 3608 492 3651 nam
514 3589 549 3651 in
563 3587 786 3673 ,sacramentis
808 3589 940 3668 proprie
963 3587 1052 3653 661116
1075 3589 1167 3653 Deus
1221 3588 1261 3656 de
1281 3589 1466 3654 intentione
1488 3587 1700 3654 consecrandi
1717 3591 1878 3673 garriunt,
1899 3613 1919 3654 a
1937 3591 2094 3673 sophistis
2111 3590 2210 3656 nulla

187 3677 270 3760 agit:
301 3676 378 3757 quia
405 3672 489 3736 nihil
517 3673 596 3736 illuc
625 3672 1078 3751 1166116666661116116111111,
1111 3674 1169 3739 sed
1221 3675 1381 3759 probabili
1403 3675 1530 3739 ratione
1552 3675 1812 3757 1611111611111161.
1858 3677 1940 3757 Hoc,
1963 3677 2115 3760 quamvis
2136 3697 2210 3742 non

186 3760 361 3835 accedunt,
395 3758 540 3827 oblatam
568 3757 632 3823 sibi
660 3757 801 3840 gratiam
829 3760 1002 3840 recepturi.
1053 3759 1108 3825 lta
1134 3761 1169 3825 in
1221 3761 1405 3837 tolerabile,
1433 3759 1541 3826 levius
1563 3767 1673 3825 tamen
1695 3762 1794 3842 foret,
1817 3763 1881 3827 nisi
1903 3762 2054 3828 funditus
2076 3772 2210 3830 616116-

186 3848 349 3932 11611116166
370 3847 462 3910 Deus
485 3866 545 3910 1166
566 3843 627 3908 filii
649 3843 700 3906 6111
719 3842 881 3926 6611661116
904 3843 1023 3924 abluit,
1047 3867 1169 3929 suoque
1221 3856 1273 3913 ret
1305 3845 1463 3930 quidquid
1498 3867 1540 3910 ex
1573 3849 1788 3914 sacramentis
1811 3847 1933 3914 solidae
1972 3849 2209 3917 consolationis

185 3935 305 4001 siritu
326 3952 387 3998 nos
410 3938 592 4015 regenerat.
637 3929 679 3992 In
702 3949 804 3995 coena
825 3950 924 3995 carne
946 3931 1169 4014 sanguineque
1222 3935 1346 3999 habent
1367 3931 1490 4007 fideles,
1514 3939 1548 3996 61
1569 3932 1634 3996 Dei
1657 3935 1829 3999 veritatem
1847 3933 2063 4017 suspenderet
2079 3935 2120 4001 ab
2143 3935 2208 4001 ho·

185 3956 224 4087 GP
239 4021 312 4087 risti
341 4038 401 4083 nos
431 4017 545 4099 pascit
591 4014 702 4096 Quam
730 4015 793 4080 sibi
816 4017 923 4099 operis
945 4025 1073 4098 partem
1095 4018 1169 4083 abs·
1221 4019 1320 4083 minis
1343 4017 1487 4083 arbitrio.
1532 4018 1619 4081 Nam
1647 4019 1676 4083 si
1698 4021 1884 4086 necessaria
1906 4030 1958 4087 est
1984 4021 2130 4087 ministri
2151 4021 2208 4087 in·

185 4128 249 4191 6116
271 4105 443 4189 6661116616
465 4103 616 4168 homines
636 4100 869 4181 vendicabunt,
888 4103 945 4167 ubi
962 4110 1070 4166 totum
1093 4124 1169 4187 616-
1221 4106 1338 4181 1611116,
1362 4123 1459 4168 nemo
1481 4110 1532 4167 est
1553 4110 1720 4184 nostrum,
1750 4107 1807 4188 qui
1829 4114 1953 4172 certam
1975 4107 2129 4190 baptismi
2150 4109 2209 4173 sni

186 4195 251 4258 tiae
274 4214 346 4258 6666
368 4189 527 4274 apparet?
572 4189 660 4253 Nam
677 4187 763 4270 quod
786 4187 974 4252 hominibus
996 4191 1170 4255 commissa
1220 4190 1320 4257 fidem
1340 4191 1447 4255 166616
1469 4189 1532 4254 sibi
1554 4189 1655 4254 ausit:
1678 4191 1734 4273 qui
1756 4201 1846 4258 certa
1868 4191 1989 4259 fiducia
2010 4191 2053 4258 ad
2075 4213 2209 4260 sacram

186 4289 239 4345 est
259 4277 510 4355 administratio,
539 4273 575 4339 id
595 4274 661 4339 Dei
690 4274 873 4356 operationi
895 4296 963 4339 non
984 4277 1090 4360 magis
1112 4276 1169 4341 de·
1220 4298 1356 4344 coenam
1385 4274 1527 4341 accedat.
1579 4276 1774 4358 Baptizatus
1803 4301 1891 4344 sum:
1920 4279 1949 4344 61
1975 4280 2023 4343 116
2042 4277 2209 4346 sacerdoti

187 4373 296 4447 16661,
330 4384 428 4447 66661
460 4383 579 4427 manus
608 4360 741 4426 artifici:
772 4359 901 4442 quando
929 4381 988 4443 por
1016 4383 1071 4429 eos
1099 4364 1169 4447 agit
1220 4365 1326 4443 libuit,
1348 4363 1441 4430 cuius
1469 4360 1551 4427 tides
1578 4362 1661 4426 mihi
1691 4363 1793 4429 nihilo
1815 4366 1923 4450 magis
1945 4386 2044 4448 quam
2065 4363 2208 4431 Aethio·

186 4471 274 4515 unus
294 4449 398 4529 Deus,
422 4450 586 4532 efficitque
608 4447 727 4511 omnia
771 4445 921 4512 Pecudes
943 4454 1055 4514 autem
1076 4449 1167 4528 istae,
1220 4453 1272 4535 pis
1293 4449 1477 4532 cuiuspiam
1498 4457 1666 4531 comporta
1687 4457 1745 4514 est
1773 4451 1819 4517 Ut
1836 4451 1920 4515 mihi
1937 4453 1973 4516 in
1990 4471 2084 4517 sacra
2100 4472 2209 4518 coena

187 4543 279 4601 taceo
301 4535 387 4617 quod
408 4537 444 4600 in
466 4534 620 4620 gratuitis
641 4533 706 4597 Dei
731 4529 825 4596 donis
847 4534 1017 4614 reperiunt
1039 4534 1169 4618 aliquod
1221 4544 1350 4605 constet
1371 4534 1497 4601 Christi
1519 4535 1702 4617 promissio,
1724 4536 1759 4600 id
1779 4536 1814 4601 in
1837 4538 1980 4603 hominis
1997 4537 2080 4603 mihi
2097 4538 2208 4620 ignoti

188 4620 330 4686 hominis
362 4623 531 4700 meritum,
566 4618 623 4685 sed
655 4621 788 4703 fingunt
815 4640 892 4696 nos,
921 4618 1003 4684 nihil
1032 4621 1168 4705 agendo,
1221 4631 1305 4689 nutu
1327 4622 1468 4705 positum
1490 4632 1548 4687 est.
1564 4619 1589 4705 ¹)
1634 4619 1751 4702 Qualis
1773 4624 1837 4688 erit
1858 4622 1955 4702 fides,
1978 4644 2062 4706 quae
2080 4622 2207 4707 pende-

186 4707 298 4772 Deum
319 4709 515 4788 promereri,
544 4705 701 4787 nobisque
723 4702 860 4768 reddere
883 4705 1076 4772 obnoxium:
1109 4730 1169 4774 nec
1222 4711 1270 4776 bit
1302 4731 1322 4773 a
1354 4715 1480 4773 secreta
1511 4706 1645 4772 alterius
1676 4707 1869 4775 voluntate?
1924 4710 1971 4775 Et
2002 4708 2111 4777 adhuc
2143 4731 2207 4777 sua

187 4812 226 4857 66
248 4792 396 4857 contenti
419 4802 567 4857 monstra
589 4792 764 4856 verborum
782 4800 949 4870 evomunt,
972 4793 1091 4875 quibus
1107 4793 1170 4861 hoc
1220 4795 1442 4869 anathemata,
1460 4793 1521 4859 hoc
1533 4802 1592 4873 est,
1610 4814 1687 4860 suos
1706 4795 1850 4878 crepitus
1868 4797 1963 4861 nobis
1975 4796 2095 4861 minari
2109 4797 2204 4880 porci

186 4884 404 4961 extorqueant
421 4879 502 4956 Deo,
524 4896 568 4940 ne
586 4876 675 4943 solus
691 4878 727 4941 in
745 4878 961 4942 sacramentis
980 4901 1077 4964 agere
1094 4902 1170 4946 cen·

1292 5017 1321 5082 1)
1346 5017 1405 5072 cela
1428 5015 1566 5084 dependra
1590 5017 1626 5071 du
1649 5017 1755 5072 voulcir
1777 5018 1811 5072 de
1835 5016 1912 5088 celuy
1936 5020 1981 5087 qui
2004 5035 2046 5073 me
2070 5018 2097 5074 la
2114 5019 2205 5075 distri-

1222 5091 1283 5143 bue.
1318 5086 1370 5140 Car
1393 5086 1416 5140 si
1438 5101 1488 5140 son
1511 5085 1643 5140 intention
1666 5085 1736 5141 n’est
1759 5087 1838 5155 telle,
1860 5095 1920 5142 tout
1942 5103 1976 5141 ne
2000 5087 2103 5143 vandra
2120 5096 2149 5144 et
2166 5105 2203 5145 ne

257 5152 286 5220 1)
308 5151 382 5207 Add.
399 5167 502 5222 pouroe
520 5149 599 5219 qu'ila
617 5166 651 5205 en
668 5158 748 5205 ussat
765 5151 835 5204 ainsi
852 5151 1042 5242 indignement.
1221 5157 1282 5212 fera
1298 5157 1363 5210 rien.
