4620 5894
152 217 216 281 'lob
844 211 1109 280 EPISTOLAE
1133 214 1197 281 AD
1220 213 1478 281 OALVINUM.
2106 223 2170 284 706

153 407 189 468 ot
212 422 273 467 non
295 422 416 483 semper
437 407 536 466 neaeet
558 403 708 466 animam.
754 401 905 466 Iurasscs
926 408 969 479 ta,
994 422 1053 466 reon
1070 404 1138 484 fore
1163 410 1165 423 '
1189 403 1304 468 tione-m
1317 403 1474 483 poqndum
1496 403 1604 485 eoqito,
1626 401 1823 467 idololatriae
1841 404 1943 484 fecisse
1963 405 2118 469 deditum:
2150 425 2171 469 o

152 490 191 553 in
211 508 304 552 carne
326 495 383 552 tua
405 488 542 567 aliquem
561 489 825 568 concupiscentiae
843 488 1032 552 stimulum?
1056 490 1139 569 Qeeid
1162 450 1165 539 i
1190 510 1253 570 qua
1275 494 1308 552 at
1330 488 1541 567 deverteretur,
1575 493 1621 553 est
1648 488 1820 573 iustissimo
1841 489 1918 553 aliis
1936 489 2172 555 sublimioribus

152 574 252 657 ipitur
273 573 325 638 illi
346 572 522 637 iurabant?
567 573 732 640 Peccatum
754 574 847 655 quod,
876 579 911 638 ut
932 575 979 638 ait
1002 573 1136 653 Paulus
1190 579 1361 655 occupatus.
1427 573 1529 638 Rabbi
1569 572 1678 638 Moses
1717 574 1906 656 Acppptius,
1950 578 2171 658 mysteriorum

152 665 301 740 operietur
328 660 363 723 in
391 658 480 722 nobis
503 679 623 725 amorem
647 660 938 740 concupiscentium,
967 665 1012 724 est
1033 660 1138 724 diobo
1162 706 1164 713 -
1192 658 1310 725 Cleristi
1325 659 1626 743 proefiquratiancm
1653 659 1699 723 ibi
1732 680 1791 723 non
1820 664 1893 738 [pag.
1919 666 1995 739 653]
2023 662 2170 744 copitans,

152 744 205 810 lus
227 746 305 825 ipse.
352 744 426 809 Nou
448 744 598 811 iurabant
618 746 694 825 ipsi,
721 765 792 810 eum
812 747 848 810 in
869 746 952 827 ipsis
979 766 1040 810 non
1060 746 1136 826 fare,
1161 718 1165 855 Ι
1189 746 1430 810 caeremonialia
1462 745 1520 811 illo
1552 744 1711 825 sacrificia
1752 746 1799 809 ait
1832 766 1894 809 non
1923 747 2024 827 fuisse
2050 748 2171 829 populo

151 831 208 897 secl
239 851 273 895 se
294 835 468 910 curaturos,
504 851 543 895 ue
614 830 736 898 lliceret.
791 830 874 910 Hoc,
906 830 974 896 Deo
1002 832 1136 909 iuvarete,
1161 864 1164 949 1
1188 832 1273 909 dota,
1313 831 1379 896 nisi
1418 836 1452 894 at
1490 830 1702 897 retraberetur
1740 852 1762 895 o
1800 832 1967 912 sacrificiis
2006 832 2169 898 idolorum.

146 917 275 999 passim
291 917 506 998 praestabant.
583 917 695 995 nciam,
716 917 827 998 iuquit,
851 921 886 980 ut
907 917 942 980 in
957 918 1137 998 praeceptis
1191 914 1291 981 Curius
1312 919 1438 1000 sipnum
1459 937 1526 981 esse
1547 918 1603 987 ait,
1627 918 1709 995 quod
1729 938 1790 981 reon
1810 917 1938 998 suerunt
1949 919 2068 999 populo
2085 919 2169 999 data,

152 1003 232 1068 meis
259 1001 433 1079 ambuletis,
468 1023 505 1067 co
538 1003 721 1068 oestodiatis
755 1007 783 1066 et
815 1002 955 1083 focium.
999 1002 1138 1083 Aliquid
1161 1000 1164 1117 l
1190 1003 1258 1093 uisi?
1283 1008 1453 1084 postquam
1492 1003 1534 1068 od
1573 1002 1783 1067 idololatriam
1821 1002 1997 1083 declinavit,
2034 1005 2171 1069 vitulum

152 1093 206 1166 est,
229 1088 312 1168 quael
336 1087 460 1151 Paulus
488 1088 542 1167 uit
573 1108 622 1151 eos
657 1090 713 1170 qui
745 1093 819 1153 secat
850 1086 979 1167 Christi,
1011 1108 1137 1152 carnem
1161 1124 1164 1163 Ι
1189 1087 1347 1167 ancillando
1380 1093 1407 1152 ct
1433 1088 1603 1153 odoramlo.
1650 1088 1718 1153 Nos
1745 1087 1869 1171 dialopo
1890 1090 1998 1170 prineo
2012 1090 2037 1173 ¹)
2066 1091 2170 1155 miulti-

153 1173 350 1254 crucifeaisse
367 1192 437 1237 eum
455 1173 616 1254 affectibus
633 1179 660 1238 et
676 1172 933 1256 coucupiscentiis
955 1172 1080 1257 (Galat.
1101 1179 1135 1249 5)
1161 1168 1164 1227 f
1183 1173 1297 1255 plieem
1319 1176 1472 1239 rationem
1494 1175 1698 1253 adducimus,
1719 1195 1816 1256 quare
1837 1176 1967 1239 daemon
1984 1176 2170 1259 neffuruiqm-

160 1258 249 1325 Unde
271 1263 397 1335 canstat,
418 1263 446 1321 te
467 1280 529 1323 reon
548 1280 614 1324 esse
634 1258 762 1338 Christi,
785 1260 840 1340 qui
857 1259 1136 1340 concupiscentiam
1160 1236 1164 1321 l
1188 1260 1285 1323 tiones
1317 1265 1344 1323 et
1372 1259 1544 1343 soreqeeines
1565 1265 1699 1341 oppetat.
1743 1259 1848 1341 Atque
1869 1261 1951 1339 ideo,
1978 1261 2060 1325 velut
2088 1262 2169 1326 onti-

145 1364 243 1427 posse
263 1345 404 1428 mucitiqi
425 1364 528 1428 nepos.
587 1345 695 1423 Nemo,
729 1346 790 1423 ais,
823 1365 965 1425 uuquam
998 1344 1138 1424 impleuit
1160 1324 1164 1405 l
1189 1344 1311 1424 elotum,
1339 1344 1407 1410 Dea
1429 1346 1610 1428 contaminem
1639 1347 1763 1409 seruari
1789 1344 2030 1427 atquesnt'fttus
2051 1346 2170 1412 nisibi

145 1435 349 1513 praeceptum
371 1430 462 1508 illud,
489 1431 527 1495 de
546 1430 703 1513 diliqernlo
723 1430 793 1494 Deo
815 1451 853 1495 ea
876 1432 1053 1509 totocorde,
1075 1435 1137 1496 tola
1160 1434 1164 1509 i
1188 1428 1324 1494 delitum
1345 1452 1471 1495 urceum
1500 1432 1637 1511 morerer,
1661 1452 1752 1511 quem
1774 1437 1868 1496 antea
1889 1432 2021 1497 daemon
2048 1454 2087 1497 eu
2108 1434 2168 1497 im-

152 1517 272 1594 anima,
295 1520 323 1580 et
344 1516 415 1580 lotis
436 1515 565 1579 uiribus.
619 1516 659 1581 l't
680 1521 715 1578 tu
737 1537 820 1581 renna
840 1536 909 1580 cum
928 1516 1064 1581 Lietleero
1085 1521 1137 1581 lua
1160 1518 1164 1575 t
1188 1516 1317 1581 neuredis
1338 1517 1525 1597 quibusdam
1548 1516 1610 1581 sibi
1638 1538 1767 1582 securem
1788 1523 2005 1598 composuerat.
2051 1518 2170 1583 Desine

152 1602 302 1680 somnias,
325 1622 414 1666 recuro
436 1606 508 1667 turco
530 1602 680 1682 impleuit.
724 1601 771 1665 Ae
799 1622 858 1665 non
890 1603 935 1664 ita
959 1602 1050 1666 Dens
1072 1603 1137 1666 eui
1160 1578 1164 1645 l
1188 1600 1302 1683 ipitur,
1335 1600 1477 1684 Calvine,
1499 1602 1595 1685 leqem
1616 1602 1707 1668 illam
1735 1604 1771 1667 in
1793 1625 1850 1669 nos
1871 1609 2027 1686 torquere,
2053 1610 2110 1670 aut
2130 1604 2169 1670 de

150 1688 249 1768 pebat,
272 1687 328 1752 sed
349 1689 441 1752 iuxta
463 1689 547 1752 uires
568 1689 680 1768 cuique
701 1689 801 1753 datas.
837 1686 964 1752 bleretiti
985 1692 1059 1751 sient
1081 1687 1136 1751 tibi
1189 1688 1258 1751 eins
1291 1686 1504 1753 obseruatione
1536 1693 1602 1752 tom
1629 1688 1776 1753 uiolenter
1809 1710 1906 1772 opere,
1940 1691 2065 1755 etiamsi
2098 1710 2169 1755 cum

153 1772 267 1839 Dauid
290 1778 318 1836 et
340 1772 410 1852 olii,
434 1775 490 1854 qui
513 1774 613 1852 aiunt,
637 1794 670 1837 se
690 1778 751 1838 tolo
771 1771 975 1838 cordeDenm
997 1774 1137 1854 eequisi-
1160 1798 1163 1829 ε
1189 1772 1309 1838 Ieecloea
1341 1772 1398 1837 tibi
1426 1779 1503 1840 esset
1531 1774 1700 1857 opendum,
1729 1780 1765 1838 ut
1790 1777 1838 1839 tui
1859 1776 2048 1841 misereatur
2069 1775 2168 1857 Dens,

151 1859 243 1938 visse,
276 1858 481 1937 deside-rasse,
516 1861 716 1924 denotedata
736 1858 856 1937 secisse.
904 1858 942 1922 st
978 1879 1031 1923 nec
1064 1865 1137 1924 tunc
1188 1859 1300 1938 quiin
1323 1859 1598 1942 leqeestpassim
1621 1859 1813 1926 Iudaeorum
1832 1862 1987 1926 misertus.
2012 1860 2124 1927 Amen.

151 1944 287 2010 daboteer
311 1946 480 2009 totocorde
503 1949 577 2022 [pag.
601 1950 677 2023 652]
700 1944 837 2027 diliqerc,
860 1964 915 2009 ecee
937 1965 1020 2009 reunc
1039 1945 1135 2009 (lectur

150 2031 320 2096 totocorde
341 2030 473 2109 credere,
507 2050 671 2111 numnquam
703 2032 766 2094 eris
795 2036 830 2095 tu
851 2030 1047 2110 iustificatos,
1080 2032 1135 2112 qui

151 2137 186 2181 es
207 2121 273 2180 tam
294 2116 421 2198 riqidas
442 2120 575 2180 erector.
631 2117 692 2197 Qui
725 2137 786 2181 nou
819 2116 931 2199 ditiqit,
964 2122 1066 2181 neoreet
1099 2117 1135 2180 in
1336 2114 1571 2181 EPISTOLA
1596 2116 1825 2183 VIOESIMA
1851 2116 2014 2183 SEXTA.

150 2207 261 2267 niorto:
285 2222 354 2283 erpo
375 2222 430 2266 cas
451 2203 486 2264 in
508 2206 604 2265 morte
621 2204 764 2277 recurretis,
787 2203 842 2282 qui
859 2202 1049 2267 dilectionem
1068 2222 1134 2266 esse

144 2286 329 2368 possibilem
352 2289 480 2370 nepotis.
526 2287 664 2352 Atura
686 2287 1047 2367 liberalissimnsDeus,
1070 2309 1132 2352 om-
1272 2286 1324 2352 De
1357 2286 1420 2369 leqe
1447 2288 1552 2353 Masis
1579 2288 1670 2353 aliud
1695 2295 1835 2370 superest
1864 2290 2095 2370 inquirendum,
2128 2311 2168 2355 ne

150 2374 208 2439 nia
230 2374 351 2438 clauom
371 2374 402 2438 si
425 2393 494 2436 enne
517 2375 665 2451 oraveris,
695 2379 723 2437 et
746 2374 840 2453 tidcm
860 2393 970 2439 aeram
1002 2375 1132 2439 etcari-
1186 2373 1260 2453 quis
1283 2374 1451 2438 imlicialia
1472 2373 1530 2438 illa
1553 2374 1652 2443 nobis,
1664 2374 1816 2440 obtrudat.
1869 2384 2067 2457 ‹peaeromus
2088 2396 2168 2475 erqo.

149 2464 244 2524 tatem
265 2479 374 2524 ceram
403 2459 575 2540 aliquando
597 2458 741 2523 donabit:
768 2460 940 2541 perfectam
962 2460 1131 2537 caritatem,
1187 2458 1226 2522 Si
1253 2459 1376 2524 indicia
1403 2459 1461 2524 illa
1492 2480 1512 2523 a
1540 2459 1611 2525 Dea
1632 2460 1702 2541 ipso
1730 2461 1860 2541 prolata
1888 2461 2078 2526 dirimcmlis
2106 2460 2169 2529 liti·

149 2550 187 2611 nt
205 2546 252 2610 ait
273 2543 420 2610 Ioannes.
467 2544 505 2608 Si
524 2545 631 2609 mecurio
653 2549 727 2609 suaet
742 2544 913 2626 possibilia
934 2546 1076 2624 eredenti,
1105 2551 1134 2609 et
1185 2543 1257 2623 bus,
1300 2551 1368 2609 erat
1405 2551 1470 2608 tam
1504 2549 1689 2630 cunona,²)
1723 2567 1822 2626 quare
1854 2567 1911 2610 nos
1931 2568 1980 2613 aa
2013 2568 2075 2611 rem
2102 2566 2168 2615 ser·

149 2636 184 2695 tn
207 2632 319 2707 credis,
336 2630 503 2711 passibilis
526 2630 582 2693 tibi
604 2635 649 2694 est
670 2631 799 2709 dilectia,
834 2632 1048 2711 etpossibrlis
1074 2631 1133 2695 im·
1183 2650 1308 2707 uanius,
1340 2636 1375 2694 ut
1407 2632 1442 2693 in
1468 2630 1599 2695 indiciis
1630 2633 1750 2697 uostris
1771 2634 1924 2697 utamur?
1968 2632 2172 2714 Respondeas

143 2716 242 2799 pletia
258 2717 429 2798 praecepti.
475 2716 693 2798 Araqustirmm
719 2720 751 2780 ta
780 2716 861 2781 soles
887 2718 1008 2797 aredire,
1040 2716 1133 2782 cuius
1184 2714 1277 2779 Dura
1310 2717 1428 2797 populo
1460 2716 1624 2797 prolatmn
1657 2722 1702 2782 est
1733 2718 1848 2782 durum
1881 2719 2045 2797 iudicium,
2085 2719 2167 2801 quad

149 2802 224 2870 baec
262 2808 336 2868 sunt
366 2801 460 2866 uerba-
493 2802 544 2868 lib.
583 2808 609 2864 1.
662 2801 829 2867 Retractat.
858 2823 924 2884 cap.
955 2808 1000 2867 15
1026 2808 1053 2867 et
1081 2801 1130 2866 lr'b.
1156 2830 1159 2851 =
1186 2798 1306 2866 Christi
1327 2802 1488 2867 clemenstia
1509 2802 1597 2867 tollit.
1641 2802 1723 2866 Tolli
1745 2804 1955 2868 circumcides
1977 2805 2166 2871 inmuliere

149 2888 187 2954 de
221 2887 358 2953 Duabus
392 2888 560 2953 animabus
593 2894 699 2953 contra
731 2887 950 2954 Manicboeas:
1008 2888 1132 2954 Peceoti
1155 2864 1160 3001 l
1185 2886 1329 2953 adultera
1352 2887 1457 2969 (Ioan.
1481 2888 1526 2972 s).
1564 2888 1771 2955 iudicialium
1788 2888 1914 2953 illorum
1937 2889 2083 2972 obliqatio
2103 2910 2166 2954 oes-

148 2995 238 3040 reum
260 2994 351 3056 quem
379 2976 485 3055 taceri,
521 2974 599 3054 quia
628 2995 688 3039 reare
719 2975 793 3057 fecit
820 2975 903 3057 quod
935 2975 1038 3056 faeere
1070 2994 1132 3039 nore
1156 3010 1159 3053 :
1182 2978 1242 3051 sot,
1257 2994 1319 3054 per
1335 2974 1529 3039 liberatorem
1550 2973 1683 3037 sublata.
1727 2973 1909 3039 Poenorum
1930 2974 2084 3039 acerbitas
2105 2974 2165 3040 illa

146 3060 255 3143 patud,
288 3080 429 3125 sernemoe
456 3061 637 3142 iniquitatis
668 3064 696 3124 et
727 3060 876 3124 insaniae
909 3065 962 3125 est.
1008 3059 1131 3124 Ibidem
1183 3058 1353 3138 indicabat,
1376 3060 1561 3125 immensam
1583 3080 1650 3124 esse
1670 3061 1820 3141 adnisam
1841 3060 1970 3126 diuinae
1990 3060 2166 3127 nuciestatis

149 3147 204 3223 ait,
236 3166 299 3211 nan
321 3145 385 3211 dici
407 3153 578 3228 peccatum,
608 3146 674 3210 nisi
695 3168 716 3209 u
737 3167 798 3227 qno
819 3145 949 3210 liberum
971 3151 1015 3211 est
1037 3145 1132 3209 absti-
1183 3144 1361 3211 immensae.
1407 3145 1496 3210 Sicut
1527 3145 1627 3210 scelus
1660 3146 1755 3211 Adae
1784 3147 1849 3228 fuit
1881 3147 2077 3226 immensum,
2115 3147 2165 3213 ita

147 3252 235 3297 nere:
275 3231 407 3296 liberum
439 3253 559 3314 quaque
586 3251 650 3296 csse
680 3232 734 3310 ait,
769 3237 970 3313 praeceptum
992 3232 1130 3313 implere,
1180 3230 1246 3313 fuit
1265 3251 1371 3311 poena
1398 3230 1539 3297 exitialis
1565 3232 1675 3297 mortis
1704 3232 1865 3297 imntereso.
1911 3232 1979 3297 Nos
2005 3238 2078 3297 uero
2104 3232 2163 3297 sci-

146 3319 277 3383 iuvante
304 3316 381 3383 Deo.
426 3318 528 3397 Adde,
564 3317 647 3401 quod
668 3323 871 3401 praeceptum
904 3318 943 3383 de
970 3317 1132 3383 dilectione
1182 3335 1263 3396 mus,
1289 3318 1436 3382 immensi
1462 3317 1588 3382 sceleris
1611 3316 1715 3399 fuisse
1738 3318 1920 3383 immensam
1941 3319 2163 3399 compensatio-

150 3402 207 3470 illa
239 3423 302 3469 non
323 3408 391 3467 erat
416 3404 449 3467 in
483 3405 605 3486 taedere
631 3403 778 3487 deeoloqi,
810 3424 864 3468 nec
885 3409 930 3467 est
951 3423 972 3467 a
994 3402 1063 3469 Deo
1084 3404 1131 3468 ito
1182 3423 1261 3482 neni,
1293 3407 1424 3467 mortem
1451 3403 1718 3486 pretiosissimam
1748 3403 1812 3483 filii
1840 3402 1912 3470 Dei.
1967 3403 2012 3469 Ob
2038 3405 2073 3470 id
2098 3423 2164 3485 nas,

147 3490 271 3568 datum,
300 3491 426 3572 quanm
448 3491 523 3555 data
546 3494 590 3553 cst
612 3490 671 3554 lece.
718 3490 781 3555 Sed
803 3511 824 3553 o
846 3487 939 3553 Mose
962 3489 993 3552 in
1016 3489 1130 3554 Ilccrto-
1183 3509 1279 3570 prum
1300 3488 1496 3571 offerrdimus,
1530 3509 1592 3553 nan
1613 3494 1679 3555 tom
1711 3490 1814 3573 cipido
1835 3490 2016 3569 occidimur,
2050 3488 2166 3554 obiecta

147 3577 287 3642 eunomio
320 3580 365 3639 est
391 3582 503 3656 postca
537 3575 746 3641 ectromatiane
772 3576 912 3657 quadam
939 3575 1130 3640 adiunctum.
1177 3595 1239 3657 pro
1261 3574 1349 3640 nabis
1370 3576 1445 3655 ipsa
1466 3581 1563 3641 marte
1582 3573 1711 3655 Christi,
1733 3576 1884 3641 immenso
1904 3575 2126 3659 redemptionis
2135 3576 2164 3661 8)

149 3660 219 3727 Imo
240 3661 302 3726 ait.-
337 3660 575 3744 OErnenecidiNJ
598 3662 745 3727 donnons
766 3682 818 3727 cor
839 3666 936 3741 tuum,
958 3666 993 3725 ut
1011 3662 1130 3745 dilipos
1177 3661 1289 3741 pretio.
1333 3660 1419 3726 Ilius
1451 3662 1559 3726 nidore
1592 3660 1706 3743 ubique
1738 3661 1888 3728 delinitus
1914 3667 2019 3743 pater,
2053 3662 2166 3743 ubique

146 3769 218 3816 ecem
247 3768 284 3812 ce
311 3751 368 3812 toto
396 3749 485 3812 carde
512 3746 618 3827 (Dent.
641 3750 710 3830 30).
759 3745 878 3829 Quibus
904 3746 1007 3812 uerus
1026 3748 1130 3829 possi·
1182 3747 1269 3811 iram
1289 3748 1425 3825 cunittit,
1459 3747 1513 3812 ubi
1545 3768 1602 3812 nos
1632 3748 1660 3810 ei
1690 3746 1745 3811 boc
1759 3749 1979 3829 proponimus,
2009 3746 2073 3829 fide
2087 3767 2165 3829 pra-

146 3834 237 3901 bilem
259 3853 325 3899 esse
347 3834 430 3899 docet
447 3832 637 3898 dilectionem
657 3833 759 3913 illam,
781 3832 932 3917 efficiente
951 3835 985 3897 in
1007 3839 1036 3899 te
1050 3833 1129 3913 Deo,
1177 3833 1345 3913 pitiatoris
1372 3833 1451 3897 aira.
1498 3832 1541 3897 ee
1573 3832 1658 3915 quod
1690 3832 1823 3899 budaeus
1854 3834 1992 3900 umidum
2021 3833 2163 3898 dabatur.

145 3926 183 3987 ut
214 3921 260 3985 ita
292 3919 420 4003 diliqos.
472 3918 629 4002 Maqnam
661 3920 846 3985 mandatum
878 3919 997 3985 dieitur
1028 3919 1082 3985 boc
1107 3942 1129 3985 a
1184 3917 1257 3983 Non
1278 3918 1388 3984 seruili
1408 3938 1587 4000 poenarum
1614 3924 1698 3983 motu
1724 3938 1783 3983 nos
1803 3924 1878 3998 [pag.
1902 3923 1977 3997 654]
2000 3924 2164 3999 terreretur,

148 4005 285 4086 Christo,
313 4005 390 4087 quia
406 4008 554 4087 proxime
575 4006 692 4071 accedit
718 4006 762 4070 od
782 4006 991 4089 eoonpeliaam
1005 4006 1128 4087 perfee-
1181 4009 1218 4069 ut
1239 4004 1306 4069 illi:
1338 4006 1415 4086 qnia
1436 4006 1580 4088 perfecta
1602 4009 1648 4069 est
1668 4005 1789 4070 coritas
1810 4004 1874 4069 Dei
1901 4004 2059 4083 imitabis,
2082 4024 2164 4085 quae

144 4093 267 4158 tioreerc.
322 4090 397 4156 Non
429 4096 533 4155 tanuen
567 4096 634 4155 erat
670 4091 855 4157 moredatum
889 4090 1035 4175 decalaqi,
1075 4111 1129 4157 nec
1178 4090 1268 4173 toros
1290 4090 1425 4155 excludit
1446 4091 1597 4155 timorem
1644 4088 1684 4155 Ut
1703 4089 1852 4173 dquralis
1873 4094 1943 4157 erat
1963 4090 2163 4171 imperfectus

145 4177 346 4244 maledicebat
373 4197 458 4256 enm,
486 4179 542 4258 qui
569 4197 630 4240 reon
658 4178 775 4260 inteprc
796 4176 988 4260 perficiebat.
1035 4176 1128 4243 Situ
1173 4177 1324 4259 populus,
1358 4176 1405 4240 ita
1439 4197 1545 4241 earum
1567 4175 1687 4241 iudicia
1720 4179 1809 4239 eram
1832 4182 1889 4241 aut
1911 4175 2074 4260 fipurolia,
2107 4182 2164 4241 out

143 4262 562 4417 tttlttttttttt
579 4261 1127 4432 debeltotlbtttt·
1176 4263 1298 4431 tlt
1320 4261 1844 4431 ttettttttttdttttt
1865 4261 2163 4431 ..itttt‘t‘tt

148 4400 264 4503 Omnia
282 4441 370 4499 erant
382 4436 547 4515 camundo,
567 4433 691 4499 uiribus
705 4433 966 4517 facultatibusque
983 4455 1125 4514 muana,
1178 4434 1442 4516 imperfectiorum
1470 4434 1663 4517 sipicificari,
1692 4397 1784 4499 docet,
1805 4434 1964 4516 apostolus
1994 4431 2089 4517 (Hel.
2115 4438 2160 4531 9).

144 4522 189 4589 ad
210 4526 352 4587 sannam
373 4523 461 4587 uiam
483 4521 671 4587 inducentia.
707 4519 776 4585 Imo
799 4525 826 4585 ct
847 4521 1017 4587 iudicialia
1031 4542 1124 4604 prae
1180 4520 1257 4585 Non
1272 4525 1374 4602 potest
1392 4520 1465 4603 quis
1488 4521 1598 4599 dicere,
1631 4523 1748 4585 statmo
1774 4520 1870 4585 aetem
1891 4517 2011 4601 popula
2038 4517 2163 4585 similia

143 4613 231 4690 cepto
264 4607 384 4689 paprulo
411 4608 460 4674 illi
493 4607 599 4672 rebelli
632 4611 724 4671 aaut
756 4607 802 4671 ita
833 4625 976 4688 consona,
1008 4613 1044 4672 ut
1072 4627 1126 4672 nec
1179 4625 1245 4673 esse
1278 4606 1366 4671 nobis
1398 4606 1605 4684 obseruando,
1643 4624 1741 4686 muru
1772 4625 1835 4671 nou
1870 4606 1913 4670 sit
1944 4624 2027 4671 nunc
2059 4608 2162 4671 datus

146 4694 358 4773 Pboronaens,
380 4714 435 4760 neo
457 4693 633 4777 laremque,
655 4712 710 4758 nec
734 4691 838 4772 Solon,
859 4712 913 4758 nee
937 4692 1125 4774 Pornprlius,
1172 4692 1288 4777 populi
1309 4690 1435 4757 similis.
1479 4692 1537 4757 Au
1558 4691 1659 4757 licebit
1684 4710 1767 4756 nuno
1796 4695 1922 4775 caprola
1948 4690 2042 4757 occisi
2065 4690 2160 4756 iuter

143 4779 223 4846 talia
235 4779 391 4861 potuisset
412 4785 484 4845 tunc
511 4779 692 4862 eccoqitare.
738 4776 776 4842 Si
798 4779 837 4844 de
858 4780 1126 4844 numeniacum
1336 4851 1344 4855 ,

142 4865 510 4950 emouersuanuqitus
532 4864 881 4946 conquereremini
900 4863 993 4930 'mm
1013 4884 1126 4950 ΜΨ
1247 4929 1276 4997 1)
1309 4929 1415 4987 suver
1439 4931 1545 5001 araur
1571 4931 1608 4985 11
1635 4929 1668 4985 ee
1699 4928 1836 4986 mooun
1867 4928 1966 4985 aevae
1997 4930 2014 4985 e
2044 4947 2065 4987 e.
2093 4946 2159 5001 paq.

140 5038 348 5050 .--,-..--
1178 4999 1229 5055 199
1246 5014 1303 5069 sqq.

1247 5066 1277 5133 2)
1287 5076 1375 5123 erant
1391 5084 1520 5123 consona.

213 5141 244 5207 1)
262 5140 441 5196 circumcidet.
1245 5135 1276 5204 3)
1294 5137 1482 5207 redemptoris.

250 5226 364 5284 Caluini
378 5240 471 5297 opera.
510 5224 569 5283 Vol.
591 5223 679 5283 VIII.
1915 5220 1952 5275 45
