4620 5894
168 1496 416 1567 APPENDIX
437 1495 636 1563 LIBELLI
658 1494 911 1564 ADVERSUS
933 1495 1137 1562 utrumn
1163 1493 1740 1572 audeberto-eurtum,
1769 1492 1820 1557 IN
1850 1489 1948 1572 Qun
1974 1488 2193 1558 aarum

168 1599 378 1669 IOANNES
409 1596 649 1668 CALVINUS
676 1597 934 1667 CENSURAM
962 1597 1198 1679 QUANDAM
1221 1597 1534 1666 'FYPOGRAPHI
1561 1594 1744 1676 leuoul,
1774 1595 1839 1660 DE
1860 1590 2193 1661 PARVULORUU

656 1700 1091 1777 SANCTIFICA'I‘IONE,
1115 1702 1176 1767 ΕΤ
1194 1701 1431 1770 MULIDBRI
1451 1699 1701 1767 BAP'PISMO.

257 1892 379 1958 Annus
398 1893 466 1958 iam
487 1893 557 1958 fere
577 1891 756 1974 praeteriit,
779 1911 902 1975 exque
926 1890 1009 1956 mihi
1031 1888 1183 1956 indica-2
1209 1890 1315 1957 cultas
1337 1891 1450 1971 datur,
1480 1912 1546 1957 non
1568 1897 1620 1954 est
1641 1885 1841 1973 negligenda
1866 1885 1972 1951 bonae
1992 1904 2116 1951 causae
2136 1882 2191 1950 de·

170 1984 243 2044 tum
273 1978 395 2057 iuerat,
435 1976 584 2043 libellum
611 1997 723 2043 meum
755 1977 808 2042 De
836 1997 918 2042 vera
946 1977 1156 2061 genuinoque
1207 1977 1319 2042 fensio.
1348 1974 1480 2043 Deinde
1491 1997 1594 2058 quum
1606 1975 1688 2040 mihi
1702 1972 1802 2059 probe
1821 1979 1954 2050 constet,
1974 1990 2094 2037 sanam
2110 1990 2189 2051 esse,

170 2062 328 2131 eeclesiae
360 2063 606 2143 reformatione,
646 2064 703 2147 qui
735 2084 777 2128 ex
815 2062 1017 2162 typographi
1048 2065 1156 2128 nostri
1207 2071 1240 2128 et
1261 2083 1303 2127 ex
1322 2084 1406 2146 puro
1428 2063 1493 2127 Dei
1515 2062 1615 2128 verbo
1637 2070 1803 2143 sumptam
1825 2056 2008 2123 doctrinam
2026 2076 2115 2141 quae
2134 2077 2190 2140 cp·

171 2149 303 2216 officina
324 2150 469 2233 primum
490 2150 583 2215 iussu
605 2170 678 2214 meo
701 2148 836 2231 prodiit,
859 2148 961 2214 fursee
982 2170 1098 2214 rursus
1119 2150 1156 2215 in
1206 2156 1390 2233 pugnatur,
1418 2148 1501 2213 mihi
1523 2148 1593 2213 eius
1614 2146 1831 2229 patrocinium
1854 2143 2018 2222 deserere,
2044 2162 2152 2225 quum
2171 2162 2191 2207 a

171 2234 357 2304 Germania
389 2255 557 2301 excusum.
602 2235 708 2318 Atqui
742 2256 831 2300 nunc
868 2234 1016 2313 demum,
1049 2235 1155 2301 serius
1206 2254 1261 2299 me
1283 2235 1385 2301 semel
1407 2232 1530 2300 tradita
1550 2234 1659 2311 fuerit,
1681 2234 1747 2297 iam
1759 2252 1825 2295 non
1839 2238 1889 2296 est
1897 2230 2076 2314 integrum.
2116 2228 2190 2295 Hac

170 2343 270 2404 qnam
288 2322 441 2404 oportuit,
464 2320 651 2385 admonitus
668 2319 716 2384 fui
733 2326 925 2402 corruptum
942 2340 1012 2387 esse
1031 2328 1064 2386 et
1081 2343 1154 2386 mu·
1207 2321 1296 2386 enim
1327 2321 1399 2406 lege
1432 2318 1601 2386 doctrinae
1633 2340 1712 2384 suae
1739 2318 1909 2382 ministros
1935 2315 2103 2381 Dominus
2130 2334 2190 2380 noe

168 2407 266 2473 tilum
288 2406 372 2472 illud
394 2406 620 2490 germanicum
649 2405 832 2488 exemplar:
863 2428 969 2490 neque
990 2406 1026 2471 id
1047 2406 1153 2487 modo,
1206 2407 1387 2485 constituit,
1410 2416 1533 2472 utnon
1546 2407 1655 2471 minus
1678 2425 1750 2470 eam
1764 2409 1956 2471 constanter
1973 2401 2190 2481 tuoriiubeat,

169 2493 229 2559 sed
251 2492 400 2558 additam
422 2492 521 2558 simul
543 2512 715 2557 censuram
737 2492 847 2571 fuisse,
869 2493 983 2575 inqua
999 2493 1154 2560 atrociter
1206 2514 1307 2577 quam
1329 2493 1470 2558 fideliter
1491 2492 1630 2558 tradere.

167 2577 371 2665 proseindor.
409 2576 550 2660 Quando
573 2578 801 2663 typographus
818 2599 938 2643 nomen
958 2600 1056 2644 suum
1077 2580 1154 2645 sub·
1293 2579 1335 2643 In
1356 2579 1468 2645 libello
1495 2600 1567 2644 meo
1595 2579 1642 2642 ita
1670 2576 1712 2643 ad
1742 2576 1881 2643 verbum
1905 2575 2060 2657 loquutus
2083 2592 2189 2638 eram:

168 2665 262 2744 ticet,
291 2685 458 2748 cumque
486 2663 708 2746 expostulem,
735 2685 803 2729 non
830 2663 941 2730 habeo.
986 2664 1100 2749 Neque
1120 2662 1155 2730 id
1206 2665 1248 2730 In
1272 2663 1434 2750 baptismo
1461 2665 1607 2730 breviter
1637 2669 1696 2742 [tol.
1717 2668 1750 2742 3]
1780 2668 1939 2726 annotare
1967 2679 2090 2810 operae
2116 2678 2190 2758 pre·

169 2751 270 2818 etiam
288 2750 432 2815 multum
454 2751 577 2815 referre
596 2750 746 2816 arbitror.
779 2748 955 2833 Quispiam
972 2751 1056 2816 forte
1070 2752 1154 2817 bene
1205 2751 1292 2816 tium
1314 2759 1378 2830 est,
1406 2750 1526 2815 melius
1549 2750 1696 2833 potuisse
1717 2748 1840 2825 omitti,
1871 2744 1957 2830 quod
2001 2764 2191 2829 epraecrsa

157 2843 274 2989 potus,
298 2836 368 2903 vini
379 2842 437 2901 aut
447 2836 605 2903 camisiae
627 2857 707 2903 suae
727 2836 835 2902 fumos
856 2837 893 2901 in
905 2857 958 2901 me
973 2836 1152 2903 exhalavit.
1206 2839 1276 2903 eius
1298 2838 1494 2903 necessitate
1521 2842 1789 2903 commemorant.
1833 2834 2075 2916 Praeterquam
2101 2831 2192 2898 enim

200 2923 262 2990 ieri
291 2921 392 2988 etiam
420 2928 543 3007 potest,
580 2928 619 2987 nt
646 2921 763 3006 aliquis
792 2922 983 2988 turbulento
1010 2922 1153 3003 cerebro,
1205 2921 1293 3006 quod
1314 2924 1460 2989 externis
1481 2923 1585 3006 signis
1607 2941 1780 3006 perperam
1799 2919 1958 3004 alligatur
1984 2918 2119 2985 animae
2140 2937 2190 2985 aa·

167 3008 269 3076 etiam
289 3009 430 3089 ieiunus,
452 3008 615 3091 impetum
636 3007 674 3073 in
695 3028 749 3074 me
765 3009 889 3075 lecerit
934 3009 1071 3088 Verum,
1094 3008 1154 3075 ho-
1204 3010 1267 3089 lus,
1295 3009 1417 3074 iniuria
1438 3011 1477 3074 fit
1502 3029 1570 3074 non
1598 3007 1682 3074 levis
1709 3004 1936 3090 promissioni3
1964 3024 2004 3069 ac
2029 3003 2192 3071 siminus

167 3097 302 3174 minem,
325 3094 473 3178 quisquis
497 3093 631 3160 tandem
653 3101 712 3175 est,
736 3093 860 3161 omitto.
900 3095 953 3161 De
974 3117 1010 3161 re
1033 3097 1061 3162 si
1084 3096 1154 3180 agi-
1206 3095 1248 3161 ad
1269 3095 1500 3178 praestandam
1528 3115 1627 3179 quam
1653 3093 1751 3159 offert
1776 3092 1932 3171 salutem,
1962 3089 2028 3157 nisi
2055 3087 2191 3155 aliunde

168 3190 233 3261 tur,
256 3180 339 3246 haec
352 3189 440 3247 certe
462 3179 644 3264 indignitas
661 3188 713 3247 ost
731 3180 955 3260 nenferenda,
974 3202 1075 3266 quum
1093 3202 1153 3266 ego
1206 3181 1327 3261 adiuta,
1350 3182 1523 3249 sufficeret.
1567 3178 1693 3246 Sancta
1713 3178 1787 3245 ideo
1805 3178 1953 3244 nascitur
1973 3198 2016 3242 ex
2037 3173 2191 3243 fidelibus

167 3266 311 3332 fideliter
333 3288 371 3332 ac
393 3267 479 3332 serio
500 3267 637 3350 inopus
659 3265 792 3351 aliquod
813 3266 956 3348 incubui,
979 3267 1153 3333 librarium
1204 3268 1388 3352 progenies,
1417 3267 1503 3351 quod
1526 3266 1634 3332 adhuc
1655 3274 1749 3331 utero
1771 3264 1891 3332 inclusi
1911 3264 2061 3348 ipsorum
2083 3262 2191 3343 liberi,

167 3352 321 3436 ignotum
343 3352 504 3418 arbitratu
526 3374 585 3418 suo
606 3351 818 3419 conscindere
835 3352 992 3437 quidquid
1009 3376 1077 3419 non
1100 3376 1153 3419 ar·
1204 3361 1380 3437 antequam
1399 3353 1535 3419 vitalem
1558 3354 1708 3436 spiritum
1732 3352 1896 3431 hauriant,
1919 3349 2060 3434 cooptati
2078 3360 2191 3415 tamen

168 3437 272 3516 ridet,
300 3458 338 3503 ac
366 3439 524 3521 scriptum
553 3437 700 3503 lacerum
727 3460 787 3522 pro
814 3440 944 3523 integro
972 3439 1152 3506 venditare.
1206 3447 1285 3506 sunt
1305 3441 1341 3504 in
1362 3439 1477 3506 foedus
1502 3440 1591 3506 vitae
1618 3447 1781 3505 aeternae.
1826 3437 1896 3504 Nec
1924 3457 2003 3503 sane
2030 3436 2097 3502 alio
2118 3436 2192 3502 iure

170 3520 374 3605 Quanquam
400 3545 442 3588 ne
471 3524 525 3589 eui
553 3523 719 3606 privatam
748 3530 808 3605 [tol.
831 3529 864 3604 2]
893 3547 1027 3591 causam
1055 3548 1152 3611 agere
1205 3547 1265 3610 per
1287 3527 1489 3609 baptismum
1511 3532 1738 3609 aggregantur
1758 3525 1793 3589 in
1811 3523 1997 3602 ecclesiam,
2025 3522 2094 3589 nisi
2114 3521 2193 3607 quia

167 3606 293 3688 videar,
317 3609 358 3674 ab
376 3608 439 3675 hac
456 3630 584 3692 quoque
602 3609 808 3692 querimonia
826 3609 1031 3694 supersedeo.
1065 3613 1153 3677 Tan·
1206 3609 1248 3677 ad
1278 3632 1396 3695 corpus
1426 3611 1552 3678 Christi
1578 3612 1645 3677 iam
1670 3618 1747 3676 ante
1774 3610 1997 3694 pertinebant,
2026 3629 2130 3692 quam
2156 3608 2192 3673 in

167 3701 239 3760 tum
268 3691 355 3779 quod
381 3696 483 3760 totius
511 3695 667 3760 ecclesiae
695 3694 854 3762 interesse
886 3696 1042 3775 arbitror,
1077 3700 1154 3782 quia
1205 3698 1313 3763 lucem
1342 3696 1528 3763 ederentur.
1572 3697 1710 3764 Alienos
1732 3697 1820 3762 enim
1847 3695 1889 3761 ad
1909 3695 2115 3778 baptismum
2135 3694 2194 3779 qui

168 3780 378 3847 dissimulare
399 3781 449 3847 fas
470 3801 537 3846 non
563 3788 622 3860 est,
645 3779 790 3846 breviter
807 3782 977 3866 attingam.
1022 3784 1096 3850 Hoc
1111 3785 1155 3850 ci·
1207 3783 1362 3864 admittit,
1383 3784 1491 3866 ipsum
1513 3784 1673 3868 profanat.
1707 3784 1806 3848 Nunc
1828 3803 1907 3866 ergo
1929 3782 1987 3867 qui
2006 3781 2056 3845 ita
2076 3802 2194 3848 neces·

167 3874 221 3932 tra
243 3867 452 3950 arrogantiae
479 3874 594 3932 notam
623 3867 721 3946 mihi,
755 3874 793 3932 ut
820 3889 929 3951 spero,
964 3890 1024 3952 per
1053 3869 1155 3935 bonos
1208 3869 1333 3935 sarium
1355 3877 1508 3934 statuunt
1529 3870 1741 3954 baptismum,
1761 3876 1799 3933 ut
1821 3890 1841 3934 a
1862 3890 1920 3952 spe
1942 3867 2060 3933 salutis
2078 3867 2193 3934 exclu-

167 3974 285 4019 omnes
311 3952 423 4018 licebit
457 3951 607 4037 gloriari,
635 3952 765 4018 labores
790 3975 882 4022 meos
912 3955 1069 4020 ecclesiae
1091 3956 1156 4021 Dei
1209 3953 1297 4035 dant,
1320 3956 1384 4020 nisi
1406 3956 1461 4038 qui
1484 3976 1523 4020 eo
1543 3957 1639 4023 tincti
1660 3955 1798 4032 fuerint,
1827 3963 1900 4020 tum
1920 3955 1956 4019 in
1978 3954 2091 4019 Deum
2113 3960 2196 4019 sunt

166 4039 379 4105 mediocriter
413 4060 485 4105 esse
515 4038 624 4105 utiles.
668 4039 767 4104 Nunc
801 4041 829 4105 si
861 4043 957 4124 pravi
997 4048 1030 4107 et
1062 4043 1156 4126 impii
1208 4041 1443 4119 contumeliosi,
1467 4050 1538 4107 tum
1560 4063 1596 4109 se
1617 4063 1745 4125 quoque
1766 4041 1854 4124 ipsos
1874 4040 2048 4125 implicant
2068 4060 2196 4124 magna

170 4123 336 4210 dogmatis
364 4125 528 4191 maculam
556 4124 623 4190 illis
646 4126 776 4209 aspergi
798 4127 919 4209 patiar,
949 4127 1093 4193 multum
1115 4126 1156 4193 de
1209 4126 1420 4194 absurditate.
1470 4128 1557 4193 Nam
1585 4151 1605 4194 a
1632 4127 1765 4194 Christo
1793 4126 1917 4193 alienes
1944 4146 2038 4192 sacra
2064 4126 2196 4193 Christi

168 4210 290 4292 fructu,
309 4232 408 4295 quem
430 4210 508 4276 inde
529 4209 684 4294 colligere
705 4220 859 4294 poterant
879 4213 941 4278 filii
951 4213 1025 4292 Dei,
1046 4214 1156 4278 immi·
1208 4220 1287 4280 nota
1319 4215 1497 4299 insignire,
1532 4215 1590 4298 qui
1622 4216 1671 4280 fas
1704 4212 1813 4280 esset?
1867 4212 2080 4296 Baptismum
2114 4233 2196 4298 ergo

171 4302 291 4362 nutum
318 4298 360 4362 iri
388 4296 491 4363 video.
537 4294 691 4362 'lacendo
716 4298 827 4380 itaque
852 4300 1029 4378 minorem,
1058 4320 1157 4383 quam
1208 4301 1385 4384 praecedat
1412 4300 1598 4384 adoptionis
1625 4302 1732 4384 gratia
1759 4320 1891 4366 neccsse
1920 4305 1983 4364 est:
2013 4318 2100 4382 quae
2127 4321 2197 4366 non

137 4388 142 4396 '
170 4403 233 4467 par
257 4383 334 4462 erit,
363 4382 513 4466 publicae
540 4382 693 4450 utilitatis
720 4385 883 4450 rationem
912 4406 932 4448 a
959 4407 1013 4450 mo
1042 4385 1156 4452 haberi
1209 4385 1363 4452 dimidiae
1392 4392 1523 4452 tantum
1552 4386 1667 4453 salutis
1694 4392 1884 4464 causaest,
1912 4384 2064 4450 sedeam
2085 4385 2197 4470 ipsam

173 4468 360 4534 ostendam:
386 4469 582 4552 praesertim
608 4468 666 4534 ubi
692 4471 729 4535 in
754 4491 855 4554 grege
876 4469 1016 4535 Domini
1043 4493 1159 4538 nume·
1209 4472 1348 4538 salutem
1371 4474 1406 4536 in
1428 4473 1569 4538 solidum
1592 4473 1698 4550 affert,
1726 4491 1809 4554 quae
1830 4470 1948 4537 deinde
1969 4471 2006 4535 in
2027 4470 2196 4555 baptismo

172 4560 292 4619 rantur
321 4555 378 4636 qui
405 4578 459 4621 me
487 4554 675 4622 traducunt.
725 4557 896 4623 Professus
923 4557 1013 4622 enim
1046 4558 1157 4624 hostes
1209 4560 1365 4624 sancitur.
1410 4560 1508 4638 Hinc,
1532 4573 1570 4623 ut
1591 4580 1684 4623 error
1705 4558 1790 4623 alius
1812 4579 1853 4622 ex
1876 4557 1940 4623 alio
1961 4558 2127 4624 scaturire
2143 4580 2197 4625 eo-

170 4660 293 4724 parum
315 4660 434 4720 moror,
457 4663 477 4706 a
498 4642 615 4725 quibus
638 4640 843 4708 haereticum
864 4664 918 4708 me
940 4643 1077 4710 vocitari
1098 4667 1157 4711 ne·
1209 4644 1264 4723 let,
1285 4645 1475 4729 baptizandi
1495 4666 1626 4724 munus,
1649 4643 1738 4728 quod
1760 4643 1838 4710 solis
1859 4643 2016 4710 ecclesiae
2032 4644 2198 4711 ministris

176 4745 266 4791 cesse
288 4732 348 4803 est,
371 4726 400 4791 si
421 4726 632 4794 Christianus
654 4728 770 4794 haberi
789 4728 900 4795 velim.
944 4729 1068 4795 Fateor
1085 4732 1156 4814 qui·
1209 4731 1420 4814 peculiariter
1441 4729 1610 4797 mandavit
1629 4729 1794 4810 Christus,
1816 4751 1883 4795 non
1905 4728 1947 4794 ad
1969 4751 2075 4795 unum
2097 4730 2198 4797 modo

174 4809 268 4890 dom,
295 4810 358 4876 hoc
379 4813 471 4893 quasi
498 4812 596 4879 fatale
620 4834 691 4881 esse
713 4814 841 4881 Christi
866 4816 1053 4896 serrie,·ut
1073 4816 1157 4883 bene
1210 4817 1391 4899 quemlibet
1409 4838 1450 4882 ex
1472 4815 1576 4900 plebe,
1605 4817 1662 4883 sed
1685 4816 1726 4881 ad
1748 4815 1960 4883 mulierculas
1982 4815 2084 4883 etiam
2107 4816 2198 4884 dele-

174 4895 303 4982 agendo
325 4896 412 4962 male
434 4897 581 4963 audiant.
625 4899 741 4983 Neque
762 4921 840 4966 vero
867 4901 950 4967 mihi
975 4903 1158 4969 recusanda
1209 4910 1297 4987 gant.

175 4990 227 5050 eet
254 4982 335 5049 hacc
363 4983 521 5062 conditio,
550 4992 588 5048 ut
616 5005 693 5050 cum
712 4986 818 5052 Paulo
844 5008 904 5070 por
925 4989 1098 5054 infamiam
1124 4997 1158 5054 et
1299 4989 1399 5055 Hunc
1424 4988 1535 5054 locum
1563 4990 1610 5055 sio
1637 4989 1785 5074 exagitat
1815 4989 1965 5055 larvatus
1993 5009 2124 5071 censor,
2159 4996 2198 5056 nt

174 5068 296 5135 bonam
322 5068 445 5135 famam
473 5069 675 5154 progrediar.
720 5072 768 5137 At
788 5074 914 5156 quoties
941 5074 1034 5141 locus
1055 5082 1090 5140 et
1108 5075 1158 5142 fa·
1213 5094 1362 5141 craesum
1383 5074 1514 5160 Pelagii
1535 5095 1680 5141 errorem
1703 5097 1723 5140 a
1743 5096 1797 5141 me
1814 5074 1967 5143 renovari
1988 5075 2196 5159 pronunciet
