4620 5894
143 213 208 278 487
818 208 943 276 Aona
965 207 1145 275 SYNODI
1167 206 1489 275 'IRIDEN'ffllAE
2098 208 2161 272 488

146 405 194 466 est
219 420 259 466 ea
280 405 375 483 parte
397 399 472 480 Dei,
500 402 557 466 etsi
576 401 637 465 rite
658 420 696 465 ea
723 399 956 480 acceptantur,
985 397 1041 464 sed
1068 397 1129 464 ali·
1181 403 1325 477 reantur,
1348 398 1414 463 nisi
1435 419 1468 463 se
1488 417 1550 462 sna
1572 403 1680 478 sponte
1702 396 1770 463 illis
1791 397 1971 463 submittere
1991 397 2163 465 udnerint:

150 487 287 570 pando,
312 491 341 550 et
361 486 537 567 aliquibus:
558 485 735 551 Anathema
751 487 801 550 38.
1181 483 1362 549 Anathana
1383 485 1433 549 38.

244 571 346 637 VIII.
392 571 430 637 Si
457 573 530 655 quis
561 572 694 637 dicerit:
733 570 797 635 Per
824 571 898 652 ipsa
926 588 1024 634 nouae
1052 568 1131 654 leqis
1270 568 1336 634 IX.
1374 568 1506 651 Siquis
1533 569 1666 634 dicerit:
1695 569 1750 635 Ita
1769 570 1958 635 reuocandos
1979 589 2046 635 esse
2066 568 2164 636 homi·

148 663 359 738 888888,
395 677 434 722 en
461 677 550 740 opere
579 663 703 739 operato
729 677 792 722 non
816 655 954 737 causari
979 655 1128 739 qratiam,
1180 674 1238 720 nes
1258 656 1302 720 ad
1323 655 1489 736 Baptismi
1509 656 1645 736 suseepti
1664 656 1862 735 maneriam,
1891 660 1928 719 nt
1948 660 2020 722 oola
2046 656 2163 736 munia,

147 743 204 809 sed
225 744 325 811 solam
344 743 438 826 pidem
458 745 586 809 diuinae
603 743 828 826 promissionis
849 742 893 808 ad
907 742 1046 824 qratiam
1062 760 1130 807 can·
1180 761 1262 823 quae
1278 747 1353 824 post
1373 741 1580 822 Baptismum
1599 740 1694 821 fiunt,
1721 743 1753 805 ai
1769 742 1994 822 promissionis
2014 741 2051 807 in
2072 741 2164 824 Bap-

148 830 337 912 sequcndam
357 829 515 911 difficere:
536 829 714 895 Anathema
734 830 784 894 sit.
1181 828 1273 892 tiemo
1294 828 1365 908 ipso
1385 829 1453 892 iam
1472 827 1584 909 suamc,
1609 829 1706 892 irrita
1724 847 1790 894 esse
1810 827 1998 910 intelliqant,
2010 827 2036 912 ¹)
2066 829 2163 910 praei

237 914 305 980 IX.
348 913 386 979 Si
417 916 490 998 quis
528 915 660 980 dicerit:
700 914 743 979 In
776 913 878 978 :aas
914 912 1129 990 sacramentis,
1175 932 1237 994 per
1264 933 1302 978 ea
1327 911 1403 994 fidei
1431 933 1527 993 quarn
1550 913 1689 996 professi
1716 917 1791 978 sunt
1819 911 2018 994 denotatur,
2047 914 2163 998 stipsi

151 999 320 1084 Baptisrno
341 1000 465 1079 scilicet,
490 999 738 1082 Gmefirueatione,
764 1005 837 1081 [pag.
860 1003 934 1078 251]
957 997 1129 1077 etOrdine,
1181 996 1368 1080 Baptismo:
1388 998 1568 1064 Auathema
1588 1001 1639 1065 38.

150 1106 213 1153 non
235 1087 380 1168 imprimi
402 1085 607 1152 characterem
630 1088 665 1151 in
687 1088 813 1165 anima,
841 1084 896 1150 hoe
916 1089 976 1164 est,
1005 1084 1131 1167 siqnum
1271 1083 1314 1150 X.
1350 1083 1388 1149 Si
1408 1086 1482 1166 quis
1510 1085 1644 1150 dicerit:
1680 1083 1811 1152 Peccata
1840 1085 1962 1165 menia,
1991 1106 2072 1168 quae
2087 1091 2163 1167 past

152 1173 311 1256 quoddam
332 1172 498 1254 spirituale
515 1178 545 1237 et
565 1172 734 1253 indelebile,
756 1172 839 1238 unde
867 1191 904 1236 ea
932 1170 1044 1235 iterari
1069 1190 1130 1233 non
1182 1168 1389 1251 Baptismum
1415 1170 1511 1250 fimet,
1546 1171 1614 1237 sola
1642 1172 1854 1237 recordatione
1881 1175 1910 1236 et
1933 1170 1997 1252 fide
2024 1173 2162 1255 nmceph

143 1263 297 1342 possunt:
317 1257 496 1324 Analhema
517 1260 568 1323 sit.
1183 1255 1350 1339 Baptismi
1381 1257 1428 1322 ael
1454 1257 1578 1336 dimitti,
1613 1261 1686 1336 [pag.
1714 1263 1789 1338 254]
1823 1257 1873 1323 ael
1904 1257 2043 1322 venialia
2073 1257 2162 1339 fieri:

239 1343 281 1407 X.
314 1342 351 1408 Si
373 1345 446 1425 quis
467 1345 586 1410 diamit
632 1342 831 1409 Christianos
852 1362 956 1407 omnes
977 1342 1012 1406 in
1031 1341 1129 1424 aerbo,
1182 1340 1362 1408 Anathema
1383 1347 1434 1408 sit.

150 1430 345 1496 dommilus
371 1430 577 1495 sacramentis
607 1429 874 1495 administrandis
905 1427 1015 1492 babere
1041 1431 1129 1510 pote·
1273 1427 1338 1493 XI.
1375 1428 1514 1509 Siquis
1541 1429 1674 1496 dicerit:
1714 1429 1843 1509 Verum,
1872 1433 1901 1494 et
1928 1430 1989 1493 rite
2015 1427 2162 1494 udaium

146 1519 271 1581 caten:
294 1514 471 1580 Auatleema
492 1518 543 1582 sit.
1182 1511 1389 1595 Baptismum
1401 1515 1580 1580 iterandum
1592 1535 1658 1579 esse
1679 1515 1731 1580 illi
1741 1516 1797 1596 qui
1809 1516 1896 1598 apud
1908 1513 2052 1596 infideles
2067 1514 2162 1596 tidem

240 1600 305 1667 XI.
342 1601 474 1683 Siquis
500 1603 632 1668 dicerit:
661 1600 702 1665 In
724 1600 898 1679 ministriS,
926 1599 1003 1664 dum
1023 1618 1133 1664 sacra·
1185 1595 1304 1665 Obristi
1325 1601 1499 1684 nepaoerit,
1526 1621 1622 1682 quum
1642 1602 1685 1666 ad
1707 1603 1932 1682 poenitentiam
1957 1602 2161 1666 conveniam:

148 1691 255 1753 menta
276 1686 442 1768 conficiunt
463 1693 490 1751 et
512 1687 681 1769 conferunt,
702 1707 765 1752 non
786 1686 910 1768 requiri
931 1686 1130 1750 intentionem
1182 1684 1362 1750 8888888
1382 1687 1433 1750 38.

149 1772 263 1838 saltem
282 1773 423 1853 faciendi
443 1774 524 1854 quod
541 1775 620 1856 facit
641 1773 800 1839 Ecclesia:
822 1771 1003 1838 Anathema
1023 1771 1075 1835 sit.
1273 1770 1360 1836 XII.
1385 1771 1424 1837 Si
1436 1773 1509 1853 quis
1521 1773 1656 1840 dinerd:
1670 1773 1833 1837 Neminem
1845 1793 1910 1838 8338
1923 1772 2161 1853 baptizandum,

241 1856 328 1924 XII.
371 1857 409 1922 Si
441 1863 515 1940 quis
546 1860 678 1925 dicmit:
712 1857 903 1924 Ministmuu
940 1858 976 1921 in
1006 1860 1130 1938 peccato
1182 1857 1250 1922 nisi
1268 1877 1306 1920 ea
1328 1863 1427 1923 aetate
1446 1879 1510 1939 qua
1530 1856 1676 1923 Christus
1696 1859 1874 1940 baptisatus
1895 1857 2010 1924 estad
2032 1858 2160 1941 inipso

149 1944 279 2010 mortali
301 1945 503 2024 exsistentem,
525 1946 614 2011 modo
636 1946 741 2010 murcia
762 1943 959 2024 essentialia,
986 1963 1066 2024 quae
1087 1942 1130 2006 ad
1182 1944 1294 2008 mortis
1315 1945 1464 2010 articulo:
1486 1943 1665 2010 Anathema
1686 1946 1735 2009 38.

149 2035 377 2095 sacramentum
404 2031 628 2112 beneficiendum
650 2036 705 2096 ant
723 2030 940 2113 eonferendum
964 2029 1130 2110 pertinent,
1272 2027 1380 2094 XIII.
1406 2029 1533 2112 Siquis
1551 2031 1685 2096 diemit:
1710 2030 1875 2110 Parvulos,
1897 2049 1931 2095 eo
1954 2029 2037 2111 quod
2057 2035 2160 2096 actum

148 2117 333 2194 semoverit,
360 2136 422 2180 reon
443 2116 591 2197 conficere
619 2125 676 2182 ant
700 2138 762 2183 888
786 2115 924 2198 emefmre
952 2133 1129 2180 sacramen·
1183 2114 1327 2179 credendi
1353 2137 1417 2181 non
1444 2115 1566 2195 habent,
1595 2122 1735 2197 accepto
1764 2116 1932 2197 Baptismo
1953 2117 2036 2180 inter
2055 2116 2162 2197 fidelei

146 2204 231 2266 hcm:
253 2201 432 2266 Anathema
448 2203 497 2266 sit.
1183 2202 1405 2281 computandos
1425 2223 1485 2266 non
1507 2223 1585 2279 esse,
1616 2222 1653 2266 ac
1673 2207 1839 2285 propterea
1867 2223 1964 2284 quum
1992 2202 2035 2266 ad
2062 2222 2162 2268 annos

240 2286 348 2352 XIII.
390 2287 428 2351 Si
457 2289 530 2368 quis
558 2287 690 2352 dicmit:
718 2286 866 2367 Receptos
890 2290 918 2349 et
945 2284 1132 2367 approbatos
1183 2286 1381 2352 discretionis
1396 2290 1604 2368 pervenerint,
1627 2308 1692 2352 esse
1713 2288 1967 2368 rebaptieandos:
1988 2293 2046 2353 ant
2066 2308 2163 2369 prac-

150 2371 313 2438 Ecalcsiae
334 2372 499 2438 catholicae
528 2375 625 2451 ritus,
654 2375 691 2438 in
716 2372 835 2438 solenni
863 2375 1133 2436 sacramentorum
1183 2376 1269 2437 stare
1290 2373 1389 2437 omitti
1409 2394 1515 2438 eorum
1536 2374 1700 2454 baptisma,
1723 2395 1818 2455 quam
1840 2395 1891 2438 eos
1912 2376 1980 2438 sine
1997 2379 2070 2439 actu
2086 2395 2161 2456 pro

151 2458 427 2523 administratione
448 2459 592 2524 adhiberi
613 2464 786 2536 consuetos,
815 2462 872 2521 ant
893 2457 1053 2533 cmdemni,
1076 2461 1133 2520 aut
1177 2457 1254 2538 prio
1274 2458 1426 2523 credentes
1446 2459 1606 2540 baptiearl
1635 2460 1669 2524 in
1691 2461 1761 2526 sola
1781 2461 1843 2537 tide
1867 2459 2043 2525 Ecclesiae:
2071 2462 2162 2526 Ana·

150 2545 220 2610 sine
236 2550 361 2626 peccato
382 2565 403 2608 a
424 2546 582 2610 ministris
600 2548 660 2627 pro
673 2544 761 2610 libito
784 2543 893 2621 mnidi,
917 2547 971 2606 aut
983 2543 1019 2607 in
1036 2562 1133 2607 nouos
1183 2542 1286 2608 thema
1307 2544 1358 2608 sit.

149 2628 231 2695 alias
256 2650 319 2711 per
348 2650 559 2712 quemcunque
581 2630 798 2696 Eedesiarum
821 2627 985 2694 Pastorem
1012 2629 1133 2693 mutari
1274 2626 1373 2694 XIV.
1405 2628 1533 2712 Siquis
1550 2633 1681 2697 dicerit:
1703 2632 1898 2696 Huiusmodi
1915 2631 2068 2714 paruulos
2089 2631 2162 2714 bap-

139 2735 251 2799 posse:
272 2720 346 2795 [pag.
371 2722 447 2795 252]
470 2716 649 2782 Anathema
671 2718 723 2785 sit.
1183 2714 1303 2794 tieatos,
1324 2735 1422 2796 quum
1435 2717 1631 2795 adoleverint,
1650 2718 1973 2801 interropandosesse,
1994 2723 2162 2783 auratum

389 2870 392 2875 Ι
1184 2798 1295 2865 habere
1316 2800 1412 2866 uelint
1432 2803 1513 2882 quod
1536 2802 1674 2882 Petrini,
1698 2824 1804 2869 eornm
1826 2805 1963 2882 nomiae,
1990 2804 2068 2869 dum
2090 2804 2163 2886 bap

510 2871 559 2925 DE
578 2869 766 2926 BAPTISMO.
1183 2885 1364 2965 ticarentur,
1380 2886 1521 2966 polliciti
1542 2894 1630 2953 sunt:
1658 2895 1686 2955 et
1707 2891 1761 2954 nbi
1782 2911 1815 2953 se
1836 2889 1919 2954 nolle
1937 2891 2162 2970 responderint,

234 2972 265 3039 I.
302 2970 340 3036 Si
361 2969 435 3048 quis
456 2968 588 3039 diremit:
609 2973 815 3056 Baptismum
829 2972 963 3037 Ioannis
983 2970 1131 3035 habuisse
1183 2991 1241 3037 suo
1264 2991 1330 3037 esse
1351 2972 1483 3040 arbitrio
1506 2979 1580 3054 [pag.
1607 2982 1681 3054 255]
1704 2977 1931 3057 relinquendos,
1954 2996 2008 3040 nee
2029 2977 2102 3042 alia
2117 2977 2164 3040 in·

150 3059 280 3126 eandem
300 3057 365 3122 aim
387 3073 457 3119 cum
476 3059 629 3144 baptismo
656 3060 793 3126 Christi:
812 3058 992 3125 Anathema
1014 3058 1065 3122 sit.
1183 3058 1274 3122 terim
1297 3079 1401 3140 poena
1429 3061 1472 3124 ad
1501 3061 1708 3127 christianam
1729 3063 1827 3126 vitam
1852 3063 2014 3145 seqandas,
2042 3063 2110 3127 nisi
2129 3066 2164 3128 ut

233 3145 285 3210 II.
321 3143 359 3207 Si
380 3143 454 3222 qui-s
472 3146 606 3211 dicerit:
628 3146 758 3228 Aqtram
780 3165 887 3210 aeram
906 3149 934 3209 et
951 3143 1131 3208 naturalem
1183 3141 1222 3207 ab
1244 3142 1476 3225 Eucharistiae,
1485 3146 1514 3230 ²)
1536 3149 1733 3228 aliorumque
1753 3153 2020 3213 sacramentorum
2036 3167 2164 3230 percep

146 3252 209 3299 nen
239 3229 368 3297 esseda
395 3234 574 3298 necessitate
601 3232 788 3314 Baptismi:
822 3235 914 3313 atque
941 3231 1010 3295 ideo
1037 3228 1131 3293 verba
1183 3229 1264 3293 tione
1286 3235 1461 3311 arceantur,
1484 3234 1579 3298 donec
1599 3235 1802 3316 resipiscant:
1824 3234 2002 3298 Anathema
2025 3237 2076 3300 sit.

147 3318 208 3383 illa
235 3316 369 3384 Domini
397 3321 496 3383 reoshi
522 3319 600 3384 Iesu
625 3317 762 3384 Christi:
792 3318 871 3384 Nisi
898 3318 972 3398 quis
998 3321 1130 3379 renatus

147 3404 245 3486 suerit
267 3424 306 3468 ea
327 3421 413 3483 aqua
434 3408 464 3469 et
485 3404 610 3487 Spiritu
631 3410 750 3485 sancto,
772 3405 815 3471 ad
835 3402 1050 3484 metaphoram
1069 3400 1129 3468 ali·
1476 3385 1527 3441 DE
1546 3386 1861 3442 CONFIRMATIONE.

148 3510 245 3573 quam
267 3488 441 3554 detorserit:
463 3491 642 3557 Areathcma
662 3493 712 3557 sit.
1269 3486 1298 3551 I.
1334 3488 1373 3553 Si
1394 3489 1467 3571 quis
1488 3489 1620 3555 dicerit:
1643 3489 1913 3571 Condi-:nationem
1934 3491 2166 3574 baptizatorum

237 3573 309 3638 III.
341 3571 379 3636 Si
400 3577 472 3654 quis
493 3578 626 3642 diamit:
650 3577 692 3641 In
711 3577 853 3642 Ecclesia
868 3574 1015 3639 Romana
1038 3575 1130 3656 (qnae
1181 3573 1312 3638 otiosam
1333 3577 1560 3641 caeremoniam
1578 3596 1653 3655 esse,
1676 3582 1775 3641 elnon
1791 3579 2021 3658 potiasoerum
2038 3597 2076 3643 ac
2088 3600 2166 3660 pro

148 3660 289 3728 omniurn
308 3659 524 3727 Ecclesiarum
544 3668 645 3728 mater
666 3668 719 3744 est,
740 3669 768 3728 et
788 3661 957 3744 maqistra)
980 3679 1041 3723 non
1065 3678 1130 3724 esse
1175 3659 1289 3740 prium
1310 3666 1548 3741 sacramerdum,
1572 3662 1714 3727 acdolim
1726 3663 1913 3728 nihilaliud
1931 3664 2043 3745 fuisse,
2065 3686 2166 3746 quarn

146 3767 253 3812 ueram
293 3747 331 3811 de
371 3743 535 3828 Baptismi
579 3754 771 3813 saermueuto
808 3746 997 3810 doctrinam:
1039 3744 1129 3808 Ana·
1180 3745 1349 3809 catechesin
1377 3747 1551 3827 quandam,
1578 3769 1642 3829 qua
1670 3750 1893 3814 adolescentiae
1915 3751 2061 3831 proximi
2088 3751 2167 3832 fidei

144 3833 247 3900 niem
267 3833 316 3897 sit.
1181 3832 1535 3897 suaeraticnemcoram
1546 3832 1689 3898 Ecclesia
1700 3836 1907 3914 exponebant:
1923 3835 2104 3902 Anatleema
2113 3839 2166 3904 sit.

234 3918 299 3984 IV.
331 3916 370 3982 Si
393 3919 466 3999 quis
488 3919 622 3984 dicerit:
645 3918 859 4002 Baptismum,
877 3917 934 3998 qni
956 3915 1051 3980 etiarn
1072 3915 1128 3979 da·
1269 3914 1320 3980 II.
1352 3916 1390 3981 Si
1406 3918 1479 3998 quis
1489 3917 1622 3983 dicerit:
1645 3918 1790 3985 Iniuriae
1811 3941 1876 3986 esse
1889 3921 2029 4003 Spiritui
2046 3930 2166 4004 sancto,

145 4011 199 4073 tur
220 4004 260 4070 ab
282 4004 445 4069 hametmis
466 4005 502 4069 in
523 4007 647 4071 nomine
671 4005 829 4070 Patriset
852 4001 943 4081 Filii,
973 4007 1002 4066 ct
1025 3999 1129 4080 Spiri-
1182 4019 1233 4064 eos
1254 4002 1362 4081 quiin
1384 4009 1576 4068 sacramento
1598 4004 1845 4086 caradrmationis
1864 4006 2075 4094 68838883)
2098 4012 2166 4076 oir-

144 4097 197 4160 ms
217 4092 328 4166 saneti,
352 4110 423 4154 curn
444 4091 613 4158 intentione
627 4091 768 4174 faciundi
789 4089 872 4172 quod
886 4087 965 4171 facit
975 4086 1128 4167 Ecclesia,
1181 4089 1276 4151 tutem
1298 4086 1440 4170 aliquam
1461 4089 1617 4155 tribuunt:
1639 4092 1819 4157 Anotherna
1839 4094 1889 4159 sit.

145 4198 208 4244 non
227 4197 293 4243 esse
315 4196 423 4241 nomm
445 4176 666 4259 Baptismum:
688 4176 868 4243 Anathema
887 4175 938 4240 sit.
1267 4172 1340 4238 III.
1376 4173 1415 4240 Si
1436 4176 1510 4257 quis
1530 4177 1662 4242 dicerit:
1693 4178 1826 4243 Sanctae
1847 4179 2095 4260 confirmationis
2116 4203 2167 4248 or·

241 4263 276 4328 V.
320 4262 357 4326 Si
389 4263 462 4346 quis
492 4264 623 4329 dicerit:
655 4263 861 4348 Baptismum
894 4260 1026 4325 liberum
1052 4278 1127 4339 esee,
1179 4256 1344 4325 dinarium
1364 4262 1546 4349 ministrum
1574 4285 1637 4329 non
1664 4285 1730 4329 esse
1752 4265 1852 4330 solum
1874 4265 2082 4350 Episcopum,
2110 4271 2168 4337 sed

147 4347 202 4415 hoa
223 4355 277 4427 est,
299 4368 361 4414 non
381 4352 594 4416 necessarium
615 4351 658 4416 ad
678 4351 827 4417 salutem:
848 4345 1028 4413 Anathema
1049 4346 1099 4412 sit.
1178 4347 1318 4426 quemuis
1339 4348 1513 4429 simplicem
1534 4351 1740 4416 sacedotem:
1761 4351 1940 4417 Anathema
1956 4354 2006 4417 sit.

236 4437 311 4513 [pag.
331 4440 407 4516 253]
438 4436 495 4502 VI.
531 4435 569 4502 Si
590 4438 664 4519 quis
680 4437 814 4502 dmerit:
834 4433 1043 4517 Baptizatum
1064 4452 1127 4496 nan

143 4539 254 4604 posse,
275 4522 399 4586 etiarnsi
420 4523 510 4601 velit,
531 4525 672 4607 qratiam
693 4523 833 4588 amittere
855 4523 1127 4603 quantumcunque
1265 4517 1425 4602 Eadem⁴)
1448 4527 1647 4586 sacrosancta
1672 4521 1817 4604 Spnodus
1837 4525 1953 4589 883888
1973 4527 2165 4607 praesiden-

143 4611 257 4687 pcocet,
279 4607 345 4671 uisi
365 4607 442 4673 nolit
462 4609 601 4675 credere:
623 4608 803 4675 Anathema
824 4608 875 4674 sit.
1045 4686 1048 4690 ,
1176 4601 1259 4669 libus
1279 4604 1455 4688 etLeqatis,
1477 4608 1651 4688 incoeptum
1672 4610 1858 4675 residentiae
1879 4615 1907 4674 et
1927 4611 2168 4693 reformationis

244 4691 324 4756 VII.
363 4691 401 4756 Si·
426 4695 499 4775 quis
526 4695 659 4761 dicerit:
693 4694 883 4777 Baptizatos
903 4711 966 4773 per
992 4688 1126 4770 Baptis-
1176 4690 1343 4772 neqotium,
1375 4695 1449 4770 [pag.
1470 4697 1545 4772 256]
1574 4695 1618 4759 ad
1639 4694 1703 4760 Dei
1730 4695 1871 4775 laudern,
1899 4702 1927 4763 8
1957 4695 2167 4768 Christianae

150 4795 239 4842 mum
260 4779 380 4859 8388,
406 4781 507 4845 solius
527 4786 649 4847 tautum
675 4782 751 4864 fidei
778 4779 930 4847 debitores
947 4775 1034 4858 fieri,
1063 4795 1126 4840 non

151 4868 256 4929 anum
272 4862 436 4930 uuioasae
453 4867 531 4950 lepis
543 4866 857 4935 Christiserrandae:
877 4862 1057 4930 Anathemo
1075 4861 1125 4940 sit
1179 4929 1185 4942 ‚
1246 4860 1275 4941 l)
1295 4859 1940 4931 Eaa.annqntoreseateimauae1547.1552.
1962 4868 2168 4928 lblbhabern:

246 4946 345 5048 8133.
380 4947 418 5014 se
444 4954 518 5033 qun
545 4954 676 5054 enea
702 4954 890 5038 88883
904 4949 1033 5050 ‚eneae
1060 4965 1127 5011 ese
1177 4928 1419 5054 neopum
1436 5003 1542 5066 mm:
1564 5003 1745 5058 mmm

150 5033 191 5100 “b
206 5122 212 5135 ,
225 5033 371 5100 ‘mmm
403 5040 529 5135 mim
556 5038 714 5106 meme
750 5042 942 5125 Immitis:
976 5053 1057 5117 Em
1078 5031 1127 5098 νά
1245 5064 1263 5120 3
1295 5066 1371 5123 Edd.
1428 5071 1532 5125 'suero
1551 5069 1763 5128 confirmationis
1782 5075 1928 5131 chrismati

145 5127 278 5204 3888,
300 5120 346 5187 oet
367 5123 489 5189 888
508 5129 597 5205 uu,
624 5131 672 5191 8
690 5132 726 5192 m
756 5147 794 5193 ec
817 5126 980 5192 cosmoe
1000 5139 1064 5185 88
1085 5122 1126 5184 te
1244 5133 1263 5188 4
1296 5135 1351 5192 aa
1373 5085 1495 5209 dmm.
1519 5139 1548 5194 o.
1567 5139 1620 5208 11,
1634 5157 1664 5209 ρ.
1681 5139 1725 5196 es.
