4620 5894
919 232 1288 303 PROLEGOMENA.
1983 236 2110 306 XXXI

89 423 324 507 obiurgatione
346 423 506 489 etVireto
528 424 778 490 oommendatus
799 430 859 505 est,
882 424 940 508 qui
962 443 1039 488 eum
1061 423 1196 490 oonsilio
1218 444 1278 489 suo
1298 431 1413 508 utpote
1435 425 1599 493 novitium
1611 432 1751 509 regeret,
1773 446 1833 508 pro
1845 446 1907 491 sua
1928 427 2109 511 prudentia

90 543 128 599 et
147 555 212 600 usu
233 556 332 618 quem
354 535 390 601 in
411 535 624 601 lausannensi
646 535 783 602 emissio
804 536 955 603 habebat
989 534 1062 599 Iam
1084 555 1164 601 vero
1185 555 1307 618 paucos
1328 542 1404 619 post
1423 557 1563 612 menses,
1586 537 1721 603 absente
1742 535 1877 621 eollega,
1899 554 1988 605 nova
2008 557 2109 622 quae-

91 643 171 713 dam
193 666 351 732 spargere
373 648 481 731 eoepit
502 646 673 732 dogmata,
702 646 756 714 vel
777 648 887 730 potius
913 654 1043 713 veteres
1072 647 1248 731 papistioas
1270 647 1522 731 superstitiones
1553 646 1799 728 commendare,
1826 649 1972 714 maxime
1993 669 2108 733 preoes

89 779 151 843 pro
172 759 313 825 mortuis
334 757 510 825 laoiendas.
556 756 767 843 Quapropter
795 780 816 823 a
844 758 982 824 oaeteris
1009 758 1173 823 ministris
1204 759 1418 843 impugnatus
1439 769 1474 824 et
1501 767 1662 826 asenatu
1684 759 1726 825 ad
1748 759 1948 843 palinodiam
1971 761 2108 827 damua-

90 876 155 949 tus,
178 868 411 953 depreeatione
432 869 596 937 submisse
617 877 652 935 et
673 889 749 935 eum
770 868 927 956 laerymis
947 871 1048 949 faeta,
1077 869 1312 936 contumeliam
1341 877 1508 953 aooeptam
1535 870 1669 938 ulturus
1697 870 1904 938 adversarios
1927 892 2003 937 suos
2025 873 2110 938 aria·

89 981 191 1047 uismi
211 980 429 1061 insimulavit,
450 989 547 1065 atque
569 981 755 1048 detestandi
776 982 898 1048 erroris
920 982 1017 1065 eulpa
1038 987 1191 1048 oneratos
1213 981 1349 1066 perdere
1372 980 1508 1048 studuit
1553 980 1682 1064 Quibus
1703 984 1831 1048 fortiter
1852 982 2108 1051 reclamantibus

90 1113 144 1159 res
164 1098 201 1159 et
221 1093 424 1159 Lausannae
446 1100 480 1159 et
495 1093 638 1173 Bernae,
661 1093 698 1157 in
719 1093 854 1177 synodis
876 1092 917 1158 de
939 1094 1002 1160 hae
1023 1095 1096 1177 ipsa
1118 1113 1217 1160 eausa
1238 1093 1370 1172 ooaetis,
1392 1101 1535 1160 traotata
1556 1101 1714 1160 eventum
1732 1094 1850 1160 habuit
1863 1093 2002 1161 (lalvino
2019 1095 2108 1162 eius-

67 1224 153 1288 que
172 1204 290 1270 amieis
310 1204 560 1270 lamtissimum
606 1203 744 1270 Carolus
766 1211 877 1269 autem
899 1204 962 1271 sibi
985 1207 1140 1290 graviora
1160 1213 1313 1271 metuens
1333 1205 1412 1290 fuga
1432 1202 1634 1271 Solodurum
1656 1227 1692 1272 se
1712 1206 1851 1290 reoepit,
1875 1213 1909 1271 et
1928 1205 2007 1271 inde
2027 1227 2108 1273 mox

89 1316 125 1381 iu
147 1314 299 1383 Galliam
326 1335 483 1383 reversus
506 1316 676 1382 (lardinali
698 1316 868 1381 Turnonio
890 1338 926 1382 se
948 1317 1065 1383 sistere
1085 1317 1285 1401 properavit,
1308 1316 1471 1383 ovioulam
1493 1316 1619 1383 soilioet
1639 1338 1682 1382 ex
1704 1316 1803 1402 longo
1820 1319 1972 1400 tristique
1995 1338 2106 1384 errore

89 1426 131 1493 ad
152 1426 243 1495 ovile
263 1426 468 1507 redeuntem,
490 1436 525 1492 et
544 1427 586 1493 ab
607 1448 646 1493 eo
667 1427 811 1494 Romam
832 1428 963 1506 missus,
992 1451 1013 1494 a
1034 1428 1141 1494 Paulo
1162 1427 1227 1493 HI.
1250 1428 1419 1511 pontifice,
1447 1429 1501 1495 oui
1523 1430 1684 1512 seriptum
1709 1429 1839 1512 aliquod
1867 1437 1982 1495 eontra
2002 1429 2107 1496 refor-

88 1546 237 1606 matores
263 1537 431 1605 edendum
451 1538 585 1618 obtulit,
612 1539 719 1605 soluto
741 1539 951 1606 matrimonio
977 1539 1014 1605 in
1035 1540 1176 1625 gratiam
1198 1547 1232 1606 et
1252 1538 1418 1624 gremium
1439 1539 1596 1607 eoelesiae
1623 1548 1776 1624 reoeptus
1798 1547 1857 1606 est
1902 1541 1950 1606 At
1971 1539 2105 1608 biennio

88 1651 156 1717 lare
177 1648 293 1734 elapso
313 1670 431 1716 rursus
452 1651 488 1716 in
509 1650 703 1716 Helvetium
730 1652 841 1730 venit,
869 1659 903 1717 et
924 1652 1047 1718 reliotis
1075 1651 1267 1735 pontifioiis,
1294 1651 1459 1734 prioribus
1489 1652 1683 1737 symmystis
1704 1650 1912 1718 reeoneiliari
1932 1651 2103 1735 quaesivit

88 1761 218 1829 Ambiit
240 1760 350 1827 denuo
370 1762 593 1830 ministerium
614 1763 651 1828 iu
672 1783 753 1848 agro
775 1763 993 1830 Neooomensi
1015 1762 1252 1843 exeroendum,
1284 1762 1400 1829 invitis
1421 1761 1555 1846 quidem
1573 1762 1818 1843 Bernensibus,
1849 1762 1908 1829 sed
1930 1785 1951 1830 a
1971 1763 2104 1830 Farello

90 1872 229 1958 aliisque
249 1873 422 1954 ministris,
444 1874 558 1941 mitius
580 1872 622 1939 de
643 1874 715 1941 viro
736 1876 975 1958 poeniteutiam
997 1877 1142 1960 professo
1163 1873 1395 1955 iudicantibus,
1426 1876 1507 1941 satis
1529 1875 1672 1959 benigne
1694 1881 1859 1958 exeeptus.
1904 1873 1972 1957 Qui
1993 1885 2104 1942 tamen

89 1986 160 2069 ipsi,
184 2006 290 2069 quum
310 1986 526 2071 magistratus
553 1985 700 2052 duriores
730 1987 771 2054 ei.
789 1988 908 2052 veniae
929 1984 1156 2070 impetrandae
1177 1985 1381 2053 eonditiones
1402 1985 1596 2071 irrogasset,
1625 1993 1758 2053 autores
1783 1987 1919 2052 luerunt
1947 1996 1985 2052 ut
2006 1987 2105 2053 aliam

89 2095 151 2163 sibi
171 2098 352 2164 stationem
372 2105 554 2181 quaereret
598 2097 733 2163 Exinde
760 2118 821 2182 per
847 2098 960 2183 plures
983 2119 1087 2165 annos
1110 2098 1191 2165 satis
1218 2118 1337 2182 vagam
1360 2104 1394 2162 et
1414 2099 1543 2164 variam
1565 2098 1668 2163 vitam
1689 2099 1766 2182 egit,
1788 2106 1858 2164 tam
1879 2099 1917 2163 in
1937 2098 2105 2180 Helvetia,

90 2229 188 2293 quam
207 2207 476 2293 Montebelgardi
497 2217 531 2276 et
555 2210 776 2294 argentorati,
798 2209 940 2294 denique
962 2207 1051 2293 apud
1071 2210 1248 2289 Metenses,
1271 2208 1410 2275 alternis
1431 2210 1558 2277 vioibus
1579 2209 1757 2277 Calvinum
1778 2216 1813 2276 et
1833 2209 2006 2276 Farellum
2026 2229 2105 2276 eon·

90 2320 183 2389 viriis
208 2328 245 2387 et
272 2320 394 2387 libellis
419 2320 598 2405 impetens,
630 2319 826 2406 eosdemque
857 2323 979 2388 amieos
1015 2331 1048 2387 et
1074 2329 1230 2406 patronos
1250 2321 1422 2388 humiliter
1446 2321 1603 2388 salutans.
1653 2322 1828 2387 Postremo
1856 2320 1957 2387 rebus
1982 2320 2101 2405 despe-

89 2433 170 2499 ratis
191 2431 237 2497 ad
262 2433 449 2516 pontifioios
470 2435 594 2498 iterum
621 2432 721 2499 rediit
747 2441 781 2498 et
801 2434 929 2500 Romae
957 2433 1044 2499 diem
1074 2455 1171 2500 suum
1193 2433 1282 2500 obiit.
1326 2433 1421 2500 Haeo
1448 2435 1573 2517 partim
1594 2455 1637 2501 ex
1666 2432 1779 2500 libello
1800 2454 1889 2499 nuno
1918 2433 2103 2500 aomratius

89 2542 305 2611 desufibendo
334 2546 455 2628 partim
483 2565 526 2610 ex
554 2544 709 2612 theseum
737 2544 925 2613 oalviniauo
952 2544 1138 2630 epistolioo,
1168 2544 1257 2611 edito
1280 2552 1317 2628 et,
1343 2545 1487 2626 inedito,
1515 2544 1700 2612 hausimus:
1730 2546 1836 2612 fusius
1862 2566 1901 2611 ea
1922 2552 2103 2611 narrarunt

88 2654 224 2741 Fleury,
247 2655 325 2722 hist
348 2655 426 2723 eool.
447 2658 540 2723 (lom.
564 2661 619 2736 35;
641 2657 784 2736 Ruohat,
808 2658 899 2723 Tem.
929 2657 993 2722 111.
1018 2661 1080 2722 360
1103 2679 1157 2735 ss.‚
1176 2655 1237 2722 IV.
1264 2660 1334 2722 152.
1362 2661 1431 2723 180.
1457 2661 1530 2736 385,
1552 2657 1595 2722 V.
1622 2661 1660 2720 17
1683 2679 1726 2722 ss.
1749 2663 1791 2722 40
1812 2678 1855 2724 ss.
1880 2659 1941 2750 129
1949 2681 1957 2735 ;
1977 2657 2102 2723 Kiroh·
2230 2677 2232 2682 ·

89 2766 189 2849 beser,
211 2767 324 2834 Farel.
347 2767 375 2834 I.
396 2771 458 2834 219
481 2789 536 2850 ss,
558 2768 604 2834 11.
631 2772 669 2833 12
692 2791 734 2836 ss.
758 2772 808 2834 63.
852 2769 944 2834 Besa
963 2768 1000 2834 in
1023 2769 1104 2834 Vita
1121 2768 1253 2834 Oalvini
1275 2768 1484 2852 paucioribus
1506 2789 1577 2834 rem
1599 2768 1749 2836 absolvit

244 2878 320 2946 Iam
341 2879 383 2945 de
403 2880 527 2964 seripto
547 2887 663 2947 eontra
683 2879 773 2949 huno
799 2880 902 2946 talem
931 2881 1098 2946 hominem
1126 2879 1213 2946 edito
1236 2879 1426 2961 dieendum;
1458 2886 1558 2963 atque
1583 2877 1625 2944 de
1650 2900 1731 2946 vero
1757 2881 1828 2946 eius
1859 2888 1981 2947 autore
2007 2881 2104 2947 insti·

89 2988 214 3057 menda
231 2987 425 3075 disquisitio.
469 2992 601 3059 Titulus
623 2992 773 3078 opuseuli
793 2992 849 3058 hie
871 2999 936 3058 est:

243 3115 371 3201 PRO
401 3116 456 3201 G.
490 3116 725 3202 FAREL-
767 3117 773 3225 Ι
814 3128 1324 3216 postremissimus-1
1353 3140 1639 3211 murmurare
1666 3139 1779 3196 reru
1804 3130 1811 3215 ι
1838 3129 1948 3196 earou
1977 3130 2103 3196 theolo-

90 3242 192 3325 grstri
213 3241 410 3323 ealumnias,
432 3241 580 3308 defensio
601 3242 668 3308 Ni·
692 3247 698 3321 Ι
724 3241 808 3309 eolai
830 3241 979 3309 Gallasii.
1009 3242 1014 3324 Ι
1051 3249 1222 3318 (mama)
1248 3242 1253 3326 Ι
1280 3251 1380 3307 reat.
1404 3252 1497 3307 cxlx.
1524 3241 1529 3329 Ι
1553 3239 1772 3325 Respondebo
1789 3240 2003 3324 exprobranti
2018 3241 2102 3306 mihi

91 3353 232 3420 manen:
254 3373 347 3438 quo·
376 3354 381 3439 1
411 3354 501 3419 niam
523 3374 598 3438 spes
619 3375 695 3420 mea
717 3355 754 3418 in
774 3352 847 3420 Deo
868 3360 927 3421 est
957 3353 964 3439 Ι
993 3363 1096 3418 ACTO.
1118 3363 1217 3419 XXVI.
1247 3352 1252 3439 Ι
1281 3354 1408 3420 Multas
1436 3360 1470 3420 et
1496 3373 1617 3438 graues
1644 3352 1891 3419 eriminationes
1919 3352 2103 3419 afferebant

90 3463 150 3530 sd·
178 3464 185 3549 Ι
215 3485 337 3531 uersus
352 3464 509 3545 Paulum,
531 3485 614 3549 quas
636 3486 705 3531 non
726 3472 881 3549 poterant
901 3466 1048 3549 probare.
1069 3465 1075 3550 Ι
1098 3470 1188 3532 1545.
1263 3528 1268 3538 ,

242 3575 422 3645 Emblema
442 3584 494 3643 est
515 3577 650 3644 Girardi
672 3577 802 3664 gladius
823 3579 997 3644 flammeus
1019 3598 1097 3644 eum
1118 3598 1177 3642 suo
1198 3577 1372 3644 notissimo
1394 3576 1525 3661 adagio:
1548 3584 1626 3641 Noa
1654 3586 1745 3641 VENI
1766 3585 1892 3643 ΡΑΟΕΜ
1912 3583 1917 3653 Ι
1935 3585 2102 3642 maruan

89 3694 129 3753 m
148 3688 263 3773 Tm}
288 3696 377 3769 Rati,
399 3697 470 3754 SED
489 3697 668 3755 GLADIVM.
710 3690 842 3756 Nomen
862 3688 926 3757 looi
948 3698 983 3755 et
1002 3689 1204 3775 typographi
1226 3709 1391 3772 nusquam
1412 3687 1624 3773 adseriptum,
1647 3686 1706 3754 sed
1725 3688 1851 3753 nemini
1873 3688 2009 3755 dubium
2031 3708 2104 3755 esse

91 3806 206 3883 perer.
250 3799 390 3880 Forma,
416 3808 456 3866 ut
481 3822 627 3887 semper,
655 3803 824 3870 octonaria
849 3803 967 3868 minor.
1013 3801 1256 3883 Quaterniones
1283 3806 1362 3865 sunt
1389 3820 1449 3866 sex
1471 3799 1634 3885 (it-1⁴²),
1661 3799 1802 3884 paginae
1827 3807 2020 3866 numeratae
2050 3803 2101 3880 92,

93 3920 230 3995 quatuor
249 3910 390 3978 ultimae
409 3933 542 3980 vaenue.
587 3914 852 3997 Exemplarque
874 3915 925 3981 usi
947 3934 1061 3980 sumus
1082 3919 1234 3978 nostrum
1254 3917 1318 3978 est:
1342 3912 1432 3978 aliud
1453 3910 1582 3977 nullum
1603 3909 1757 3978 vidimus.

243 4022 342 4089 Libri
363 4032 613 4109 argumentum,
645 4025 732 4109 quod
753 4026 848 4091 facile
869 4025 1061 4105 oonieeeris,
1090 4025 1237 4090 maxima
1258 4044 1299 4089 ex
1321 4029 1416 4108 parte
1437 4022 1633 4106 polemioum
1655 4029 1720 4103 est,
1746 4022 1795 4088 ita
1816 4030 1854 4088 ut
1876 4021 1987 4089 (iaroli
2009 4021 2097 4087 diota

95 4132 249 4219 fretaque,
272 4134 351 4201 inde
372 4133 415 4199 ab
435 4137 532 4202 initio
549 4137 698 4221 repetita,
722 4136 881 4203 aoerrimo
903 4137 978 4202 stilo
998 4137 1274 4221 perstringantur.
1308 4136 1439 4202 Passim
1460 4143 1573 4201 tamen
1595 4136 1694 4199 etiam
1716 4133 1757 4199 de
1779 4153 1847 4198 uno
1869 4133 2013 4200 alterove
2029 4132 2102 4198 loeo

99 4242 259 4313 datum
280 4245 465 4332 theologiae
487 4246 634 4333 disputat
654 4256 758 4328 autor,
782 4268 821 4314 eo
843 4248 980 4314 oonsilio
1002 4256 1039 4314 ut
1060 4247 1240 4315 adversarii
1262 4248 1486 4314 aeousationes
1508 4246 1549 4312 de
1571 4244 1736 4311 erroribus
1758 4243 1890 4311 Oalvini
1912 4243 2101 4328 Farellique

100 4352 285 4443 dogmatiem
307 4364 432 4424 temere
452 4360 489 4426 in
509 4361 656 4427 medium
676 4361 824 4444 prolatas
847 4360 952 4425 diluat
973 4367 1007 4424 et
1028 4361 1158 4425 refutet.
1206 4358 1289 4441 Quis
1313 4366 1423 4425 autem
1445 4365 1541 4425 autor
1562 4357 1672 4436 fauerit,
1694 4355 1737 4435 id,
1761 4354 1944 4422 taeentibus
1956 4355 2046 4421 Beaa
2067 4363 2101 4421 et

101 4464 282 4548 (lolladono,
304 4471 361 4554 qni
383 4469 424 4536 de
445 4472 509 4538 hoo
531 4474 653 4557 seripto
674 4493 717 4538 ne
738 4470 792 4557 γρι)
809 4469 943 4556 quidem
964 4471 1103 4550 habent,
1131 4493 1173 4536 ex
1196 4471 1343 4554 epistolis
1364 4470 1482 4550 Vireti,
1504 4467 1629 4535 Farelli
1651 4475 1685 4532 et
1706 4466 1840 4532 Oalvini
1860 4466 1986 4531 mutuis
2008 4466 2100 4534 nullo

101 4581 222 4665 negotio
249 4602 355 4648 erues.
399 4584 518 4651 Mense
538 4584 635 4650 Iunio
661 4604 689 4649 a.
715 4587 796 4648 1545
819 4582 973 4649 Farellus
995 4581 1136 4649 Oalvino
1163 4581 1290 4648 libellos
1315 4581 1492 4647 nonnullos
1514 4578 1625 4647 Garuli
1652 4577 1770 4657 mittit,
1797 4577 1885 4642 iuter
1913 4578 1994 4645 alios
2023 4600 2101 4645 eum

105 4708 192 4771 quem
211 4694 370 4762 Pontifiei
391 4694 471 4762 olim
498 4696 680 4782 supplioem
701 4694 874 4774 obtulerat,
897 4702 968 4760 tum
990 4700 1065 4761 aeta
1086 4693 1376 4778 Agathopolitaua,
1397 4692 1432 4758 id
1454 4699 1505 4758 est
1526 4692 1722 4757 documenta
1743 4688 1785 4755 ad
1806 4690 2052 4773 inquisitionem
2080 4712 2101 4757 a

106 4796 322 4871 Bunensibus
342 4806 381 4870 in
398 4806 519 4891 oppido
528 4806 726 4873 Bonneville
743 4803 783 4871 de
794 4804 914 4873 Oarolo
936 4806 1084 4872 habitam
1101 4805 1317 4888 pertinentia3
1340 4803 1431 4870 addit
1449 4825 1485 4869 se
1505 4809 1677 4887 praeterea
1698 4801 1821 4867 habere
1842 4824 1882 4867 ea
1903 4823 1987 4886 quae
1998 4802 2100 4869 Motis

108 4909 183 4991 plebi
206 4914 264 4980 ille
284 4919 495 5001 proposuerit
516 4916 556 4983 de
577 4918 806 4985 defunetorum
835 4919 955 4984 animis
984 4919 1019 4982 in
1041 4916 1199 5000 sepuleris
1226 4915 1316 5000 apud
1342 4915 1492 4999 ipsarum
1520 4934 1657 4997 eorpora
1684 4912 1909 4992 versantibus,
1940 4922 1974 4979 et
2000 4914 2100 4982 huius

110 5018 220 5092 briaae
239 5025 348 5111 plura,
369 5050 461 5113 quae,
483 5031 511 5098 si
523 5029 684 5097 Calvinus
702 5036 805 5115 petat,
827 5051 863 5096 se
881 5026 1136 5095 transmittenda
1157 5033 1357 5094 curaturum.
1391 5026 1578 5109 Epistulam
1587 5025 1819 5109 desoripsimus
1831 5046 1874 5090 ex
1892 5025 2100 5109 autographo

111 5126 251 5203 lleooomi
271 5150 445 5208 asservato.
488 5142 610 5211 Panois
630 5150 704 5227 post
725 5141 850 5222 diebus,
874 5141 989 5208 eodem
1009 5160 1124 5206 mense
1145 5144 1313 5222 vergente,
1335 5136 1473 5203 Viretus
1495 5136 1672 5206 Calvinum
1695 5136 1765 5202 adit
1785 5143 1825 5201 ut
1846 5142 1997 5202 sanetum
2015 5134 2099 5200 illud
