4620 5894
144 220 207 285 ear
469 195 472 199 ’
896 212 1423 285 ιιιιιιιιιιιοιιιιιοιιιιιι
2112 216 2171 282 aa

144 406 310 474 extollens
343 403 444 473 beata
468 404 577 507 Virgo
609 403 651 471 ad
683 404 799 471 foedus
834 409 867 469 et
898 402 1133 487 promissiones
1185 403 1243 487 qui
1265 402 1308 469 ad
1329 403 1566 486 poenitentiam
1584 404 1673 488 ipsos
1692 403 1881 485 adduceret,
1903 404 2070 473 concedat
2078 404 2171 472 dmul

145 495 290 578 respicit,
326 492 399 557 sine
429 492 549 576 quibus
576 498 614 556 ut
638 491 848 557 absconditus
870 498 922 555 est
943 489 1008 554 Dei
1030 509 1132 567 amor,
1186 509 1320 567 necesse
1350 499 1401 555 est
1432 491 1532 556 fuisse
1564 491 1690 575 gratiae
1721 490 1788 556 Dei
1817 511 2032 575 praeconem.
2083 491 2169 559 Haeo

145 580 195 645 ite
227 579 321 644 nulla
348 579 465 644 salutis
494 577 638 661 cognitio
659 576 848 661 percipitur.
893 573 973 641 Ideo
995 573 1133 641 Simeon
1186 575 1275 640 enim
1295 574 1445 659 legitima
1466 582 1517 640 est
1534 575 1699 642 docendae
1720 578 1948 659 poenitentiae
1967 578 2066 657 ratio,
2088 580 2170 663 quod

147 664 333 731 exhibitum
365 663 431 729 Dei
470 663 614 730 salutare
656 684 779 729 canons
813 661 855 726 ab
887 660 1001 726 eodem
1035 679 1132 742 scopo
1186 661 1279 726 Deus
1301 661 1385 725 nolit
1404 670 1546 725 mortem
1568 664 1758 744 peccatoris,
1789 663 1930 746 ideoque
1963 664 2110 749 benigne
2140 673 2170 732 et

147 751 286 816 minimo
308 750 463 816 deflectit
508 750 661 832 Denique
689 748 744 814 hic
773 749 899 831 primns
927 754 978 811 est
998 747 1034 809 in
1056 746 1133 810 fun-
1187 747 1323 812 comiter
1342 746 1490 830 perditos
1523 767 1637 813 omnes
1659 747 1701 812 ad
1723 770 1759 814 se
1781 749 1917 828 invitet,
1952 760 1992 813 ιιι
2022 752 2170 818 conversi

148 836 303 902 (lamento
325 835 403 900 fidei
424 843 558 900 nostrae
580 834 673 917 lapis,
706 832 820 898 foedus
842 832 928 916 quod
957 831 1035 896 olim
1057 852 1133 896 cum
1185 834 1310 897 vivant.
1355 831 1550 897 Tenendum
1572 835 1660 897 enim
1681 837 1839 899 memoria
1865 846 1918 901 est
1938 835 2025 900 illud
2047 837 2169 904 Psalmi

147 922 299 1005 patribus
329 921 422 986 Deus
453 921 632 1004 pepigerat,
666 941 754 985 nunc
790 920 826 982 in
853 917 987 984 Christo
1022 926 1132 982 ratum
1189 923 1250 981 leo
1273 922 1317 1000 (v.
1341 928 1392 995 4>ε
1437 920 1468 983 Α
1491 917 1536 983 ud
1559 928 1592 983 te
1612 926 1664 984 est
1684 922 1881 1002 propitiatio,
1897 925 1922 999 ¹)
1952 931 1992 986 ut
2014 922 2168 992 timearis

149 1028 222 1074 esse
249 1018 282 1072 et
309 1006 517 1090 completum.
563 1007 655 1089 Ergo
683 1004 845 1071 Servatus
878 1001 978 1068 fidem
1006 1002 1133 1068 Christi
1186 1001 1261 1083 Quo
1284 1003 1449 1087 significat
1506 1003 1591 1082 avid,
1626 1006 1698 1069 fieri
1726 1027 1896 1088 nunquam
1919 1028 2021 1090 posse
2043 1017 2083 1072 ut
2103 1011 2169 1074 arri·

149 1114 170 1158 a
201 1092 472 1176 promissionibus
506 1089 704 1174 discerpens,
744 1111 812 1155 nou
842 1089 955 1154 minus
989 1095 1133 1154 atrocem
1185 1109 1277 1152 mum
1310 1089 1464 1154 adiiciant
1486 1088 1635 1155 homines
1667 1089 1709 1156 ad
1741 1091 1866 1157 cultum
1888 1092 1966 1171 Dei,
2001 1114 2107 1177 seque
2136 1099 2169 1161 in

149 1177 284 1245 Christo
320 1179 399 1244 facit
439 1178 607 1254 iniuriam,
653 1198 752 1259 quam
790 1177 846 1258 qui
881 1175 949 1239 suis
986 1175 1133 1240 vestibus
1186 1174 1256 1239 cius
1284 1174 1474 1256 obsequium
1504 1174 1667 1254 addicant,
1702 1176 1805 1242 donec
1831 1178 2086 1244 misericordem
2112 1181 2169 1247 eibi

148 1263 311 1329 nudatum
329 1263 552 1348 flagellarunt.
588 1263 680 1328 Dicit
702 1262 874 1339 Servatus,
898 1259 1133 1326 Chananaeam
1186 1261 1254 1324 fore
1277 1260 1463 1342 concipiant
1494 1282 1533 1326 ac
1566 1263 1754 1344 propitium.
1798 1262 1997 1329 Cornelium
2027 1274 2065 1331 et
2092 1267 2170 1333 alte·

147 1349 330 1430 mulierem,
360 1349 415 1415 vel
448 1349 530 1414 alios
557 1347 730 1432 quoslibet,
759 1347 827 1412 solo
850 1346 978 1412 Christi
999 1353 1134 1428 aspectu
1185 1366 1261 1409 rum
1289 1344 1525 1412 Centurionem
1560 1348 1656 1413 nobis
1689 1347 1994 1430 obiicitServetus,
2032 1373 2171 1435 quorum

146 1444 282 1518 propter
316 1435 479 1501 miracula
510 1434 560 1498 illi
593 1432 765 1500 credentes
798 1432 898 1498 fuisse
931 1432 1133 1510 iustificatos,
1185 1431 1269 1495 alter
1291 1453 1311 1495 a
1332 1432 1458 1496 iustitia
1479 1442 1513 1496 et
1534 1433 1630 1499 bonis
1651 1434 1803 1516 operibus
1825 1435 1999 1515 laudatur,
2035 1438 2170 1506 alterius

149 1522 249 1586 etiam
272 1522 302 1585 si
324 1520 364 1585 de
387 1519 658 1604 promissionibus
678 1519 763 1584 nihil
786 1538 933 1602 unquam
955 1515 1131 1594 audissent,
1185 1516 1285 1581 fidem
1318 1517 1364 1581 ita
1395 1516 1541 1583 celebrat
1568 1517 1732 1597 Christus,
1764 1530 1805 1584 ιιι
1836 1530 1938 1606 neget
1970 1543 2010 1588 se
2044 1533 2170 1591 tantam

149 1607 228 1690 quia
250 1627 286 1672 se
308 1607 463 1671 Christus
491 1607 588 1671 factis
614 1605 802 1670 declarabat
827 1625 899 1669 esse
920 1602 985 1668 Dei
1011 1602 1131 1667 filium:
1184 1601 1306 1668 vidisse
1349 1603 1385 1666 in
1425 1603 1538 1669 Israel.
1608 1603 1676 1670 Sed
1719 1626 1784 1669 non
1832 1607 1956 1690 cogitat
2003 1608 2170 1676 hominem

148 1692 237 1775 quod
259 1692 431 1757 eredentes
458 1691 616 1767 salvabat,
652 1691 751 1755 etiam
785 1689 814 1755 si
848 1698 959 1754 essent
986 1687 1133 1773 Scythae
1184 1687 1352 1770 gentilem,
1386 1710 1485 1771 quum
1509 1688 1566 1754 diu
1594 1690 1630 1754 in
1651 1690 1776 1756 Iudaea
1796 1701 1951 1759 versatus
1973 1695 2072 1773 forst,
2105 1698 2169 1780 pie·

148 1776 275 1842 nullam
310 1777 562 1860 promissionem
597 1776 765 1840 habentes.
814 1775 943 1839 Verum
973 1771 1132 1839 Servetus
1184 1773 1262 1837 tatis
1296 1773 1490 1839 rudimentis
1522 1776 1623 1840 fuisse
1650 1776 1824 1854 imbutum,
1857 1786 1896 1843 nt
1918 1778 2098 1846 Christum
2130 1804 2168 1849 ex

141 1863 247 1945 'longe
271 1866 345 1941 [pag.
366 1866 442 1941 243]
470 1862 572 1927 alium
595 1861 767 1927 Christum
790 1860 905 1944 pingit,
941 1880 1038 1942 quam
1075 1859 1131 1940 qui
1183 1858 1247 1923 Dei
1269 1860 1539 1941 promissionibus
1556 1860 1771 1928 mediatorem
1788 1863 2065 1946 apprehenderet.
2089 1868 2166 1934 Cor-

65 1970 68 1977 ·
148 1945 243 2013 nobis
265 1968 284 2011 a
305 1948 467 2031 propheta
488 1948 597 2013 Iesaia
619 1947 803 2011 delineatae
831 1947 894 2010 fuit
916 1965 983 2028 cap.
1008 1949 1048 2008 53
1085 1960 1131 2018 (v.
1185 1944 1262 2007 nelii
1284 1966 1363 2010 vero
1390 1946 1560 2012 exauditas
1593 1949 1693 2013 fuisse
1725 1970 1838 2030 preces
1870 1951 1985 2016 Lucas
2018 1961 2165 2020 testatur.

151 2038 219 2110 ll):
244 2032 393 2099 Scientia
415 2055 476 2099 sua
502 2033 570 2117 (vel
592 2035 710 2098 notitia
731 2034 798 2097 sui:
833 2040 1009 2113 utrumque
1042 2032 1131 2095 enim
1184 2031 1318 2095 Precari
1341 2040 1451 2095 autem
1474 2034 1530 2115 qui
1575 2034 1668 2109 otuit,
1691 2035 1755 2099 nisi
1776 2034 1841 2099 fide
1864 2036 2067 2103 directrice?
2105 2062 2165 2104 non

147 2118 213 2203 legi
242 2122 364 2203 potest)
397 2120 589 2185 iustificabit
619 2118 752 2196 multos,
784 2119 854 2200 ipse
888 2117 996 2181 iustus
1026 2138 1129 2181 meus.
1184 2115 1364 2197 illaquam
1387 2055 1721 2197 somniatCervctus,
1750 2120 1808 2184 sed
1828 2142 1914 2204 quae
1936 2143 1980 2186 cx
2005 2123 2072 2189 Dei
2094 2148 2165 2210 pro·

85 2232 88 2237 ’
147 2205 326 2270 Doctorem
362 2215 451 2272 certe
489 2205 559 2268 illic
592 2204 687 2269 Deus
723 2202 817 2267 nobis
849 2203 999 2285 praeficit
1033 2223 1131 2268 suum
1184 2201 1395 2267 missionibus
1423 2205 1584 2267 nascitur:
1624 2204 1899 2287 quemadmodum
1930 2208 2084 2291 loquitur
2110 2233 2165 2296 per

146 2290 263 2369 filium,
304 2299 342 2355 ut
381 2313 442 2356 nos
482 2292 647 2355 iustificat.
710 2290 855 2353 Videtur
893 2289 1026 2352 tandem
1066 2288 1131 2352 huo
1183 2286 1376 2370 prophotas:
1400 2289 1516 2353 Dicam
1539 2289 1614 2368 illis,
1647 2311 1705 2355 vos
1734 2293 1872 2374 populus
1901 2315 2016 2371 meus,
2050 2307 2086 2362 ct
2106 2299 2164 2382 ipsi

147 2374 347 2440 descendere
370 2375 538 2453 Servatus,
561 2397 665 2457 quum
688 2374 860 2458 evangelio
886 2373 1019 2439 credere
1042 2373 1129 2449 dicit,
1184 2373 1329 2438 vicissim
1362 2372 1473 2439 dicent
1506 2374 1603 2439 mihi:
1639 2377 1690 2439 Tu
1714 2378 1804 2441 Deus
1833 2388 1954 2444 noster.
2004 2381 2161 2449 Videmus

168 2462 202 2525 ui
224 2481 340 2526 vocem
362 2461 450 2526 hanc
472 2461 653 2543 recipiunt:
715 2460 782 2526 Hic
822 2467 874 2524 est
911 2459 1000 2524 filius
1037 2479 1131 2523 meus
1183 2478 1262 2543 crgo
1292 2468 1329 2522 ut
1362 2460 1603 2526 invocationem
1632 2461 1745 2526 ordino
1778 2463 1955 2544 praecedat
1983 2470 2160 2550 promissio,

146 2481 295 2624 dilectus,
333 2547 367 2610 in
408 2567 472 2629 quo
510 2546 594 2611 mihi
634 2546 824 2628 complacui.
880 2543 947 2610 Sed
970 2545 1130 2627 quomodo
1184 2566 1221 2610 ac
1243 2544 1408 2610 Dominus
1440 2547 1585 2628 gratuito
1619 2568 1678 2612 suo
1709 2549 1820 2614 favore
1847 2572 1909 2616 nos
1936 2557 2160 2635 praeveniens,

146 2632 235 2697 inter
257 2653 292 2697 se
314 2633 512 2697 convenient
540 2632 605 2696 ista
632 2631 708 2709 duc,
736 2632 887 2696 sufficere
913 2630 1039 2695 nudum
1062 2633 1130 2697 vir-
1182 2651 1219 2695 os
1239 2631 1333 2696 nobis
1357 2631 1399 2695 ad
1419 2633 1580 2696 orandum
1607 2635 1741 2716 aperiat,
1772 2635 1854 2700 sicut
1885 2635 2011 2703 dieitur
2032 2641 2160 2706 Psalmo

145 2718 227 2782 tutis
251 2726 419 2801 aspectum
441 2717 477 2782 in
499 2717 676 2793 miraculis,
717 2724 752 2781 ot
784 2716 907 2799 requiri
935 2737 1048 2782 vooem
1083 2718 1130 2782 lo·
1183 2717 1296 2798 quinto
1319 2723 1363 2795 (v.
1387 2717 1439 2799 8):
1469 2717 1687 2782 Multitudine
1709 2720 1952 2787 misericordiae
1974 2723 2043 2790 Dei
2064 2727 2160 2791 fretus

147 2803 300 2886 quentis?
346 2801 464 2869 Fidem
496 2801 632 2889 Scythis
665 2804 773 2867 omnis
806 2801 974 2867 doetrinae
1005 2804 1130 2887 ignaris
1183 2801 1351 2886 ingrediar
1371 2803 1441 2867 cius
1463 2803 1632 2885 templum.
1679 2804 1839 2871 Servetus
1858 2827 1940 2874 vero
1970 2831 2042 2874 non
2071 2811 2158 2876 modo

146 2898 180 2953 et
213 2889 412 2972 expertibus,
447 2911 523 2955 cum
558 2889 686 2955 Christi
722 2887 889 2969 discipulis
922 2907 1130 2953 communem
1183 2888 1308 2952 calcata
1341 2889 1555 2971 promissione
1589 2890 1729 2972 superbe
1767 2892 1932 2975 irrumpit,
1976 2895 2036 2961 sed
2074 2899 2158 2962 uobis

145 2974 238 3039 esse?
285 2976 331 3038 Et
364 2985 477 3040 tamen
512 2975 576 3040 duo
607 2978 670 3040 ista
700 2973 822 3057 placita
843 2972 1003 3039 Servetus
1030 2975 1130 3039 simul
1183 2974 1282 3037 etiam
1316 2974 1468 3047 oblatrat,
1503 2975 1590 3056 quod
1612 2976 1684 3040 Deo
1714 2979 1918 3058 proferamus
1952 2982 1990 3045 in
2021 2982 2157 3048 medium

146 3062 301 3126 contexit.
319 3064 342 3139 ¹)
388 3061 565 3126 Caeterum
598 3069 638 3125 ut
664 3060 704 3126 de
732 3061 955 3143 repugnantia
983 3070 1051 3124 tam
1073 3060 1129 3125 de·
1182 3079 1260 3123 suas
1293 3060 1534 3141 promissiones,
1567 3070 1605 3125 ut
1637 3082 1672 3125 se
1706 3083 1785 3146 erga
1810 3085 1869 3128 nos
1900 3087 2055 3133 veracem
2091 3074 2157 3150 [pag.

143 3146 240 3210 formi
264 3147 388 3221 sileam,
412 3148 487 3230 plus
509 3147 590 3212 satis
609 3145 789 3212 absurdum
808 3158 859 3210 est
876 3146 946 3211 eius
964 3167 1129 3211 commcn-
1184 3150 1257 3222 245]
1280 3147 1472 3227 praestet.²)
1516 3146 1591 3211 Non
1613 3145 1714 3228 pudet
1735 3170 1802 3227 vos,
1828 3151 1945 3232 inquit,
1976 3154 2088 3219 Deum
2107 3175 2157 3219 vo-

145 3239 226 3309 tum,
251 3231 337 3314 quod
356 3254 422 3296 vox
443 3232 508 3297 ista
530 3232 633 3314 patris
652 3232 738 3296 nihil
760 3232 854 3296 nobis
874 3232 1048 3314 promittit,
1072 3232 1130 3298 sod
1182 3231 1231 3295 bis
1253 3231 1360 3296 facere
1382 3229 1585 3296 debitorem?
1632 3232 1701 3297 Nos
1734 3255 1811 3298 vero
1843 3257 1944 3317 qnam
1967 3238 2064 3306 Deus
2091 3262 2156 3324 pro-

145 3324 278 3382 tentum
301 3317 447 3382 declarat
469 3317 547 3399 quid
571 3319 634 3382 sibi
655 3318 791 3400 placeat.
812 3317 939 3381 Iterum
958 3317 1129 3384 Christum
1181 3316 1284 3380 mittit
1304 3316 1467 3395 fiduciam,
1491 3316 1584 3382 nobis
1605 3318 1768 3401 intrepide
1790 3322 1962 3387 sumimus.
2015 3327 2084 3392 Neo
2105 3326 2156 3391 du·

146 3423 225 3468 vero
248 3423 307 3468 suo
330 3411 448 3467 ornatu
481 3402 601 3485 spoliat
622 3403 675 3468 hic
698 3403 853 3481 carnifex,
888 3405 981 3484 quasi
1004 3406 1129 3470 virtute
1181 3402 1323 3467 bitemus
1344 3403 1550 3467 familiariter
1578 3424 1619 3468 ex
1642 3405 1734 3469 verbi
1757 3408 1806 3470 sni
1828 3411 2035 3492 praescripto
2059 3432 2154 3496 agere

145 3491 235 3553 omni
258 3499 292 3552 ct
314 3488 438 3554 divitiis
458 3509 583 3554 vacuus
614 3489 655 3554 ad
679 3509 738 3552 nos
761 3488 914 3571 prodiret.
959 3490 1029 3554 Neo
1052 3512 1129 3555 voro
1183 3487 1308 3553 Sancta
1329 3496 1381 3552 est
1410 3488 1467 3552 illa
1489 3492 1721 3573 praesumptio,
1756 3512 1839 3574 quae
1861 3493 1909 3557 ita
1930 3500 2093 3580 exsurgit,
2125 3510 2156 3561 ut

146 3573 281 3637 aliunde
305 3595 403 3657 quam
439 3595 480 3638 ex
514 3574 584 3638 loeo
616 3576 780 3656 praesenti
808 3575 960 3639 refutatio
986 3576 1129 3658 peteuda
1182 3582 1395 3657 praeeuntem
1428 3584 1584 3656 sequatur
1610 3574 1730 3641 Deum.
1792 3578 1861 3643 Nec
1900 3580 2004 3645 etiam
2039 3583 2156 3648 Paulus

146 3666 206 3724 est.
249 3659 348 3724 Iubet
369 3668 464 3742 pater
485 3659 594 3723 audiri
616 3660 733 3724 fflium.
777 3660 895 3724 Nonne
930 3663 978 3724 ita
1009 3670 1043 3725 et
1069 3662 1128 3727 do·
1181 3660 1282 3723 alium
1304 3661 1368 3724 rite
1391 3660 1545 3741 precandi
1566 3660 1702 3725 modum
1719 3662 1773 3727 vcl
1791 3664 1888 3729 seivit
1908 3666 1992 3748 ipse,
2016 3668 2070 3733 vel
2092 3669 2155 3733 aliis

146 3743 242 3810 cendi
264 3754 373 3828 partes
396 3746 425 3808 si
449 3745 601 3827 iniungit,
635 3756 668 3810 et
696 3766 757 3811 nos
784 3744 826 3808 ad
854 3745 1054 3811 docilitatem
1076 3749 1127 3811 in·
1181 3745 1325 3810 tradidit.
1370 3746 1458 3809 Nam
1491 3745 1532 3810 ad
1560 3747 1722 3830 Ephesios
1754 3750 1851 3813 tertio
1885 3753 1995 3833 capite
2029 3754 2074 3839 (v.
2101 3758 2155 3832 12),

146 3830 264 3910 stituit,
306 3852 389 3912 quae
426 3832 570 3913 genuina
609 3838 659 3897 est
691 3831 733 3896 ad
766 3830 865 3894 fidem
897 3833 1126 3915 praeparatio?
1181 3853 1281 3912 quum
1318 3830 1396 3896 dicit
1429 3852 1491 3895 nos
1528 3832 1649 3897 habere
1684 3832 1855 3898 audaciam
1891 3838 1925 3900 in
1962 3838 2099 3905 Christo
2128 3847 2155 3904 ct

144 3916 244 3981 Nunc
265 3915 446 3981 videndum
475 3938 518 3980 an
541 3915 696 3981 Christus
723 3915 818 3980 nobis
841 3926 969 3982 creatus
992 3932 1127 4001 epatre
1181 3938 1347 3982 accessum
1370 3937 1445 3982 eum
1465 3915 1586 3983 fiducia
1605 3939 1665 4000 per
1686 3917 1785 3983 fidem
1806 3922 1888 3999 eius,
1915 3926 1999 3989 satis
2021 3924 2156 3991 declarat

146 4001 261 4067 doctor
282 4002 492 4080 obmutuerit,
534 4024 577 4066 an
617 4024 693 4068 vero
716 4002 763 4067 ita
803 4002 957 4085 loquutus
996 4005 1048 4083 sit,
1089 4012 1128 4070 ut
1180 4003 1288 4068 nullos
1311 4004 1372 4067 rite
1394 4002 1436 4066 ad
1457 4002 1569 4067 Deum
1603 4003 1765 4082 accedere,
1801 4007 1864 4071 nisi
1888 4009 1945 4091 qui
1977 4014 2155 4077 testimonio

145 4087 232 4151 nihil
254 4090 469 4170 promitteret.
514 4088 587 4152 Imo
610 4089 672 4154 hac
694 4087 735 4152 de
762 4109 861 4154 causa
878 4089 1005 4153 Paulus
1026 4111 1126 4156 even·
1180 4089 1306 4173 gratiae
1339 4089 1409 4153 eius
1441 4089 1596 4154 instructi
1629 4111 1665 4155 so
1698 4090 1890 4157 exauditum
1919 4095 1963 4159 iri
1985 4098 2154 4162 confidunt.

146 4173 268 4256 gelium
292 4173 435 4255 appellat
457 4175 595 4239 verbum
618 4173 704 4251 fidei,
740 4175 818 4256 quia
838 4175 875 4237 in
903 4194 941 4239 eo
969 4177 1062 4241 nobis
1085 4176 1127 4240 ad
1181 4174 1307 4239 Similis
1330 4181 1381 4238 est
1403 4174 1539 4239 alterius
1561 4175 1624 4240 loci
1646 4177 1811 4258 spurcitia,
1835 4180 1959 4263 pagina
1983 4187 2061 4249 332:
2097 4181 2154 4264 Qui

144 4259 259 4324 vivum
283 4258 412 4323 Christi
434 4260 541 4343 gratia
563 4261 767 4342 exprimitur.
796 4260 842 4323 Et
864 4268 951 4324 certe
974 4263 1126 4328 omnibus
1180 4270 1312 4325 exercet
1331 4259 1590 4325 misericordiam
1608 4263 1644 4325 in
1667 4264 1864 4343 proximum,
1888 4267 1993 4331 etiam
2017 4269 2154 4335 Samari·

144 4342 361 4408 formidabilis
383 4343 510 4409 Christi
542 4347 699 4410 maiestas
733 4346 767 4408 iu
800 4346 968 4410 miraculis
1001 4348 1125 4424 fuisset,
1180 4358 1286 4424 tanus,
1322 4345 1378 4410 illc
1412 4347 1519 4411 iustus
1553 4354 1612 4411 est.
1667 4347 1859 4414 Adversarii
1900 4352 2037 4434 quidam
2069 4353 2155 4420 hodie

144 4430 208 4494 nisi
228 4431 409 4495 sensissent
426 4430 537 4495 Deum
555 4441 682 4513 patrem
699 4431 756 4494 illo
774 4430 953 4496 mediatore
975 4433 1036 4497 sibi
1055 4455 1127 4498 esso
1179 4433 1298 4496 nolunt
1315 4431 1493 4496 concedere
1509 4430 1755 4498 Samaritanum
1773 4434 1867 4499 illum
1886 4458 1960 4502 esso
1979 4439 2021 4503 ob
2038 4441 2155 4506 miseri·

144 4516 332 4598 propitium.
357 4515 454 4582 Unde
467 4530 577 4581 autem
598 4518 724 4600 concipi
743 4517 823 4582 haec
834 4518 1002 4600 persuasio
1019 4521 1127 4603 potuit
1179 4517 1325 4583 cordiam
1346 4519 1568 4597 iustificatum,
1598 4518 1655 4584 scd
1683 4520 1749 4584 suis
1771 4522 2049 4604 promissionibus
2072 4528 2156 4591 aliter

144 4601 209 4664 nisi
243 4624 284 4666 ex
317 4602 441 4668 verbo?
496 4602 566 4668 Neo
587 4603 744 4685 estquod
766 4602 932 4686 obstrepat
953 4602 1125 4684 Servetus,
1179 4603 1310 4684 ludunt,
1331 4625 1411 4684 quas
1433 4604 1555 4686 ubique
1576 4606 1757 4687 requirunt.
1787 4607 1862 4671 Non
1885 4609 1995 4675 solum
2018 4611 2155 4678 Samari·

48 4720 54 4736 -ι
144 4685 337 4751 iustificatos
377 4689 477 4753 fuisse
509 4689 685 4767 Ninivitas,
725 4690 801 4771 quia
837 4694 911 4768 [pag.
943 4696 1018 4770 244]
1053 4690 1126 4755 1)θο
1180 4697 1278 4754 tanus
1300 4689 1355 4754 illo
1378 4690 1543 4755 convincit
1565 4711 1629 4765 cos,
1653 4691 1709 4755 scd
1733 4701 1765 4755 et
1786 4693 1996 4774 publicanus,
2027 4700 2083 4783 qui
2103 4717 2156 4762 nec

145 4769 347 4836 crediderint
379 4773 465 4838 nihil
499 4775 713 4857 promittenti,
751 4774 808 4840 sed
844 4776 952 4857 potius
988 4777 1126 4842 exitium
1180 4776 1414 4857 promissiones
1454 4797 1514 4840 neo
1547 4775 1717 4842 Christum
1757 4780 1875 4858 sciens,
1917 4804 2023 4865 quum
2057 4792 2157 4850 oraret

145 4855 294 4921 minanti.
318 4860 423 4942 Atqui
443 4860 472 4924 si
492 4862 615 4925 fatetur
635 4862 774 4927 missum
796 4860 861 4925 illis
880 4862 981 4926 firisse
999 4864 1126 4944 Ionam,

1180 4967 1384 4977 ——-—

1251 5067 1280 5131 1)
1299 5067 1420 5121 douceur
1438 5074 1467 5122 et
1483 5068 1566 5122 bonte
1584 5070 1600 5122 a
1618 5067 1773 5136 pardouner
1789 5068 1830 5126 les
1848 5072 1964 5139 peches.

215 5128 245 5197 1)
263 5130 352 5200 Voyla
369 5146 472 5187 comme
490 5132 518 5188 S.
534 5135 667 5203 aceouple
685 5135 726 5190 les
744 5135 814 5192 lions
833 5150 900 5191 avec
917 5135 958 5193 les
977 5136 1084 5193 boeufs.
1249 5135 1277 5203 2)
1296 5135 1350 5190 ofin
1369 5136 1433 5204 qu’il
1449 5152 1519 5191 nous
1538 5152 1571 5192 en
1588 5136 1648 5192 foce
1668 5138 1751 5192 sentit
1768 5138 1796 5193 lo
1813 5148 1896 5197 vortu
1915 5150 1944 5198 et
1962 5142 2071 5201 l'ctiect.
