4590 5902
929 274 1297 340 PROLEGOMEXA.
2022 280 2131 344 XXV

111 468 246 532 maioris
270 466 411 532 ambitus
435 473 585 548 paratum
607 464 758 545 habebat,
782 471 923 548 quatuor
942 463 1016 528 illos
1034 484 1201 530 sermones
1213 485 1255 529 ex
1273 463 1423 547 pluribus
1441 464 1577 529 soleatos
1595 463 1768 529 tradiderit
1785 465 2002 532 excudendas.
2036 469 2131 533 Haec

113 599 193 643 sane
215 600 258 643 ex
279 599 371 642 mera
393 578 580 642 oonieotura
602 575 660 640 tibi
683 577 897 660 proponimus
919 574 1102 660 pensanda:
1125 583 1164 639 tu
1186 576 1214 639 si
1236 574 1315 658 quid
1333 576 1453 640 novisti
1476 577 1597 642 reotius
1618 576 1701 655 istis,
1724 576 1886 642 oandidus
1907 578 2050 660 imperti.

269 689 385 755 Prima
406 690 560 754 oonaione
582 687 763 753 Christiani
785 686 1006 754 admonentur
1027 695 1066 752 ut
1087 693 1259 752 externam
1278 686 1497 752 idololatriam
1508 688 1647 772 fugiant,
1671 687 1795 755 soilioet
1815 689 2019 772 papistioam,
2042 691 2132 774 quod

115 809 349 886 argumentum
376 801 506 882 saepius
536 801 600 864 iam
623 820 643 864 a
664 799 784 865 Nostro
807 798 1030 883 singularibus
1051 797 1170 864 libellis
1194 804 1372 864 tractatum
1391 798 1492 864 fuisse
1513 799 1713 866 memineris.
1758 798 1914 867 Secunda
1935 801 2131 868 exhortatur

113 913 281 978 auditores
304 910 346 978 ad
369 911 572 977 tolerandam
594 912 891 993 persequutionem.
936 910 978 976 In
1001 912 1099 976 tertia
1120 909 1234 976 fideles
1263 909 1438 989 docentur,
1467 911 1583 993 quanti
1604 912 1712 977 faeere
1739 911 1802 976 hoo
1823 911 1965 978 debeant
1985 911 2073 997 quod
2093 914 2131 979 in

113 1025 254 1091 eoelesia
275 1023 340 1089 Dei
363 1025 489 1101 vivant,
512 1022 568 1087 ubi
590 1044 666 1115 eum
687 1024 814 1104 possint
840 1043 922 1105 pure
946 1042 984 1089 aa
1012 1021 1114 1088 libere
1142 1019 1287 1087 adorare.
1337 1021 1381 1086 In
1407 1028 1526 1104 quarta
1554 1021 1695 1105 denique
1722 1021 1969 1089 demonstratur
1997 1026 2132 1108 quantis

113 1137 285 1202 laboribus
306 1134 487 1217 studiisque
508 1135 551 1198 sit
572 1132 764 1198 redimenda
785 1133 921 1200 libertas
942 1132 1008 1198 Dei
1028 1134 1063 1198 in
1084 1131 1222 1199 eoelesia
1243 1132 1424 1198 ohristiana
1441 1153 1523 1215 pure
1544 1132 1680 1199 colendi.
1725 1133 1865 1199 Addidit
1886 1144 1980 1201 autor
2001 1137 2036 1202 in
2063 1139 2132 1204 fine

115 1247 385 1331 explanationem
408 1245 536 1312 Psalmi
558 1244 776 1310 LXXXVII.
800 1246 893 1311 ouius
921 1265 1086 1311 summam
1106 1244 1192 1310 hana
1214 1244 1307 1310 facit:
1335 1264 1438 1309 unam
1459 1242 1525 1309 Dei
1549 1244 1720 1310 eoolesiam
1747 1266 1849 1330 supra
1877 1247 1988 1312 omnia
2014 1248 2131 1316 mundi

115 1379 221 1443 regna
242 1357 403 1424 excellere
425 1357 503 1439 quia
524 1358 635 1422 Deum
656 1356 777 1422 habeat
798 1356 913 1423 salutis
935 1378 1014 1423 suae
1035 1353 1219 1440 praesidem
1243 1357 1379 1438 eiusque
1401 1356 1539 1438 imperio
1561 1356 1773 1440 gubernetur.

271 1469 382 1534 Huius
402 1468 506 1533 libelli
525 1468 660 1535 unicum
681 1467 860 1550 exemplar,
884 1467 972 1552 quod
994 1477 1137 1533 aetatem
1158 1467 1274 1534 tulisse
1302 1465 1434 1532 videtur
1460 1473 1495 1532 et
1521 1466 1614 1533 nobis
1643 1468 1776 1550 quidem
1798 1469 1958 1550 innotuit,
1985 1472 2132 1554 possidet

115 1580 182 1645 Vir
203 1581 464 1646 humanissimus
485 1580 654 1646 Honrious
676 1580 856 1645 Lutteroth
877 1580 1076 1646 Parisiensis
1097 1579 1230 1662 saepius
1251 1579 1319 1643 iam
1340 1598 1360 1643 a
1381 1579 1476 1645 nobis
1495 1599 1556 1646 neo
1578 1586 1691 1645 tamen
1708 1601 1855 1664 unquam
1877 1583 1958 1648 satis
1978 1581 2135 1652 laudatus

111 1693 157 1757 ob
180 1693 288 1758 officis
309 1691 621 1758 benevolentissime
648 1690 744 1756 nobis
774 1691 939 1773 praestita.
991 1690 1046 1757 Ad
1064 1691 1163 1757 huius
1191 1690 1389 1774 exemplaris
1416 1688 1515 1756 fidem
1545 1689 1608 1755 tibi
1634 1691 1808 1759 oonoiones
1835 1692 1910 1758 illas
1931 1693 1987 1759 vel
2009 1700 2132 1762 traota·

117 1803 282 1869 tiunoulae
304 1823 436 1869 reeusas
457 1803 634 1869 offerimus.
680 1802 811 1869 Titulus
834 1809 896 1868 est:

273 1913 463 1995 QUATRE
508 1912 729 2003 SERMONS
763 1909 769 2013 Ι
811 1904 864 1986 de
913 1903 973 1985 M.
1015 1902 1150 1984 Iehan
1184 1899 1358 2006 Oaluin,
1401 1901 1605 1985 traietans
1647 1901 1723 1985 des
1763 1901 1768 2005 Ι
1805 1903 2005 1987 matieres
2044 1905 2133 1989 fort

116 2039 245 2122 vtiles
285 2069 395 2149 pour
434 2051 579 2122 nostre
608 2039 613 2142 Ι
641 2051 802 2152 temps,
849 2068 1011 2123 comme
1053 2068 1109 2121 on
1145 2067 1304 2150 pourra
1339 2037 1489 2141 veoirl
1523 2067 1601 2150 par
1643 2039 1688 2121 la
1721 2041 1939 2152 pressea}
2125 2039 2130 2157 Ι

118 2179 242 2258 Auee
287 2177 453 2258 briofue
514 2177 752 2288 exposition
803 2177 862 2259 du
910 2176 1075 2259 Pseau-
1110 2173 1116 2278 Ι
1151 2203 1220 2256 me
1263 2193 1513 2278 LXXXVII.1
1551 2203 1723 2271 (monna)
1767 2181 1774 2287 Ι
1808 2175 2031 2261 L'Oliuier
2076 2179 2131 2263 de

117 2312 285 2394 Robert
314 2313 837 2424 Essienne.1u.n.n.11.

272 2436 396 2501 Forma
417 2435 494 2500 libri
523 2444 574 2501 ost
604 2436 770 2502 ootonaria
791 2437 908 2501 minor.
955 2435 1196 2516 Quaterniones
1222 2455 1344 2500 novem
1371 2441 1405 2501 et
1430 2434 1620 2518 quinternio
1646 2456 1734 2501 nnus
1762 2437 1890 2515 (a-k).
1946 2439 2043 2504 Folia
2070 2461 2134 2505 nu·

117 2553 245 2612 morata
267 2551 319 2624 82,
341 2546 397 2613 sed
421 2568 636 2613 numerorum
655 2548 757 2614 series
778 2547 893 2613 multis
914 2547 1043 2613 mendis
1066 2545 1313 2631 typographiois
1330 2545 1472 2611 turbata.
1506 2545 1682 2613 Emblema
1703 2555 1754 2614 eet
1775 2546 1875 2615 Oliva
1887 2547 2135 2634 Stephanorum

118 2661 297 2726 notissima.
342 2661 384 2725 In
406 2659 652 2726 oolleotionibus
675 2658 918 2744 Opusoulomm
940 2659 1067 2743 gallinis
1085 2657 1209 2744 legitur
1230 2667 1449 2737 terreamus,
1472 2655 1560 2741 apud
1582 2657 1706 2724 Beaam
1727 2681 1801 2744 pag.
1826 2664 2012 2742 sss—8793
2046 2662 2135 2746 apud

117 2769 286 2836 Stoerium
308 2793 382 2856 pag.
406 2775 614 2850 945-1010;
637 2769 725 2854 apud
747 2771 891 2837 Laeroix
911 2792 985 2855 pag.
1009 2773 1189 2835 211-292.
1637 2785 1643 2795 ·

272 2884 396 2951 Exstat
418 2883 566 2949 eiusdem
588 2883 696 2950 versio
718 2882 821 2948 latina
831 2882 964 2948 Claudii
975 2881 1128 2948 Baduolli
1150 2881 1249 2966 paulo
1269 2881 1381 2947 minus
1402 2900 1487 2961 rara,
1510 2901 1609 2964 quam
1628 2889 1662 2947 et
1679 2883 1742 2965 ipsi
1760 2882 1975 2966 possidemus.
2008 2885 2135 2951 Forma

116 3003 168 3060 est
189 2994 305 3060 eadem
327 3017 366 3061 ao
384 2993 568 3080 arohetypi.
613 2992 855 3075 Quatemionos
877 3002 955 3060 sunt
980 2992 1138 3061 trodeoim
1159 2991 1313 3078 (A—N),
1344 2991 1486 3077 paginae
1514 2993 1577 3056 206
1597 3001 1801 3073 numeratae,
1832 2994 1917 3060 duae
1941 2995 2077 3062 ultimae
2097 2997 2135 3062 in

117 3105 209 3172 albis.
244 3107 330 3192 'l'ypi
353 3107 487 3173 aursivi.
516 3105 647 3172 Titulus
669 3113 733 3170 est:

271 3229 525 3316 IOANNIS
561 3229 815 3314 ΟΑῙΝΙΝῙ
856 3228 863 3333 Ι
907 3227 1220 3315 ΗΟΜΠΔΙΑΕ
1252 3227 1404 3335 QVA·
1431 3240 1436 3323 Ι
1455 3244 1681 3323 memorarem
1703 3247 1796 3325 atgae
1812 3241 1864 3308 liis
1879 3241 2135 3325 tenporidasad·

116 3355 244 3420 modion
263 3359 268 3431 Ι
288 3359 495 3437 opportunam
518 3358 545 3418 et
565 3353 671 3418 otrlem
692 3354 934 3419 admonitiones
955 3359 1047 3436 atone
1065 3352 1070 3436 Ι
1091 3351 1331 3418 exhortationem
1351 3353 1552 3431 continentes,
1580 3352 1864 3437 premadmodnml
1885 3374 1924 3418 ee
1944 3355 2017 3438 ipsa
2034 3376 2134 3437 prae-

107 3468 233 3547 fatione
250 3467 391 3550 perspici
408 3467 533 3548 poterit.
554 3464 560 3548 Ι
795 3468 801 3538 Ι
820 3463 941 3530 Breuis
966 3465 1039 3530 item
1062 3462 1243 3545 explanatio
1267 3462 1392 3528 Psalmi
1415 3460 1650 3528 LXXXVII.
1671 3466 1677 3546 Ι
1695 3464 1735 3530 ab
1757 3467 1865 3532 eodem
1884 3466 2013 3532 ambare
2034 3468 2135 3535 latine

108 3577 268 3662 scripta!
459 3577 465 3662 Ι
484 3587 509 3641 Ε
531 3585 690 3640 GALLICO
712 3584 827 3640 IPSNS
845 3584 1028 3640 svfflosls
1052 3584 1132 3640 SER·
1151 3582 1157 3651 Ι
1177 3595 1274 3640 mone
1296 3575 1332 3639 in
1353 3573 1494 3639 latinum
1516 3596 1536 3640 a
1559 3574 1698 3642 Claudio
1719 3574 1880 3647 Baduello
1902 3597 2091 3647 oonuersae.
2128 3581 2133 3663 Ι
2254 3580 2261 3593 “

114 3692 123 3771 Ι
298 3687 304 3776 Ι
324 3698 509 3754 GENEVAE.
528 3696 534 3764 Ι
553 3697 606 3752 EX
631 3695 806 3751 osmonte
823 3695 974 3752 IOANNIS
997 3695 1162 3751 CRISPINI.
1182 3686 1187 3768 Ι
1211 3697 1302 3751 155³.

273 3800 465 3866 Translator
485 3800 687 3883 peculiarem
709 3799 944 3882 praefationem
966 3798 1137 3881 praemisit
1152 3797 1244 3880 operi
1266 3818 1363 3882 quam
1384 3797 1439 3865 hio
1461 3799 1748 3867 transsaribimus:

612 4038 769 4105 onmia
789 4037 969 4104 ammaus
989 4020 1132 4104 maan
1146 4037 1280 4120 maan
1301 4037 1456 4104 naam
1474 4035 1507 4103 s.
1533 4037 1571 4104 P.
1594 4038 1637 4105 n.

275 4174 404 4242 EaDei
422 4181 575 4259 perpetua
595 4175 661 4258 snit
681 4178 716 4241 in
737 4176 864 4242 ecelesia
885 4174 1049 4240 liberanda
1071 4173 1328 4240 semovenda
1348 4174 1543 4256 mnsuotada
1564 4180 1600 4240 nt
1622 4195 1691 4240 eam
1712 4180 1768 4240 ant
1789 4176 1826 4241 in
1843 4177 1988 4243 maxima
2008 4176 2136 4242 lomen-

90 4291 220 4372 ‹loqae
241 4288 437 4368 dispersione
457 4288 648 4370 dissipatam
669 4286 864 4370 recollegerit,
886 4291 977 4368 atone
997 4305 1098 4351 anam
1119 4285 1155 4349 in
1176 4285 1286 4366 loeson,
1307 4287 1402 4368 guasi
1421 4306 1545 4369 gregem
1571 4305 1721 4370 sparsum
1740 4286 1966 4368 peddnnsqne
1986 4290 2023 4354 in
2044 4290 2133 4368 ovile,

96 4400 321 4485 cmrpreparit,
343 4404 399 4463 ant
421 4399 626 4480 inmansima
647 4398 806 4463 leominam
827 4397 1037 4462 dominatione
1057 4416 1239 4479 oppressam
1266 4400 1296 4463 et
1320 4401 1503 4479 eorraptarn
1529 4417 1563 4463 eo
1585 4399 1774 4476 convocarit,
1800 4397 1855 4462 ribi
1883 4398 1977 4464 libere
2005 4405 2135 4481 etpnre

84 4516 229 4594 pieque
251 4510 487 4577 sandissimnm
509 4530 619 4574 nonen
641 4511 711 4575 eins
732 4511 876 4575 inoooare
896 4528 934 4573 ae
955 4508 1107 4574 eekbrare
1122 4513 1237 4591 posset.
1285 4507 1356 4592 Qaa
1376 4509 1501 4592 gaideri
1523 4510 1557 4573 in
1579 4528 1613 4572 re
1639 4513 1668 4573 et
1692 4509 1849 4574 solidaris
1870 4510 1940 4576 eires
1958 4512 2067 4594 pratia
2088 4518 2135 4578 est

84 4627 277 4706 perspersi
299 4642 376 4706 erpa
397 4642 448 4686 eos
469 4622 526 4703 qai
544 4621 613 4686 eins
633 4627 776 4687 sanctam
798 4621 988 4687 aeonionem
1013 4620 1137 4702 seqenti
1157 4626 1244 4700 arnt,
1274 4624 1303 4686 et
1321 4619 1537 4702 formidabilis
1565 4619 1717 4684 severitas
1744 4619 1781 4683 in
1807 4618 1879 4684 illos
1908 4620 1965 4702 pai
1992 4623 2133 4690 eiusdem

96 4710 283 4801 borritatem
303 4733 558 4814 aatmdatempae
578 4738 652 4798 sant
668 4734 838 4816 mponoti.
886 4733 976 4814 and
992 4733 1023 4797 si
1042 4751 1183 4814 unquam
1203 4731 1295 4799 Dens
1315 4732 1351 4797 in
1372 4731 1499 4797 emlesia
1521 4730 1691 4796 asserenda
1712 4735 1803 4811 atone
1824 4731 1860 4794 in
1876 4730 2045 4798 libertatem
2065 4737 2133 4800 oin-

94 4845 257 4913 dioanda
272 4847 502 4927 praepotentem
523 4864 652 4909 osanam
673 4865 766 4910 snam
787 4845 924 4910 essenii
940 4848 1033 4926 mane
1054 4844 1191 4922 ostendit,
1214 4843 1269 4908 boa
1289 4843 1359 4908 eins
1378 4863 1457 4924 opus
1478 4841 1700 4922 redemptionis
1718 4861 1756 4907 ae
1772 4840 1971 4908 liberationis
1986 4848 2133 4926 mpori-

101 4950 175 5023 bas
191 4956 312 5022 nostris
333 4956 457 5035 eadit,
479 4961 513 5021 nt
534 4976 659 5021 samma
680 4976 803 5036 manns,
826 4957 907 5038 qnod
923 4956 1023 5036 aiant,
1045 4956 1080 5020 in
1101 4975 1135 5020 eo
1156 4955 1282 5039 paidom
1302 4955 1405 5035 operis
1426 4973 1464 5019 ao
1484 4952 1621 5034 bmaieii
1639 4972 1759 5035 ponere,
1782 4953 1930 5035 imposita
1950 4954 1990 5019 ab
2011 4976 2045 5020 eo
2067 4976 2134 5023 esse

104 5070 272 5135 videatne.
320 5067 401 5131 Tam
429 5067 744 5133 commorantem
766 5089 803 5133 aa
819 5067 991 5149 perfectam
1010 5067 1248 5147 redemptionem
1269 5070 1361 5147 atone
1382 5064 1526 5130 milesiae
1546 5065 1780 5143 restitutionem,
1802 5069 1831 5128 et
1848 5064 1986 5145 perioali
2007 5069 2132 5149 mapni·

101 5181 202 5258 tado,
223 5178 994 5262 dmaomsimaeseroitatisdiutnrnatarpitado,
1018 5183 1045 5243 et
1064 5179 1213 5261 prosimu
1233 5177 1344 5242 mandi
1365 5177 1597 5254 consommatio,
1621 5174 1665 5241 ad
1685 5195 1781 5258 meam
1802 5177 1990 5330 mnnithoto
2010 5177 2132 5258 impeta

225 5281 339 5336 Osloini
352 5297 443 5350 opera.
482 5282 540 5338 Vol.
563 5280 649 5336 VIII.
