<?xml version="1.0" encoding="UTF-8"?>
<!DOCTYPE html PUBLIC "-//W3C//DTD XHTML 1.0 Transitional//EN"
    "http://www.w3.org/TR/xhtml1/DTD/xhtml1-transitional.dtd">
<html xmlns="http://www.w3.org/1999/xhtml" xml:lang="en" lang="en">
 <head>
  <title>
</title>
<meta http-equiv="Content-Type" content="text/html;charset=utf-8" />
  <meta name='ocr-system' content='tesseract 3.04.00' />
  <meta name='ocr-capabilities' content='ocr_page ocr_carea ocr_par ocr_line ocrx_word'/>
</head>
<body>
  <div class='ocr_page' id='page_1' title='image "./ioanniscalvinio14calvgoog_0265.png"; bbox 0 0 4620 5894; ppageno 0'>
   <div class='ocr_carea' id='block_1_1' title="bbox 143 232 2175 323">
    <p class='ocr_par' dir='ltr' id='par_1_1' title="bbox 143 232 2175 323">
     <span class='ocr_line' id='line_1_1' title="bbox 143 232 2175 323; baseline -0.001 -21"><span class='ocrx_word' id='word_1_1' title='bbox 143 239 210 303; x_wconf 76' lang='lat' dir='ltr'><strong>roa</strong></span> <span class='ocrx_word' id='word_1_2' title='bbox 323 313 329 323; x_wconf 48' lang='grc'><strong>,</strong></span> <span class='ocrx_word' id='word_1_3' title='bbox 811 234 935 302; x_wconf 76' lang='lat' dir='ltr'><strong>nora</strong></span> <span class='ocrx_word' id='word_1_4' title='bbox 956 232 1138 302; x_wconf 82' lang='lat' dir='ltr'><strong>sruonr</strong></span> <span class='ocrx_word' id='word_1_5' title='bbox 1159 232 1481 299; x_wconf 79' lang='lat' dir='ltr'><strong>ramuarmln</strong></span> <span class='ocrx_word' id='word_1_6' title='bbox 2103 238 2175 301; x_wconf 79' lang='lat' dir='ltr'><strong>ror</strong></span> 
     </span>
    </p>
   </div>
   <div class='ocr_carea' id='block_1_2' title="bbox 142 419 2173 4626">
    <p class='ocr_par' dir='ltr' id='par_1_2' title="bbox 142 419 2172 593">
     <span class='ocr_line' id='line_1_2' title="bbox 142 419 2171 511; baseline -0.001 -22"><span class='ocrx_word' id='word_1_7' title='bbox 142 443 220 511; x_wconf 91' lang='lat' dir='ltr'><strong>pos,</strong></span> <span class='ocrx_word' id='word_1_8' title='bbox 245 443 511 506; x_wconf 87' lang='lat' dir='ltr'><strong>quaquaversum</strong></span> <span class='ocrx_word' id='word_1_9' title='bbox 532 422 701 489; x_wconf 85' lang='lat' dir='ltr'><strong>habitatur</strong></span> <span class='ocrx_word' id='word_1_10' title='bbox 728 422 826 488; x_wconf 90' lang='lat' dir='ltr'><strong>orbis.</strong></span> <span class='ocrx_word' id='word_1_11' title='bbox 871 423 919 490; x_wconf 93' lang='lat' dir='ltr'><strong>At</strong></span> <span class='ocrx_word' id='word_1_12' title='bbox 940 424 969 490; x_wconf 89' lang='lat' dir='ltr'><strong>si</strong></span> <span class='ocrx_word' id='word_1_13' title='bbox 997 425 1132 508; x_wconf 84' lang='lat' dir='ltr'><strong>provin·</strong></span> <span class='ocrx_word' id='word_1_14' title='bbox 1186 422 1338 504; x_wconf 91' lang='lat' dir='ltr'><strong>spiritum</strong></span> <span class='ocrx_word' id='word_1_15' title='bbox 1359 421 1424 486; x_wconf 91' lang='lat' dir='ltr'><strong>Dei</strong></span> <span class='ocrx_word' id='word_1_16' title='bbox 1452 441 1548 486; x_wconf 89' lang='lat' dir='ltr'><strong>suum</strong></span> <span class='ocrx_word' id='word_1_17' title='bbox 1570 440 1643 486; x_wconf 91' lang='lat' dir='ltr'><strong>esse</strong></span> <span class='ocrx_word' id='word_1_18' title='bbox 1669 419 1869 503; x_wconf 77' lang='lat' dir='ltr'>praesidem,</span> <span class='ocrx_word' id='word_1_19' title='bbox 1896 419 1933 484; x_wconf 91' lang='lat' dir='ltr'><strong>in</strong></span> <span class='ocrx_word' id='word_1_20' title='bbox 1956 419 2072 503; x_wconf 90' lang='lat' dir='ltr'><strong>primis</strong></span> <span class='ocrx_word' id='word_1_21' title='bbox 2093 441 2171 505; x_wconf 92' lang='lat' dir='ltr'><strong>pro·</strong></span> 
     </span>
     <span class='ocr_line' id='line_1_3' title="bbox 146 506 2172 593; baseline -0 -18"><span class='ocrx_word' id='word_1_22' title='bbox 146 509 240 576; x_wconf 86' lang='lat' dir='ltr'><strong>oialis</strong></span> <span class='ocrx_word' id='word_1_23' title='bbox 264 510 349 574; x_wconf 87' lang='lat' dir='ltr'><strong>foret</strong></span> <span class='ocrx_word' id='word_1_24' title='bbox 370 507 532 593; x_wconf 78' lang='lat' dir='ltr'><strong>synodus,</strong></span> <span class='ocrx_word' id='word_1_25' title='bbox 561 507 697 574; x_wconf 83' lang='lat' dir='ltr'><strong>deberet</strong></span> <span class='ocrx_word' id='word_1_26' title='bbox 718 529 773 575; x_wconf 91' lang='lat' dir='ltr'><strong>eos</strong></span> <span class='ocrx_word' id='word_1_27' title='bbox 795 508 921 592; x_wconf 92' lang='lat' dir='ltr'><strong>pudere</strong></span> <span class='ocrx_word' id='word_1_28' title='bbox 950 530 1029 576; x_wconf 88' lang='lat' dir='ltr'><strong>suae</strong></span> <span class='ocrx_word' id='word_1_29' title='bbox 1051 531 1132 593; x_wconf 91' lang='lat' dir='ltr'><strong>pau·</strong></span> <span class='ocrx_word' id='word_1_30' title='bbox 1186 507 1266 573; x_wconf 89' lang='lat' dir='ltr'><strong>bent</strong></span> <span class='ocrx_word' id='word_1_31' title='bbox 1283 526 1415 572; x_wconf 89' lang='lat' dir='ltr'><strong>neeesse</strong></span> <span class='ocrx_word' id='word_1_32' title='bbox 1433 515 1498 587; x_wconf 89' lang='lat' dir='ltr'><strong>cst,</strong></span> <span class='ocrx_word' id='word_1_33' title='bbox 1524 506 1649 573; x_wconf 77' lang='lat' dir='ltr'>Christi</span> <span class='ocrx_word' id='word_1_34' title='bbox 1667 506 1799 572; x_wconf 89' lang='lat' dir='ltr'><strong>nemine</strong></span> <span class='ocrx_word' id='word_1_35' title='bbox 1817 513 1851 570; x_wconf 92' lang='lat' dir='ltr'><strong>et</strong></span> <span class='ocrx_word' id='word_1_36' title='bbox 1867 507 2023 589; x_wconf 75' lang='lat' dir='ltr'><strong>auspiciis</strong></span> <span class='ocrx_word' id='word_1_37' title='bbox 2043 528 2080 572; x_wconf 90' lang='lat' dir='ltr'><strong>se</strong></span> <span class='ocrx_word' id='word_1_38' title='bbox 2097 527 2172 574; x_wconf 87' lang='lat' dir='ltr'><strong>esse</strong></span> 
     </span>
    </p>

    <p class='ocr_par' dir='ltr' id='par_1_3' title="bbox 144 593 2173 4626">
     <span class='ocr_line' id='line_1_4' title="bbox 147 593 1412 678; baseline -0.002 -18"><span class='ocrx_word' id='word_1_39' title='bbox 147 594 267 661; x_wconf 89' lang='lat' dir='ltr'><strong>citatis.</strong></span> <span class='ocrx_word' id='word_1_40' title='bbox 298 593 397 661; x_wconf 88' lang='lat' dir='ltr'><strong>Unde</strong></span> <span class='ocrx_word' id='word_1_41' title='bbox 412 602 533 672; x_wconf 90' lang='lat' dir='ltr'><strong>autem,</strong></span> <span class='ocrx_word' id='word_1_42' title='bbox 553 602 611 660; x_wconf 91' lang='lat' dir='ltr'><strong>aut</strong></span> <span class='ocrx_word' id='word_1_43' title='bbox 627 614 691 678; x_wconf 91' lang='lat' dir='ltr'><strong>quo</strong></span> <span class='ocrx_word' id='word_1_44' title='bbox 704 595 777 660; x_wconf 91' lang='lat' dir='ltr'><strong>iure</strong></span> <span class='ocrx_word' id='word_1_45' title='bbox 795 603 1036 662; x_wconf 89' lang='lat' dir='ltr'><strong>sacrosanctam</strong></span> <span class='ocrx_word' id='word_1_46' title='bbox 1047 597 1134 661; x_wconf 90' lang='lat' dir='ltr'><strong>hanc</strong></span> <span class='ocrx_word' id='word_1_47' title='bbox 1189 601 1412 676; x_wconf 81' lang='lat' dir='ltr'><strong>congregatos.</strong></span> 
     </span>
     <span class='ocr_line' id='line_1_5' title="bbox 148 677 2171 779; baseline -0.002 -32"><span class='ocrx_word' id='word_1_48' title='bbox 148 681 316 766; x_wconf 77' lang='lat' dir='ltr'><strong>synodum</strong></span> <span class='ocrx_word' id='word_1_49' title='bbox 339 679 567 746; x_wconf 81' lang='lat' dir='ltr'><strong>censebimus?</strong></span> <span class='ocrx_word' id='word_1_50' title='bbox 587 678 768 764; x_wconf 79' lang='lat' dir='ltr'><strong>Quousque</strong></span> <span class='ocrx_word' id='word_1_51' title='bbox 790 680 926 746; x_wconf 82' lang='lat' dir='ltr'><strong>tandem</strong></span> <span class='ocrx_word' id='word_1_52' title='bbox 938 681 1000 747; x_wconf 91' lang='lat' dir='ltr'><strong>sibi</strong></span> <span class='ocrx_word' id='word_1_53' title='bbox 1012 680 1146 779; x_wconf 64' lang='lat' dir='ltr'><strong>ducent</strong></span> <span class='ocrx_word' id='word_1_54' title='bbox 1273 680 1379 761; x_wconf 80' lang='lat' dir='ltr'><strong>Atqui</strong></span> <span class='ocrx_word' id='word_1_55' title='bbox 1400 678 1499 762; x_wconf 88' lang='lat' dir='ltr'><strong>longe</strong></span> <span class='ocrx_word' id='word_1_56' title='bbox 1522 699 1616 744; x_wconf 89' lang='lat' dir='ltr'><strong>secus</strong></span> <span class='ocrx_word' id='word_1_57' title='bbox 1650 698 1737 755; x_wconf 91' lang='lat' dir='ltr'><strong>esse,</strong></span> <span class='ocrx_word' id='word_1_58' title='bbox 1766 684 1840 743; x_wconf 88' lang='lat' dir='ltr'><strong>acta</strong></span> <span class='ocrx_word' id='word_1_59' title='bbox 1868 677 2053 743; x_wconf 84' lang='lat' dir='ltr'><strong>clamitant:</strong></span> <span class='ocrx_word' id='word_1_60' title='bbox 2080 677 2171 743; x_wconf 89' lang='lat' dir='ltr'><strong>Nam</strong></span> 
     </span>
     <span class='ocr_line' id='line_1_6' title="bbox 148 762 2171 852; baseline -0.002 -19"><span class='ocrx_word' id='word_1_61' title='bbox 148 787 225 833; x_wconf 90' lang='lat' dir='ltr'><strong>eum</strong></span> <span class='ocrx_word' id='word_1_62' title='bbox 255 766 368 850; x_wconf 90' lang='lat' dir='ltr'><strong>pueris</strong></span> <span class='ocrx_word' id='word_1_63' title='bbox 396 786 467 832; x_wconf 91' lang='lat' dir='ltr'><strong>esse</strong></span> <span class='ocrx_word' id='word_1_64' title='bbox 495 767 681 850; x_wconf 83' lang='lat' dir='ltr'><strong>negotium,</strong></span> <span class='ocrx_word' id='word_1_65' title='bbox 717 774 756 831; x_wconf 89' lang='grc' dir='ltr'><strong>ιιι</strong></span> <span class='ocrx_word' id='word_1_66' title='bbox 784 767 992 850; x_wconf 76' lang='lat' dir='ltr'><strong>crepitaculis</strong></span> <span class='ocrx_word' id='word_1_67' title='bbox 1005 768 1030 852; x_wconf 91' lang='lat'><strong>¹)</strong></span> <span class='ocrx_word' id='word_1_68' title='bbox 1065 768 1136 832; x_wconf 92' lang='lat' dir='ltr'><strong>risu</strong></span> <span class='ocrx_word' id='word_1_69' title='bbox 1189 764 1339 830; x_wconf 90' lang='lat' dir='ltr'><strong>simulac</strong></span> <span class='ocrx_word' id='word_1_70' title='bbox 1361 763 1481 830; x_wconf 87' lang='lat' dir='ltr'><strong>buccas</strong></span> <span class='ocrx_word' id='word_1_71' title='bbox 1497 764 1543 828; x_wconf 89' lang='lat' dir='ltr'><strong>ita</strong></span> <span class='ocrx_word' id='word_1_72' title='bbox 1564 765 1733 842; x_wconf 79' lang='lat' dir='ltr'><strong>inflarent,</strong></span> <span class='ocrx_word' id='word_1_73' title='bbox 1755 764 1900 846; x_wconf 90' lang='lat' dir='ltr'><strong>primum</strong></span> <span class='ocrx_word' id='word_1_74' title='bbox 1922 762 2009 829; x_wconf 93' lang='lat' dir='ltr'><strong>nihil</strong></span> <span class='ocrx_word' id='word_1_75' title='bbox 2030 763 2171 849; x_wconf 88' lang='lat' dir='ltr'><strong>dignum</strong></span> 
     </span>
     <span class='ocr_line' id='line_1_7' title="bbox 148 848 2170 937; baseline -0.001 -20"><span class='ocrx_word' id='word_1_76' title='bbox 148 851 260 936; x_wconf 84' lang='lat' dir='ltr'><strong>dignis</strong></span> <span class='ocrx_word' id='word_1_77' title='bbox 277 853 484 918; x_wconf 88' lang='lat' dir='ltr'><strong>maiestatem</strong></span> <span class='ocrx_word' id='word_1_78' title='bbox 501 853 563 918; x_wconf 91' lang='lat' dir='ltr'><strong>sibi</strong></span> <span class='ocrx_word' id='word_1_79' title='bbox 583 851 784 918; x_wconf 84' lang='lat' dir='ltr'><strong>concilient?</strong></span> <span class='ocrx_word' id='word_1_80' title='bbox 822 852 864 918; x_wconf 93' lang='lat' dir='ltr'><strong>In</strong></span> <span class='ocrx_word' id='word_1_81' title='bbox 882 853 1003 937; x_wconf 92' lang='lat' dir='ltr'><strong>spiritu</strong></span> <span class='ocrx_word' id='word_1_82' title='bbox 1022 861 1135 919; x_wconf 91' lang='lat' dir='ltr'><strong>sancto</strong></span> <span class='ocrx_word' id='word_1_83' title='bbox 1187 851 1360 932; x_wconf 90' lang='lat' dir='ltr'><strong>proferunt</strong></span> <span class='ocrx_word' id='word_1_84' title='bbox 1379 858 1473 915; x_wconf 88' lang='lat' dir='ltr'><strong>tanto</strong></span> <span class='ocrx_word' id='word_1_85' title='bbox 1491 850 1599 914; x_wconf 91' lang='lat' dir='ltr'><strong>hiatu:</strong></span> <span class='ocrx_word' id='word_1_86' title='bbox 1625 848 1743 914; x_wconf 91' lang='lat' dir='ltr'><strong>deinde</strong></span> <span class='ocrx_word' id='word_1_87' title='bbox 1763 850 1869 932; x_wconf 89' lang='lat' dir='ltr'><strong>primo</strong></span> <span class='ocrx_word' id='word_1_88' title='bbox 1882 850 1995 914; x_wconf 89' lang='lat' dir='ltr'><strong>statim</strong></span> <span class='ocrx_word' id='word_1_89' title='bbox 2009 850 2170 934; x_wconf 83' lang='lat' dir='ltr'><strong>ingressu,</strong></span> 
     </span>
     <span class='ocr_line' id='line_1_8' title="bbox 149 934 2173 1022; baseline -0.001 -20"><span class='ocrx_word' id='word_1_90' title='bbox 149 938 214 1002; x_wconf 93' lang='lat' dir='ltr'><strong>rite</strong></span> <span class='ocrx_word' id='word_1_91' title='bbox 236 958 271 1002; x_wconf 92' lang='lat' dir='ltr'><strong>se</strong></span> <span class='ocrx_word' id='word_1_92' title='bbox 295 958 367 1004; x_wconf 86' lang='lat' dir='ltr'><strong>osse</strong></span> <span class='ocrx_word' id='word_1_93' title='bbox 394 959 452 1003; x_wconf 90' lang='lat' dir='ltr'><strong>con</strong></span> <span class='ocrx_word' id='word_1_94' title='bbox 496 945 626 1022; x_wconf 91' lang='lat' dir='ltr'><strong>egatos,</strong></span> <span class='ocrx_word' id='word_1_95' title='bbox 655 937 744 1004; x_wconf 91' lang='lat' dir='ltr'><strong>unde</strong></span> <span class='ocrx_word' id='word_1_96' title='bbox 766 939 860 1005; x_wconf 91' lang='lat' dir='ltr'><strong>nobis</strong></span> <span class='ocrx_word' id='word_1_97' title='bbox 881 939 982 1004; x_wconf 88' lang='lat' dir='ltr'><strong>fidem</strong></span> <span class='ocrx_word' id='word_1_98' title='bbox 1003 939 1134 1017; x_wconf 84' lang='lat' dir='ltr'><strong>facient,</strong></span> <span class='ocrx_word' id='word_1_99' title='bbox 1187 934 1274 1018; x_wconf 91' lang='lat' dir='ltr'><strong>quod</strong></span> <span class='ocrx_word' id='word_1_100' title='bbox 1295 936 1357 1000; x_wconf 90' lang='lat' dir='ltr'><strong>sibi</strong></span> <span class='ocrx_word' id='word_1_101' title='bbox 1381 935 1537 1001; x_wconf 88' lang='lat' dir='ltr'><strong>ridentur</strong></span> <span class='ocrx_word' id='word_1_102' title='bbox 1558 935 1680 1001; x_wconf 87' lang='lat' dir='ltr'><strong>habere</strong></span> <span class='ocrx_word' id='word_1_103' title='bbox 1702 937 1877 1018; x_wconf 92' lang='lat' dir='ltr'><strong>optimum,</strong></span> <span class='ocrx_word' id='word_1_104' title='bbox 1901 956 1943 1000; x_wconf 88' lang='lat' dir='ltr'><strong>ex</strong></span> <span class='ocrx_word' id='word_1_105' title='bbox 1965 936 2173 1001; x_wconf 85' lang='lat' dir='ltr'><strong>crassissima</strong></span> 
     </span>
     <span class='ocr_line' id='line_1_9' title="bbox 149 1020 2172 1109; baseline -0.001 -21"><span class='ocrx_word' id='word_1_106' title='bbox 149 1023 216 1088; x_wconf 89' lang='lat' dir='ltr'><strong>nisi</strong></span> <span class='ocrx_word' id='word_1_107' title='bbox 237 1023 321 1088; x_wconf 87' lang='lat' dir='ltr'><strong>forte</strong></span> <span class='ocrx_word' id='word_1_108' title='bbox 344 1045 386 1088; x_wconf 86' lang='lat' dir='ltr'><strong>ex</strong></span> <span class='ocrx_word' id='word_1_109' title='bbox 408 1023 462 1089; x_wconf 88' lang='lat' dir='ltr'><strong>bul</strong></span> <span class='ocrx_word' id='word_1_110' title='bbox 477 1025 525 1088; x_wconf 90' lang='lat' dir='ltr'><strong>ari</strong></span> <span class='ocrx_word' id='word_1_111' title='bbox 547 1023 747 1089; x_wconf 84' lang='lat' dir='ltr'><strong>indictione?</strong></span> <span class='ocrx_word' id='word_1_112' title='bbox 784 1022 890 1104; x_wconf 80' lang='lat' dir='ltr'><strong>Quasi</strong></span> <span class='ocrx_word' id='word_1_113' title='bbox 907 1045 986 1091; x_wconf 83' lang='lat' dir='ltr'><strong>rere</strong></span> <span class='ocrx_word' id='word_1_114' title='bbox 1005 1045 1136 1109; x_wconf 90' lang='lat' dir='ltr'><strong>semper</strong></span> <span class='ocrx_word' id='word_1_115' title='bbox 1188 1021 1461 1103; x_wconf 82' lang='lat' dir='ltr'><strong>superstitionum</strong></span> <span class='ocrx_word' id='word_1_116' title='bbox 1483 1022 1572 1086; x_wconf 89' lang='lat' dir='ltr'><strong>faece</strong></span> <span class='ocrx_word' id='word_1_117' title='bbox 1595 1021 1765 1086; x_wconf 90' lang='lat' dir='ltr'><strong>hauriunt.</strong></span> <span class='ocrx_word' id='word_1_118' title='bbox 1792 1022 1843 1087; x_wconf 92' lang='lat' dir='ltr'><strong>Ac</strong></span> <span class='ocrx_word' id='word_1_119' title='bbox 1854 1020 1895 1084; x_wconf 90' lang='lat' dir='ltr'><strong>de</strong></span> <span class='ocrx_word' id='word_1_120' title='bbox 1917 1022 2026 1104; x_wconf 91' lang='lat' dir='ltr'><strong>priore</strong></span> <span class='ocrx_word' id='word_1_121' title='bbox 2037 1020 2172 1105; x_wconf 88' lang='lat' dir='ltr'><strong>quidem</strong></span> 
     </span>
     <span class='ocr_line' id='line_1_10' title="bbox 149 1107 2171 1195; baseline -0.001 -21"><span class='ocrx_word' id='word_1_122' title='bbox 149 1108 328 1176; x_wconf 86' lang='lat' dir='ltr'><strong>fascinatas</strong></span> <span class='ocrx_word' id='word_1_123' title='bbox 361 1108 423 1174; x_wconf 91' lang='lat' dir='ltr'><strong>hoc</strong></span> <span class='ocrx_word' id='word_1_124' title='bbox 458 1118 591 1192; x_wconf 87' lang='lat' dir='ltr'><strong>stupore</strong></span> <span class='ocrx_word' id='word_1_125' title='bbox 624 1117 760 1195; x_wconf 81' lang='lat' dir='ltr'><strong>teneant</strong></span> <span class='ocrx_word' id='word_1_126' title='bbox 792 1111 966 1176; x_wconf 91' lang='lat' dir='ltr'><strong>hominum</strong></span> <span class='ocrx_word' id='word_1_127' title='bbox 997 1120 1135 1188; x_wconf 90' lang='lat' dir='ltr'><strong>mentes,</strong></span> <span class='ocrx_word' id='word_1_128' title='bbox 1187 1114 1291 1191; x_wconf 88' lang='lat' dir='ltr'><strong>parte,</strong></span> <span class='ocrx_word' id='word_1_129' title='bbox 1303 1126 1403 1190; x_wconf 91' lang='lat' dir='ltr'><strong>quam</strong></span> <span class='ocrx_word' id='word_1_130' title='bbox 1414 1107 1544 1173; x_wconf 88' lang='lat' dir='ltr'><strong>flaccidi</strong></span> <span class='ocrx_word' id='word_1_131' title='bbox 1563 1108 1630 1172; x_wconf 91' lang='lat' dir='ltr'><strong>sint</strong></span> <span class='ocrx_word' id='word_1_132' title='bbox 1647 1116 1680 1171; x_wconf 89' lang='lat' dir='ltr'><strong>et</strong></span> <span class='ocrx_word' id='word_1_133' title='bbox 1692 1107 1845 1183; x_wconf 89' lang='lat' dir='ltr'><strong>emortui,</strong></span> <span class='ocrx_word' id='word_1_134' title='bbox 1865 1107 2020 1190; x_wconf 90' lang='lat' dir='ltr'><strong>omnique</strong></span> <span class='ocrx_word' id='word_1_135' title='bbox 2032 1107 2171 1190; x_wconf 91' lang='lat' dir='ltr'><strong>spiritus</strong></span> 
     </span>
     <span class='ocr_line' id='line_1_11' title="bbox 152 1191 2172 1279; baseline -0 -20"><span class='ocrx_word' id='word_1_136' title='bbox 152 1194 308 1278; x_wconf 87' lang='lat' dir='ltr'><strong>spiritum</strong></span> <span class='ocrx_word' id='word_1_137' title='bbox 331 1202 480 1259; x_wconf 88' lang='lat' dir='ltr'><strong>sanctum</strong></span> <span class='ocrx_word' id='word_1_138' title='bbox 508 1194 648 1260; x_wconf 88' lang='lat' dir='ltr'><strong>ecoelis</strong></span> <span class='ocrx_word' id='word_1_139' title='bbox 670 1196 759 1275; x_wconf 91' lang='lat' dir='ltr'><strong>clici,</strong></span> <span class='ocrx_word' id='word_1_140' title='bbox 786 1217 890 1279; x_wconf 89' lang='lat' dir='ltr'><strong>papae</strong></span> <span class='ocrx_word' id='word_1_141' title='bbox 918 1205 1012 1262; x_wconf 84' lang='lat' dir='ltr'><strong>nutu.</strong></span> <span class='ocrx_word' id='word_1_142' title='bbox 1058 1196 1135 1278; x_wconf 82' lang='lat' dir='ltr'><strong>Quo</strong></span> <span class='ocrx_word' id='word_1_143' title='bbox 1189 1193 1324 1276; x_wconf 79' lang='lat' dir='ltr'><strong>energia</strong></span> <span class='ocrx_word' id='word_1_144' title='bbox 1345 1194 1441 1257; x_wconf 87' lang='lat' dir='ltr'><strong>vacui</strong></span> <span class='ocrx_word' id='word_1_145' title='bbox 1462 1192 1622 1275; x_wconf 88' lang='lat' dir='ltr'><strong>inprime</strong></span> <span class='ocrx_word' id='word_1_146' title='bbox 1644 1215 1703 1258; x_wconf 92' lang='lat' dir='ltr'><strong>suo</strong></span> <span class='ocrx_word' id='word_1_147' title='bbox 1726 1192 1865 1271; x_wconf 89' lang='lat' dir='ltr'><strong>decreto,</strong></span> <span class='ocrx_word' id='word_1_148' title='bbox 1888 1191 2064 1259; x_wconf 91' lang='lat' dir='ltr'><strong>lectoribus</strong></span> <span class='ocrx_word' id='word_1_149' title='bbox 2085 1193 2172 1258; x_wconf 92' lang='lat' dir='ltr'><strong>iudi·</strong></span> 
     </span>
     <span class='ocr_line' id='line_1_12' title="bbox 149 1276 2172 1366; baseline -0 -21"><span class='ocrx_word' id='word_1_150' title='bbox 149 1287 297 1363; x_wconf 89' lang='lat' dir='ltr'><strong>tempore</strong></span> <span class='ocrx_word' id='word_1_151' title='bbox 319 1278 433 1343; x_wconf 88' lang='lat' dir='ltr'><strong>habita</strong></span> <span class='ocrx_word' id='word_1_152' title='bbox 455 1289 534 1346; x_wconf 90' lang='lat' dir='ltr'><strong>sunt</strong></span> <span class='ocrx_word' id='word_1_153' title='bbox 551 1280 698 1361; x_wconf 84' lang='lat' dir='ltr'><strong>concilia,</strong></span> <span class='ocrx_word' id='word_1_154' title='bbox 721 1282 841 1364; x_wconf 91' lang='lat' dir='ltr'><strong>quibus</strong></span> <span class='ocrx_word' id='word_1_155' title='bbox 858 1284 922 1365; x_wconf 93' lang='lat' dir='ltr'><strong>ipsi</strong></span> <span class='ocrx_word' id='word_1_156' title='bbox 940 1283 1136 1366; x_wconf 87' lang='lat' dir='ltr'><strong>primarium</strong></span> <span class='ocrx_word' id='word_1_157' title='bbox 1188 1280 1276 1343; x_wconf 92' lang='lat' dir='ltr'><strong>cium</strong></span> <span class='ocrx_word' id='word_1_158' title='bbox 1297 1277 1498 1360; x_wconf 81' lang='lat' dir='ltr'><strong>relinquam:</strong></span> <span class='ocrx_word' id='word_1_159' title='bbox 1522 1278 1600 1361; x_wconf 89' lang='lat' dir='ltr'><strong>quia</strong></span> <span class='ocrx_word' id='word_1_160' title='bbox 1617 1298 1715 1343; x_wconf 92' lang='lat' dir='ltr'><strong>nemo</strong></span> <span class='ocrx_word' id='word_1_161' title='bbox 1734 1286 1785 1344; x_wconf 91' lang='lat' dir='ltr'><strong>est</strong></span> <span class='ocrx_word' id='word_1_162' title='bbox 1801 1276 1958 1344; x_wconf 86' lang='lat' dir='ltr'><strong>mediocri</strong></span> <span class='ocrx_word' id='word_1_163' title='bbox 1980 1278 2172 1364; x_wconf 91' lang='lat' dir='ltr'><strong>intelligen-</strong></span> 
     </span>
     <span class='ocr_line' id='line_1_13' title="bbox 151 1363 2171 1451; baseline 0 -22"><span class='ocrx_word' id='word_1_164' title='bbox 151 1364 312 1430; x_wconf 90' lang='lat' dir='ltr'><strong>honorem</strong></span> <span class='ocrx_word' id='word_1_165' title='bbox 340 1363 467 1430; x_wconf 90' lang='lat' dir='ltr'><strong>deferre</strong></span> <span class='ocrx_word' id='word_1_166' title='bbox 495 1375 672 1451; x_wconf 89' lang='lat' dir='ltr'><strong>coguntur,</strong></span> <span class='ocrx_word' id='word_1_167' title='bbox 706 1367 800 1432; x_wconf 89' lang='lat' dir='ltr'><strong>nulla</strong></span> <span class='ocrx_word' id='word_1_168' title='bbox 831 1389 933 1450; x_wconf 92' lang='lat' dir='ltr'><strong>penes</strong></span> <span class='ocrx_word' id='word_1_169' title='bbox 962 1389 1136 1433; x_wconf 87' lang='lat' dir='ltr'><strong>romanum</strong></span> <span class='ocrx_word' id='word_1_170' title='bbox 1187 1366 1235 1429; x_wconf 86' lang='lat' dir='ltr'><strong>tia</strong></span> <span class='ocrx_word' id='word_1_171' title='bbox 1258 1363 1436 1446; x_wconf 87' lang='lat' dir='ltr'><strong>praeditus,</strong></span> <span class='ocrx_word' id='word_1_172' title='bbox 1466 1365 1521 1446; x_wconf 90' lang='lat' dir='ltr'><strong>qui</strong></span> <span class='ocrx_word' id='word_1_173' title='bbox 1544 1385 1610 1428; x_wconf 92' lang='lat' dir='ltr'><strong>non</strong></span> <span class='ocrx_word' id='word_1_174' title='bbox 1632 1385 1692 1446; x_wconf 91' lang='lat' dir='ltr'><strong>per</strong></span> <span class='ocrx_word' id='word_1_175' title='bbox 1714 1386 1748 1429; x_wconf 91' lang='lat' dir='ltr'><strong>se</strong></span> <span class='ocrx_word' id='word_1_176' title='bbox 1772 1364 2022 1429; x_wconf 85' lang='lat' dir='ltr'><strong>animadvertat</strong></span> <span class='ocrx_word' id='word_1_177' title='bbox 2037 1367 2061 1446; x_wconf 90' lang='lat'><strong>¹)</strong></span> <span class='ocrx_word' id='word_1_178' title='bbox 2108 1363 2171 1430; x_wconf 80' lang='lat' dir='ltr'><strong>Se-</strong></span> 
     </span>
     <span class='ocr_line' id='line_1_14' title="bbox 150 1447 2171 1537; baseline 0 -22"><span class='ocrx_word' id='word_1_179' title='bbox 150 1450 342 1534; x_wconf 90' lang='lat' dir='ltr'><strong>episcopum</strong></span> <span class='ocrx_word' id='word_1_180' title='bbox 364 1451 552 1517; x_wconf 89' lang='lat' dir='ltr'><strong>indictionis</strong></span> <span class='ocrx_word' id='word_1_181' title='bbox 569 1462 641 1516; x_wconf 90' lang='lat' dir='ltr'><strong>orat</strong></span> <span class='ocrx_word' id='word_1_182' title='bbox 661 1461 814 1535; x_wconf 87' lang='lat' dir='ltr'><strong>potestas.</strong></span> <span class='ocrx_word' id='word_1_183' title='bbox 840 1452 909 1519; x_wconf 83' lang='lat' dir='ltr'><strong>Sed</strong></span> <span class='ocrx_word' id='word_1_184' title='bbox 931 1474 1007 1519; x_wconf 91' lang='lat' dir='ltr'><strong>eum</strong></span> <span class='ocrx_word' id='word_1_185' title='bbox 1025 1454 1136 1537; x_wconf 92' lang='lat' dir='ltr'><strong>Impe-</strong></span> <span class='ocrx_word' id='word_1_186' title='bbox 1188 1447 1331 1514; x_wconf 85' lang='lat' dir='ltr'><strong>eundem</strong></span> <span class='ocrx_word' id='word_1_187' title='bbox 1351 1449 1501 1534; x_wconf 82' lang='lat' dir='ltr'><strong>attigisse</strong></span> <span class='ocrx_word' id='word_1_188' title='bbox 1523 1450 1676 1516; x_wconf 88' lang='lat' dir='ltr'><strong>sufficiet:</strong></span> <span class='ocrx_word' id='word_1_189' title='bbox 1705 1451 1782 1532; x_wconf 89' lang='lat' dir='ltr'><strong>quia</strong></span> <span class='ocrx_word' id='word_1_190' title='bbox 1804 1472 1846 1514; x_wconf 83' lang='lat' dir='ltr'><strong>ex</strong></span> <span class='ocrx_word' id='word_1_191' title='bbox 1867 1451 1960 1516; x_wconf 86' lang='lat' dir='ltr'><strong>brevi</strong></span> <span class='ocrx_word' id='word_1_192' title='bbox 1984 1449 2171 1516; x_wconf 89' lang='lat' dir='ltr'><strong>indicatura</strong></span> 
     </span>
     <span class='ocr_line' id='line_1_15' title="bbox 150 1535 2171 1620; baseline 0 -20"><span class='ocrx_word' id='word_1_193' title='bbox 150 1542 241 1600; x_wconf 88' lang='lat' dir='ltr'><strong>rator</strong></span> <span class='ocrx_word' id='word_1_194' title='bbox 269 1556 346 1600; x_wconf 90' lang='lat' dir='ltr'><strong>cum</strong></span> <span class='ocrx_word' id='word_1_195' title='bbox 373 1537 520 1620; x_wconf 86' lang='lat' dir='ltr'><strong>reliquis,</strong></span> <span class='ocrx_word' id='word_1_196' title='bbox 557 1560 615 1603; x_wconf 90' lang='lat' dir='ltr'><strong>suo</strong></span> <span class='ocrx_word' id='word_1_197' title='bbox 644 1538 751 1604; x_wconf 89' lang='lat' dir='ltr'><strong>edicto</strong></span> <span class='ocrx_word' id='word_1_198' title='bbox 785 1540 961 1606; x_wconf 90' lang='lat' dir='ltr'><strong>convenire</strong></span> <span class='ocrx_word' id='word_1_199' title='bbox 993 1541 1135 1605; x_wconf 88' lang='lat' dir='ltr'><strong>iubebat.</strong></span> <span class='ocrx_word' id='word_1_200' title='bbox 1188 1535 1347 1601; x_wconf 84' lang='lat' dir='ltr'><strong>iudicium</strong></span> <span class='ocrx_word' id='word_1_201' title='bbox 1363 1536 1471 1601; x_wconf 87' lang='lat' dir='ltr'><strong>facere</strong></span> <span class='ocrx_word' id='word_1_202' title='bbox 1488 1544 1680 1619; x_wconf 90' lang='lat' dir='ltr'><strong>promptum</strong></span> <span class='ocrx_word' id='word_1_203' title='bbox 1697 1537 1767 1600; x_wconf 90' lang='lat' dir='ltr'><strong>erit.</strong></span> <span class='ocrx_word' id='word_1_204' title='bbox 1804 1536 1984 1618; x_wconf 84' lang='lat' dir='ltr'><strong>Episcopos</strong></span> <span class='ocrx_word' id='word_1_205' title='bbox 2006 1543 2041 1601; x_wconf 91' lang='lat' dir='ltr'><strong>et</strong></span> <span class='ocrx_word' id='word_1_206' title='bbox 2061 1557 2171 1602; x_wconf 89' lang='lat' dir='ltr'><strong>sacer-</strong></span> 
     </span>
     <span class='ocr_line' id='line_1_16' title="bbox 152 1620 2171 1708; baseline 0 -22"><span class='ocrx_word' id='word_1_207' title='bbox 152 1620 226 1686; x_wconf 90' lang='lat' dir='ltr'><strong>Hoe</strong></span> <span class='ocrx_word' id='word_1_208' title='bbox 259 1622 361 1686; x_wconf 86' lang='lat' dir='ltr'><strong>fuisse</strong></span> <span class='ocrx_word' id='word_1_209' title='bbox 401 1623 627 1699; x_wconf 88' lang='lat' dir='ltr'><strong>observatum,</strong></span> <span class='ocrx_word' id='word_1_210' title='bbox 673 1646 742 1689; x_wconf 92' lang='lat' dir='ltr'><strong>non</strong></span> <span class='ocrx_word' id='word_1_211' title='bbox 774 1625 809 1688; x_wconf 92' lang='lat' dir='ltr'><strong>in</strong></span> <span class='ocrx_word' id='word_1_212' title='bbox 849 1636 989 1708; x_wconf 89' lang='lat' dir='ltr'><strong>quatuor</strong></span> <span class='ocrx_word' id='word_1_213' title='bbox 1028 1627 1136 1691; x_wconf 90' lang='lat' dir='ltr'><strong>solum</strong></span> <span class='ocrx_word' id='word_1_214' title='bbox 1189 1620 1280 1686; x_wconf 88' lang='lat' dir='ltr'><strong>dotes</strong></span> <span class='ocrx_word' id='word_1_215' title='bbox 1303 1621 1476 1687; x_wconf 90' lang='lat' dir='ltr'><strong>concilium</strong></span> <span class='ocrx_word' id='word_1_216' title='bbox 1498 1621 1717 1697; x_wconf 89' lang='lat' dir='ltr'><strong>celebrantes,</strong></span> <span class='ocrx_word' id='word_1_217' title='bbox 1746 1622 1809 1687; x_wconf 88' lang='lat' dir='ltr'><strong>hoc</strong></span> <span class='ocrx_word' id='word_1_218' title='bbox 1832 1632 1891 1701; x_wconf 89' lang='lat' dir='ltr'><strong>est,</strong></span> <span class='ocrx_word' id='word_1_219' title='bbox 1913 1643 1948 1686; x_wconf 91' lang='lat' dir='ltr'><strong>se</strong></span> <span class='ocrx_word' id='word_1_220' title='bbox 1970 1623 2068 1705; x_wconf 93' lang='lat' dir='ltr'><strong>ipsos,</strong></span> <span class='ocrx_word' id='word_1_221' title='bbox 2092 1622 2171 1687; x_wconf 90' lang='lat' dir='ltr'><strong>hor·</strong></span> 
     </span>
     <span class='ocr_line' id='line_1_17' title="bbox 153 1707 2170 1794; baseline 0 -22"><span class='ocrx_word' id='word_1_222' title='bbox 153 1708 284 1790; x_wconf 89' lang='lat' dir='ltr'><strong>magnis</strong></span> <span class='ocrx_word' id='word_1_223' title='bbox 307 1707 470 1784; x_wconf 87' lang='lat' dir='ltr'><strong>conciliis,</strong></span> <span class='ocrx_word' id='word_1_224' title='bbox 501 1730 586 1792; x_wconf 88' lang='lat' dir='ltr'><strong>quae</strong></span> <span class='ocrx_word' id='word_1_225' title='bbox 608 1720 743 1789; x_wconf 91' lang='lat' dir='ltr'><strong>vocant,</strong></span> <span class='ocrx_word' id='word_1_226' title='bbox 773 1710 830 1775; x_wconf 90' lang='lat' dir='ltr'><strong>sed</strong></span> <span class='ocrx_word' id='word_1_227' title='bbox 852 1713 952 1776; x_wconf 89' lang='lat' dir='ltr'><strong>etiam</strong></span> <span class='ocrx_word' id='word_1_228' title='bbox 974 1712 1009 1776; x_wconf 93' lang='lat' dir='ltr'><strong>in</strong></span> <span class='ocrx_word' id='word_1_229' title='bbox 1031 1711 1137 1794; x_wconf 92' lang='lat' dir='ltr'><strong>pluri-</strong></span> <span class='ocrx_word' id='word_1_230' title='bbox 1189 1716 1316 1785; x_wconf 90' lang='lat' dir='ltr'><strong>tantur,</strong></span> <span class='ocrx_word' id='word_1_231' title='bbox 1350 1707 1392 1772; x_wconf 89' lang='lat' dir='ltr'><strong>ad</strong></span> <span class='ocrx_word' id='word_1_232' title='bbox 1420 1707 1660 1791; x_wconf 87' lang='lat' dir='ltr'><strong>peragendum,</strong></span> <span class='ocrx_word' id='word_1_233' title='bbox 1695 1708 1839 1791; x_wconf 88' lang='lat' dir='ltr'><strong>quolibet</strong></span> <span class='ocrx_word' id='word_1_234' title='bbox 1864 1707 1980 1773; x_wconf 87' lang='lat' dir='ltr'><strong>saltem</strong></span> <span class='ocrx_word' id='word_1_235' title='bbox 2007 1707 2170 1774; x_wconf 91' lang='lat' dir='ltr'><strong>dominico</strong></span> 
     </span>
     <span class='ocr_line' id='line_1_18' title="bbox 154 1791 2171 1880; baseline 0.001 -24"><span class='ocrx_word' id='word_1_236' title='bbox 154 1793 218 1858; x_wconf 91' lang='lat' dir='ltr'><strong>mis</strong></span> <span class='ocrx_word' id='word_1_237' title='bbox 241 1791 330 1868; x_wconf 89' lang='lat' dir='ltr'><strong>aliis,</strong></span> <span class='ocrx_word' id='word_1_238' title='bbox 362 1803 495 1859; x_wconf 85' lang='lat' dir='ltr'><strong>vetusta</strong></span> <span class='ocrx_word' id='word_1_239' title='bbox 517 1805 604 1873; x_wconf 89' lang='lat' dir='ltr'><strong>acta,</strong></span> <span class='ocrx_word' id='word_1_240' title='bbox 634 1817 718 1878; x_wconf 88' lang='lat' dir='ltr'><strong>quac</strong></span> <span class='ocrx_word' id='word_1_241' title='bbox 746 1793 854 1862; x_wconf 85' lang='lat' dir='ltr'><strong>adhue</strong></span> <span class='ocrx_word' id='word_1_242' title='bbox 882 1810 1074 1880; x_wconf 81' lang='lat' dir='ltr'><strong>supersunt,</strong></span> <span class='ocrx_word' id='word_1_243' title='bbox 1104 1806 1138 1861; x_wconf 92' lang='lat' dir='ltr'><strong>et</strong></span> <span class='ocrx_word' id='word_1_244' title='bbox 1189 1792 1251 1869; x_wconf 88' lang='lat' dir='ltr'><strong>die,</strong></span> <span class='ocrx_word' id='word_1_245' title='bbox 1271 1793 1390 1859; x_wconf 86' lang='lat' dir='ltr'><strong>missac</strong></span> <span class='ocrx_word' id='word_1_246' title='bbox 1408 1794 1615 1860; x_wconf 89' lang='lat' dir='ltr'><strong>sacrificium.</strong></span> <span class='ocrx_word' id='word_1_247' title='bbox 1654 1795 1708 1859; x_wconf 85' lang='lat' dir='ltr'><strong>En</strong></span> <span class='ocrx_word' id='word_1_248' title='bbox 1725 1793 1912 1876; x_wconf 86' lang='lat' dir='ltr'><strong>praeclarae</strong></span> <span class='ocrx_word' id='word_1_249' title='bbox 1929 1794 2171 1861; x_wconf 86' lang='lat' dir='ltr'><strong>reformationis</strong></span> 
     </span>
     <span class='ocr_line' id='line_1_19' title="bbox 153 1877 2171 1958; baseline 0.003 -16"><span class='ocrx_word' id='word_1_250' title='bbox 153 1898 267 1943; x_wconf 91' lang='lat' dir='ltr'><strong>omnes</strong></span> <span class='ocrx_word' id='word_1_251' title='bbox 288 1877 445 1944; x_wconf 91' lang='lat' dir='ltr'><strong>historiae</strong></span> <span class='ocrx_word' id='word_1_252' title='bbox 468 1888 639 1945; x_wconf 85' lang='lat' dir='ltr'><strong>testantur.</strong></span> <span class='ocrx_word' id='word_1_253' title='bbox 684 1884 735 1946; x_wconf 90' lang='lat' dir='ltr'><strong>Ac</strong></span> <span class='ocrx_word' id='word_1_254' title='bbox 756 1903 799 1945; x_wconf 93' lang='lat' dir='ltr'><strong>ne</strong></span> <span class='ocrx_word' id='word_1_255' title='bbox 827 1891 1005 1948; x_wconf 88' lang='lat' dir='ltr'><strong>causentur</strong></span> <span class='ocrx_word' id='word_1_256' title='bbox 1033 1883 1137 1948; x_wconf 91' lang='lat' dir='ltr'><strong>indic·</strong></span> <span class='ocrx_word' id='word_1_257' title='bbox 1189 1878 1292 1942; x_wconf 76' lang='lat' dir='ltr'><strong>initia.</strong></span> <span class='ocrx_word' id='word_1_258' title='bbox 1337 1879 1543 1958; x_wconf 72' lang='lat' dir='ltr'><strong>ClemamuS,</strong></span> <span class='ocrx_word' id='word_1_259' title='bbox 1575 1880 1710 1945; x_wconf 84' lang='lat' dir='ltr'><strong>missale</strong></span> <span class='ocrx_word' id='word_1_260' title='bbox 1738 1879 1932 1945; x_wconf 70' lang='lat' dir='ltr'><strong>saodfioium</strong></span> <span class='ocrx_word' id='word_1_261' title='bbox 1966 1879 2051 1943; x_wconf 87' lang='lat' dir='ltr'><strong>nihil</strong></span> <span class='ocrx_word' id='word_1_262' title='bbox 2080 1878 2171 1945; x_wconf 83' lang='lat' dir='ltr'><strong>aliud</strong></span> 
     </span>
     <span class='ocr_line' id='line_1_20' title="bbox 152 1963 2169 2052; baseline 0.001 -24"><span class='ocrx_word' id='word_1_263' title='bbox 152 1963 277 2041; x_wconf 85' lang='lat' dir='ltr'><strong>tionem</strong></span> <span class='ocrx_word' id='word_1_264' title='bbox 298 1965 397 2030; x_wconf 87' lang='lat' dir='ltr'><strong>fuisse</strong></span> <span class='ocrx_word' id='word_1_265' title='bbox 420 1985 536 2048; x_wconf 86' lang='lat' dir='ltr'><strong>parum</strong></span> <span class='ocrx_word' id='word_1_266' title='bbox 558 1967 757 2050; x_wconf 83' lang='lat' dir='ltr'><strong>legitimam,</strong></span> <span class='ocrx_word' id='word_1_267' title='bbox 787 1967 823 2031; x_wconf 91' lang='lat' dir='ltr'><strong>id</strong></span> <span class='ocrx_word' id='word_1_268' title='bbox 845 1969 968 2034; x_wconf 89' lang='lat' dir='ltr'><strong>Leonis</strong></span> <span class='ocrx_word' id='word_1_269' title='bbox 991 1970 1137 2052; x_wconf 84' lang='lat' dir='ltr'><strong>epistolis</strong></span> <span class='ocrx_word' id='word_1_270' title='bbox 1190 1984 1271 2042; x_wconf 91' lang='lat' dir='ltr'><strong>esso,</strong></span> <span class='ocrx_word' id='word_1_271' title='bbox 1296 1986 1393 2047; x_wconf 89' lang='lat' dir='ltr'><strong>quam</strong></span> <span class='ocrx_word' id='word_1_272' title='bbox 1405 1965 1539 2047; x_wconf 91' lang='lat' dir='ltr'><strong>impiam</strong></span> <span class='ocrx_word' id='word_1_273' title='bbox 1558 1987 1679 2031; x_wconf 87' lang='lat' dir='ltr'><strong>coenae</strong></span> <span class='ocrx_word' id='word_1_274' title='bbox 1698 1964 1880 2030; x_wconf 84' lang='lat' dir='ltr'><strong>dominicae</strong></span> <span class='ocrx_word' id='word_1_275' title='bbox 1899 1966 2169 2048; x_wconf 87' lang='lat' dir='ltr'><strong>profanationem.</strong></span> 
     </span>
     <span class='ocr_line' id='line_1_21' title="bbox 154 2048 2171 2135; baseline 0.003 -21"><span class='ocrx_word' id='word_1_276' title='bbox 154 2049 326 2131; x_wconf 78' lang='lat' dir='ltr'><strong>refellitur,</strong></span> <span class='ocrx_word' id='word_1_277' title='bbox 350 2050 470 2133; x_wconf 92' lang='lat' dir='ltr'><strong>quibus</strong></span> <span class='ocrx_word' id='word_1_278' title='bbox 488 2053 679 2135; x_wconf 88' lang='lat' dir='ltr'><strong>suppliciter</strong></span> <span class='ocrx_word' id='word_1_279' title='bbox 700 2054 783 2135; x_wconf 90' lang='lat' dir='ltr'><strong>petit</strong></span> <span class='ocrx_word' id='word_1_280' title='bbox 805 2076 825 2118; x_wconf 90' lang='lat' dir='ltr'><strong>a</strong></span> <span class='ocrx_word' id='word_1_281' title='bbox 848 2053 1045 2134; x_wconf 75' lang='lat' dir='ltr'><strong>Theodosio,</strong></span> <span class='ocrx_word' id='word_1_282' title='bbox 1068 2056 1138 2120; x_wconf 83' lang='lat' dir='ltr'><strong>Va·</strong></span> <span class='ocrx_word' id='word_1_283' title='bbox 1189 2048 1293 2131; x_wconf 78' lang='lat' dir='ltr'><strong>quue</strong></span> <span class='ocrx_word' id='word_1_284' title='bbox 1327 2072 1368 2114; x_wconf 77' lang='lat' dir='ltr'><strong>ex</strong></span> <span class='ocrx_word' id='word_1_285' title='bbox 1407 2051 1504 2116; x_wconf 79' lang='lat' dir='ltr'><strong>claris</strong></span> <span class='ocrx_word' id='word_1_286' title='bbox 1537 2052 1673 2116; x_wconf 89' lang='lat' dir='ltr'><strong>Domini</strong></span> <span class='ocrx_word' id='word_1_287' title='bbox 1706 2052 1815 2116; x_wconf 80' lang='lat' dir='ltr'><strong>verbis</strong></span> <span class='ocrx_word' id='word_1_288' title='bbox 1852 2051 1989 2133; x_wconf 79' lang='lat' dir='ltr'><strong>planum</strong></span> <span class='ocrx_word' id='word_1_289' title='bbox 2024 2051 2171 2116; x_wconf 72' lang='lat' dir='ltr'><strong>facimus.</strong></span> 
     </span>
     <span class='ocr_line' id='line_1_22' title="bbox 153 2134 2171 2224; baseline 0.001 -26"><span class='ocrx_word' id='word_1_290' title='bbox 153 2134 336 2201; x_wconf 89' lang='lat' dir='ltr'><strong>lentiniano</strong></span> <span class='ocrx_word' id='word_1_291' title='bbox 365 2144 398 2201; x_wconf 91' lang='lat' dir='ltr'><strong>et</strong></span> <span class='ocrx_word' id='word_1_292' title='bbox 420 2137 598 2214; x_wconf 83' lang='lat' dir='ltr'><strong>Marciana,</strong></span> <span class='ocrx_word' id='word_1_293' title='bbox 634 2140 804 2223; x_wconf 75' lang='lat' dir='ltr'><strong>Augustis,</strong></span> <span class='ocrx_word' id='word_1_294' title='bbox 814 2140 843 2223; x_wconf 73' lang='lat'><strong>2)</strong></span> <span class='ocrx_word' id='word_1_295' title='bbox 872 2148 923 2219; x_wconf 81' lang='lat' dir='ltr'><strong>nt,</strong></span> <span class='ocrx_word' id='word_1_296' title='bbox 952 2162 1011 2223; x_wconf 81' lang='lat' dir='ltr'><strong>pro</strong></span> <span class='ocrx_word' id='word_1_297' title='bbox 1032 2141 1137 2224; x_wconf 77' lang='lat' dir='ltr'><strong>impe·</strong></span> <span class='ocrx_word' id='word_1_298' title='bbox 1189 2135 1305 2218; x_wconf 90' lang='lat' dir='ltr'><strong>Neque</strong></span> <span class='ocrx_word' id='word_1_299' title='bbox 1336 2138 1425 2201; x_wconf 91' lang='lat' dir='ltr'><strong>enim</strong></span> <span class='ocrx_word' id='word_1_300' title='bbox 1457 2137 1663 2202; x_wconf 86' lang='lat' dir='ltr'><strong>sacrificandi</strong></span> <span class='ocrx_word' id='word_1_301' title='bbox 1696 2148 1806 2219; x_wconf 87' lang='lat' dir='ltr'><strong>partes</strong></span> <span class='ocrx_word' id='word_1_302' title='bbox 1839 2137 1932 2202; x_wconf 92' lang='lat' dir='ltr'><strong>nobis</strong></span> <span class='ocrx_word' id='word_1_303' title='bbox 1961 2138 2108 2220; x_wconf 87' lang='lat' dir='ltr'><strong>iniungit</strong></span> <span class='ocrx_word' id='word_1_304' title='bbox 2134 2137 2171 2201; x_wconf 89' lang='lat' dir='ltr'><strong>in</strong></span> 
     </span>
     <span class='ocr_line' id='line_1_23' title="bbox 153 2221 2170 2310; baseline 0.001 -25"><span class='ocrx_word' id='word_1_305' title='bbox 153 2221 278 2285; x_wconf 87' lang='lat' dir='ltr'><strong>ratoria</strong></span> <span class='ocrx_word' id='word_1_306' title='bbox 301 2226 375 2302; x_wconf 76' lang='lat' dir='ltr'><strong>[pag.</strong></span> <span class='ocrx_word' id='word_1_307' title='bbox 400 2228 453 2301; x_wconf 76' lang='lat'><strong>76]</strong></span> <span class='ocrx_word' id='word_1_308' title='bbox 477 2233 656 2306; x_wconf 78' lang='lat' dir='ltr'><strong>potesta-tc,</strong></span> <span class='ocrx_word' id='word_1_309' title='bbox 678 2225 788 2290; x_wconf 91' lang='lat' dir='ltr'><strong>locum</strong></span> <span class='ocrx_word' id='word_1_310' title='bbox 812 2232 845 2290; x_wconf 89' lang='lat' dir='ltr'><strong>ct</strong></span> <span class='ocrx_word' id='word_1_311' title='bbox 867 2225 954 2290; x_wconf 90' lang='lat' dir='ltr'><strong>diem</strong></span> <span class='ocrx_word' id='word_1_312' title='bbox 977 2227 1137 2310; x_wconf 90' lang='lat' dir='ltr'><strong>episcopis</strong></span> <span class='ocrx_word' id='word_1_313' title='bbox 1189 2240 1283 2286; x_wconf 90' lang='lat' dir='ltr'><strong>sacra</strong></span> <span class='ocrx_word' id='word_1_314' title='bbox 1320 2240 1421 2287; x_wconf 89' lang='lat' dir='ltr'><strong>coena</strong></span> <span class='ocrx_word' id='word_1_315' title='bbox 1460 2223 1675 2289; x_wconf 89' lang='lat' dir='ltr'><strong>instituenda:</strong></span> <span class='ocrx_word' id='word_1_316' title='bbox 1714 2222 1771 2288; x_wconf 91' lang='lat' dir='ltr'><strong>sed</strong></span> <span class='ocrx_word' id='word_1_317' title='bbox 1815 2223 1856 2287; x_wconf 90' lang='lat' dir='ltr'><strong>ad</strong></span> <span class='ocrx_word' id='word_1_318' title='bbox 1895 2222 2170 2304; x_wconf 82' lang='lat' dir='ltr'><strong>participandum,</strong></span> 
     </span>
     <span class='ocr_line' id='line_1_24' title="bbox 153 2305 2171 2395; baseline 0 -25"><span class='ocrx_word' id='word_1_319' title='bbox 153 2305 293 2372; x_wconf 89' lang='lat' dir='ltr'><strong>edicant.</strong></span> <span class='ocrx_word' id='word_1_320' title='bbox 337 2307 431 2372; x_wconf 91' lang='lat' dir='ltr'><strong>Idem</strong></span> <span class='ocrx_word' id='word_1_321' title='bbox 454 2320 488 2373; x_wconf 90' lang='lat' dir='ltr'><strong>et</strong></span> <span class='ocrx_word' id='word_1_322' title='bbox 510 2309 693 2395; x_wconf 84' lang='lat' dir='ltr'><strong>Gregorius</strong></span> <span class='ocrx_word' id='word_1_323' title='bbox 715 2311 884 2394; x_wconf 87' lang='lat' dir='ltr'><strong>aliquanto</strong></span> <span class='ocrx_word' id='word_1_324' title='bbox 906 2320 981 2395; x_wconf 89' lang='lat' dir='ltr'><strong>post</strong></span> <span class='ocrx_word' id='word_1_325' title='bbox 1003 2314 1137 2378; x_wconf 87' lang='lat' dir='ltr'><strong>aMau·</strong></span> <span class='ocrx_word' id='word_1_326' title='bbox 1189 2306 1275 2388; x_wconf 90' lang='lat' dir='ltr'><strong>quod</strong></span> <span class='ocrx_word' id='word_1_327' title='bbox 1302 2308 1372 2390; x_wconf 91' lang='lat' dir='ltr'><strong>ipsc</strong></span> <span class='ocrx_word' id='word_1_328' title='bbox 1405 2329 1493 2372; x_wconf 93' lang='lat' dir='ltr'><strong>unus</strong></span> <span class='ocrx_word' id='word_1_329' title='bbox 1521 2322 1554 2372; x_wconf 91' lang='lat' dir='ltr'><strong>et</strong></span> <span class='ocrx_word' id='word_1_330' title='bbox 1589 2309 1688 2375; x_wconf 89' lang='lat' dir='ltr'><strong>semel</strong></span> <span class='ocrx_word' id='word_1_331' title='bbox 1716 2309 1837 2374; x_wconf 91' lang='lat' dir='ltr'><strong>obtulit</strong></span> <span class='ocrx_word' id='word_1_332' title='bbox 1864 2309 2077 2386; x_wconf 87' lang='lat' dir='ltr'><strong>sacrificium,</strong></span> <span class='ocrx_word' id='word_1_333' title='bbox 2110 2328 2171 2372; x_wconf 93' lang='lat' dir='ltr'><strong>nos</strong></span> 
     </span>
     <span class='ocr_line' id='line_1_25' title="bbox 152 2391 2171 2478; baseline 0 -22"><span class='ocrx_word' id='word_1_334' title='bbox 152 2393 232 2459; x_wconf 90' lang='lat' dir='ltr'><strong>ricio</strong></span> <span class='ocrx_word' id='word_1_335' title='bbox 256 2394 361 2475; x_wconf 89' lang='lat' dir='ltr'><strong>petiit.</strong></span> <span class='ocrx_word' id='word_1_336' title='bbox 1189 2393 1323 2457; x_wconf 86' lang='lat' dir='ltr'><strong>inritat:</strong></span> <span class='ocrx_word' id='word_1_337' title='bbox 1347 2391 1614 2458; x_wconf 82' lang='lat' dir='ltr'><strong>distributionem</strong></span> <span class='ocrx_word' id='word_1_338' title='bbox 1635 2396 1709 2459; x_wconf 90' lang='lat' dir='ltr'><strong>fieri</strong></span> <span class='ocrx_word' id='word_1_339' title='bbox 1727 2395 1901 2478; x_wconf 85' lang='lat' dir='ltr'><strong>praecipit:</strong></span> <span class='ocrx_word' id='word_1_340' title='bbox 1925 2403 2063 2476; x_wconf 88' lang='lat' dir='ltr'><strong>utroque</strong></span> <span class='ocrx_word' id='word_1_341' title='bbox 2080 2415 2171 2478; x_wconf 91' lang='lat' dir='ltr'><strong>sym·</strong></span> 
     </span>
     <span class='ocr_line' id='line_1_26' title="bbox 239 2477 2171 2566; baseline 0.002 -24"><span class='ocrx_word' id='word_1_342' title='bbox 239 2479 367 2544; x_wconf 89' lang='lat' dir='ltr'><strong>Verum</strong></span> <span class='ocrx_word' id='word_1_343' title='bbox 399 2487 467 2545; x_wconf 90' lang='lat' dir='ltr'><strong>tres</strong></span> <span class='ocrx_word' id='word_1_344' title='bbox 499 2479 586 2546; x_wconf 88' lang='lat' dir='ltr'><strong>sedis</strong></span> <span class='ocrx_word' id='word_1_345' title='bbox 621 2481 817 2564; x_wconf 88' lang='lat' dir='ltr'><strong>apostolicae</strong></span> <span class='ocrx_word' id='word_1_346' title='bbox 848 2483 949 2566; x_wconf 88' lang='lat' dir='ltr'><strong>legat-i</strong></span> <span class='ocrx_word' id='word_1_347' title='bbox 983 2483 1136 2566; x_wconf 89' lang='lat' dir='ltr'><strong>spiritum</strong></span> <span class='ocrx_word' id='word_1_348' title='bbox 1189 2477 1262 2542; x_wconf 91' lang='lat' dir='ltr'><strong>bolo</strong></span> <span class='ocrx_word' id='word_1_349' title='bbox 1302 2480 1543 2544; x_wconf 86' lang='lat' dir='ltr'><strong>communicare</strong></span> <span class='ocrx_word' id='word_1_350' title='bbox 1584 2502 1696 2546; x_wconf 89' lang='lat' dir='ltr'><strong>omues</strong></span> <span class='ocrx_word' id='word_1_351' title='bbox 1734 2482 1858 2563; x_wconf 88' lang='lat' dir='ltr'><strong>pariter</strong></span> <span class='ocrx_word' id='word_1_352' title='bbox 1902 2480 2001 2544; x_wconf 88' lang='lat' dir='ltr'><strong>iubet.</strong></span> <span class='ocrx_word' id='word_1_353' title='bbox 2053 2479 2171 2562; x_wconf 89' lang='lat' dir='ltr'><strong>Neque</strong></span> 
     </span>
     <span class='ocr_line' id='line_1_27' title="bbox 154 2563 2171 2654; baseline 0.001 -27"><span class='ocrx_word' id='word_1_354' title='bbox 154 2572 307 2629; x_wconf 87' lang='lat' dir='ltr'><strong>sanctum</strong></span> <span class='ocrx_word' id='word_1_355' title='bbox 327 2566 439 2631; x_wconf 81' lang='lat' dir='ltr'><strong>forsan</strong></span> <span class='ocrx_word' id='word_1_356' title='bbox 461 2567 653 2632; x_wconf 84' lang='lat' dir='ltr'><strong>attulerunt.</strong></span> <span class='ocrx_word' id='word_1_357' title='bbox 699 2567 737 2634; x_wconf 80' lang='lat' dir='ltr'><strong>Si</strong></span> <span class='ocrx_word' id='word_1_358' title='bbox 759 2570 805 2632; x_wconf 85' lang='lat' dir='ltr'><strong>ita</strong></span> <span class='ocrx_word' id='word_1_359' title='bbox 829 2576 888 2648; x_wconf 79' lang='lat' dir='ltr'><strong>est,</strong></span> <span class='ocrx_word' id='word_1_360' title='bbox 912 2590 977 2634; x_wconf 85' lang='lat' dir='ltr'><strong>non</strong></span> <span class='ocrx_word' id='word_1_361' title='bbox 1000 2570 1062 2633; x_wconf 86' lang='lat' dir='ltr'><strong>suit</strong></span> <span class='ocrx_word' id='word_1_362' title='bbox 1082 2591 1136 2654; x_wconf 81' lang='lat' dir='ltr'><strong>sy·</strong></span> <span class='ocrx_word' id='word_1_363' title='bbox 1188 2563 1638 2631; x_wconf 83' lang='lat' dir='ltr'><strong>onimobscurasuntverba:</strong></span> <span class='ocrx_word' id='word_1_364' title='bbox 1652 2568 1808 2649; x_wconf 83' lang='lat' dir='ltr'><strong>Accipite,</strong></span> <span class='ocrx_word' id='word_1_365' title='bbox 1828 2564 2014 2631; x_wconf 88' lang='lat' dir='ltr'><strong>distribuite</strong></span> <span class='ocrx_word' id='word_1_366' title='bbox 2027 2570 2102 2646; x_wconf 78' lang='lat' dir='ltr'><strong>[pag.</strong></span> <span class='ocrx_word' id='word_1_367' title='bbox 2115 2570 2171 2644; x_wconf 78' lang='grc'><strong>78]</strong></span> 
     </span>
     <span class='ocr_line' id='line_1_28' title="bbox 151 2648 2172 2738; baseline 0.003 -25"><span class='ocrx_word' id='word_1_368' title='bbox 151 2648 257 2716; x_wconf 92' lang='lat' dir='ltr'><strong>nodus</strong></span> <span class='ocrx_word' id='word_1_369' title='bbox 280 2651 407 2717; x_wconf 88' lang='lat' dir='ltr'><strong>Nicone</strong></span> <span class='ocrx_word' id='word_1_370' title='bbox 428 2651 490 2717; x_wconf 91' lang='lat' dir='ltr'><strong>rite</strong></span> <span class='ocrx_word' id='word_1_371' title='bbox 513 2663 727 2738; x_wconf 86' lang='lat' dir='ltr'><strong>congregata:</strong></span> <span class='ocrx_word' id='word_1_372' title='bbox 752 2675 835 2737; x_wconf 88' lang='lat' dir='ltr'><strong>quae</strong></span> <span class='ocrx_word' id='word_1_373' title='bbox 858 2675 1015 2720; x_wconf 87' lang='lat' dir='ltr'><strong>romanae</strong></span> <span class='ocrx_word' id='word_1_374' title='bbox 1034 2655 1136 2721; x_wconf 89' lang='lat' dir='ltr'><strong>eccle·</strong></span> <span class='ocrx_word' id='word_1_375' title='bbox 1187 2650 1367 2716; x_wconf 78' lang='lat' dir='ltr'><strong>intervos:</strong></span> <span class='ocrx_word' id='word_1_376' title='bbox 1388 2652 1490 2716; x_wconf 86' lang='lat' dir='ltr'><strong>bibite</strong></span> <span class='ocrx_word' id='word_1_377' title='bbox 1511 2673 1553 2716; x_wconf 75' lang='lat' dir='ltr'><strong>er</strong></span> <span class='ocrx_word' id='word_1_378' title='bbox 1576 2653 1638 2716; x_wconf 85' lang='lat' dir='ltr'><strong>hoe</strong></span> <span class='ocrx_word' id='word_1_379' title='bbox 1660 2652 1760 2717; x_wconf 82' lang='lat' dir='ltr'><strong>calice</strong></span> <span class='ocrx_word' id='word_1_380' title='bbox 1782 2673 1904 2718; x_wconf 86' lang='lat' dir='ltr'><strong>omnes.</strong></span> <span class='ocrx_word' id='word_1_381' title='bbox 1950 2649 2041 2733; x_wconf 82' lang='lat' dir='ltr'><strong>Quid</strong></span> <span class='ocrx_word' id='word_1_382' title='bbox 2064 2651 2172 2717; x_wconf 80' lang='lat' dir='ltr'><strong>simile</strong></span> 
     </span>
     <span class='ocr_line' id='line_1_29' title="bbox 152 2735 2172 2887; baseline 0.002 -89"><span class='ocrx_word' id='word_1_383' title='bbox 152 2735 220 2800; x_wconf 86' lang='lat' dir='ltr'><strong>siae</strong></span> <span class='ocrx_word' id='word_1_384' title='bbox 252 2735 379 2821; x_wconf 85' lang='lat' dir='ltr'><strong>legatos</strong></span> <span class='ocrx_word' id='word_1_385' title='bbox 406 2739 441 2802; x_wconf 91' lang='lat' dir='ltr'><strong>in</strong></span> <span class='ocrx_word' id='word_1_386' title='bbox 475 2746 631 2887; x_wconf 56' lang='lat' dir='ltr'><strong>guantum</strong></span> <span class='ocrx_word' id='word_1_387' title='bbox 664 2740 772 2806; x_wconf 83' lang='lat' dir='ltr'><strong>laeum</strong></span> <span class='ocrx_word' id='word_1_388' title='bbox 807 2740 929 2806; x_wconf 71' lang='lat' dir='ltr'><strong>reiecit,</strong></span> <span class='ocrx_word' id='word_1_389' title='bbox 976 2740 1066 2822; x_wconf 77' lang='lat' dir='ltr'><strong>Quid</strong></span> <span class='ocrx_word' id='word_1_390' title='bbox 1095 2738 1135 2806; x_wconf 80' lang='lat' dir='ltr'><strong>da</strong></span> <span class='ocrx_word' id='word_1_391' title='bbox 1187 2735 1274 2800; x_wconf 89' lang='lat' dir='ltr'><strong>inter</strong></span> <span class='ocrx_word' id='word_1_392' title='bbox 1296 2736 1455 2801; x_wconf 90' lang='lat' dir='ltr'><strong>eiusmodi</strong></span> <span class='ocrx_word' id='word_1_393' title='bbox 1479 2739 1656 2812; x_wconf 87' lang='lat' dir='ltr'><strong>actionem,</strong></span> <span class='ocrx_word' id='word_1_394' title='bbox 1681 2760 1764 2820; x_wconf 91' lang='lat' dir='ltr'><strong>quae</strong></span> <span class='ocrx_word' id='word_1_395' title='bbox 1781 2738 1918 2803; x_wconf 86' lang='lat' dir='ltr'><strong>Domini</strong></span> <span class='ocrx_word' id='word_1_396' title='bbox 1940 2736 2096 2802; x_wconf 84' lang='lat' dir='ltr'><strong>mandato</strong></span> <span class='ocrx_word' id='word_1_397' title='bbox 2118 2757 2172 2802; x_wconf 92' lang='lat' dir='ltr'><strong>re·</strong></span> 
     </span>
     <span class='ocr_line' id='line_1_30' title="bbox 151 2821 2170 2908; baseline 0.006 -23"><span class='ocrx_word' id='word_1_398' title='bbox 151 2821 357 2904; x_wconf 86' lang='lat' dir='ltr'><strong>Aquileiensi</strong></span> <span class='ocrx_word' id='word_1_399' title='bbox 379 2823 473 2890; x_wconf 88' lang='lat' dir='ltr'><strong>dicen</strong></span> <span class='ocrx_word' id='word_1_400' title='bbox 498 2846 563 2904; x_wconf 91' lang='lat' dir='ltr'><strong>um,</strong></span> <span class='ocrx_word' id='word_1_401' title='bbox 586 2845 791 2908; x_wconf 86' lang='lat' dir='ltr'><strong>quaequam</strong></span> <span class='ocrx_word' id='word_1_402' title='bbox 814 2826 1134 2892; x_wconf 89' lang='lat' dir='ltr'><strong>inItaliacelebra·</strong></span> <span class='ocrx_word' id='word_1_403' title='bbox 1187 2821 1336 2904; x_wconf 68' lang='lat' dir='ltr'><strong>spondet,</strong></span> <span class='ocrx_word' id='word_1_404' title='bbox 1359 2832 1393 2887; x_wconf 70' lang='lat' dir='ltr'><strong>et</strong></span> <span class='ocrx_word' id='word_1_405' title='bbox 1414 2823 1567 2906; x_wconf 71' lang='lat' dir='ltr'><strong>papalem</strong></span> <span class='ocrx_word' id='word_1_406' title='bbox 1589 2824 1747 2889; x_wconf 67' lang='lat' dir='ltr'><strong>missam?</strong></span> <span class='ocrx_word' id='word_1_407' title='bbox 1768 2825 1824 2888; x_wconf 80' lang='lat' dir='ltr'><strong>ubi</strong></span> <span class='ocrx_word' id='word_1_408' title='bbox 1847 2846 1882 2889; x_wconf 75' lang='lat'><strong>⁸0</strong></span> <span class='ocrx_word' id='word_1_409' title='bbox 1896 2823 2070 2889; x_wconf 74' lang='lat' dir='ltr'><strong>Christum</strong></span> <span class='ocrx_word' id='word_1_410' title='bbox 2081 2824 2170 2907; x_wconf 73' lang='lat' dir='ltr'><strong>patri</strong></span> 
     </span>
     <span class='ocr_line' id='line_1_31' title="bbox 152 2907 2170 2993; baseline 0.001 -22"><span class='ocrx_word' id='word_1_411' title='bbox 152 2915 260 2986; x_wconf 91' lang='lat' dir='ltr'><strong>retur,</strong></span> <span class='ocrx_word' id='word_1_412' title='bbox 299 2916 448 2993; x_wconf 87' lang='lat' dir='ltr'><strong>essetque</strong></span> <span class='ocrx_word' id='word_1_413' title='bbox 479 2911 691 2990; x_wconf 83' lang='lat' dir='ltr'><strong>universalis,</strong></span> <span class='ocrx_word' id='word_1_414' title='bbox 734 2912 861 2977; x_wconf 91' lang='lat' dir='ltr'><strong>nullam</strong></span> <span class='ocrx_word' id='word_1_415' title='bbox 895 2913 974 2978; x_wconf 90' lang='lat' dir='ltr'><strong>facit</strong></span> <span class='ocrx_word' id='word_1_416' title='bbox 1005 2913 1134 2978; x_wconf 91' lang='lat' dir='ltr'><strong>romani</strong></span> <span class='ocrx_word' id='word_1_417' title='bbox 1187 2907 1306 2972; x_wconf 77' lang='lat' dir='ltr'><strong>offerre</strong></span> <span class='ocrx_word' id='word_1_418' title='bbox 1334 2909 1482 2992; x_wconf 85' lang='lat' dir='ltr'><strong>fingunt,</strong></span> <span class='ocrx_word' id='word_1_419' title='bbox 1512 2908 1554 2975; x_wconf 88' lang='lat' dir='ltr'><strong>ad</strong></span> <span class='ocrx_word' id='word_1_420' title='bbox 1582 2910 1747 2992; x_wconf 79' lang='lat' dir='ltr'><strong>expianda</strong></span> <span class='ocrx_word' id='word_1_421' title='bbox 1774 2931 1833 2975; x_wconf 95' lang='lat' dir='ltr'><strong>suo</strong></span> <span class='ocrx_word' id='word_1_422' title='bbox 1862 2909 2022 2975; x_wconf 89' lang='lat' dir='ltr'><strong>sacrificio</strong></span> <span class='ocrx_word' id='word_1_423' title='bbox 2051 2908 2170 2974; x_wconf 90' lang='lat' dir='ltr'><strong>mundi</strong></span> 
     </span>
     <span class='ocr_line' id='line_1_32' title="bbox 151 2993 2172 3078; baseline 0.001 -20"><span class='ocrx_word' id='word_1_424' title='bbox 151 2993 294 3076; x_wconf 91' lang='lat' dir='ltr'><strong>episcopi</strong></span> <span class='ocrx_word' id='word_1_425' title='bbox 321 2996 544 3061; x_wconf 87' lang='lat' dir='ltr'><strong>mentionem?</strong></span> <span class='ocrx_word' id='word_1_426' title='bbox 589 2995 627 3062; x_wconf 81' lang='lat' dir='ltr'><strong>Si</strong></span> <span class='ocrx_word' id='word_1_427' title='bbox 655 3018 723 3062; x_wconf 91' lang='lat' dir='ltr'><strong>non</strong></span> <span class='ocrx_word' id='word_1_428' title='bbox 756 3007 808 3064; x_wconf 89' lang='lat' dir='ltr'><strong>est</strong></span> <span class='ocrx_word' id='word_1_429' title='bbox 840 2998 904 3063; x_wconf 90' lang='lat' dir='ltr'><strong>rite</strong></span> <span class='ocrx_word' id='word_1_430' title='bbox 935 3000 1134 3064; x_wconf 87' lang='lat' dir='ltr'><strong>constitutas</strong></span> <span class='ocrx_word' id='word_1_431' title='bbox 1185 2994 1641 3076; x_wconf 86' lang='lat' dir='ltr'><strong>peccata:nequeidsolnm,</strong></span> <span class='ocrx_word' id='word_1_432' title='bbox 1664 2994 1844 3061; x_wconf 90' lang='lat' dir='ltr'><strong>sedetiam</strong></span> <span class='ocrx_word' id='word_1_433' title='bbox 1866 2995 1907 3060; x_wconf 90' lang='lat' dir='ltr'><strong>ad</strong></span> <span class='ocrx_word' id='word_1_434' title='bbox 1928 2994 2172 3078; x_wconf 88' lang='lat' dir='ltr'><strong>impetrandam</strong></span> 
     </span>
     <span class='ocr_line' id='line_1_33' title="bbox 152 3077 2171 3168; baseline 0.001 -26"><span class='ocrx_word' id='word_1_435' title='bbox 152 3077 241 3157; x_wconf 91' lang='lat' dir='ltr'><strong>ordo,</strong></span> <span class='ocrx_word' id='word_1_436' title='bbox 259 3080 325 3146; x_wconf 90' lang='lat' dir='ltr'><strong>nisi</strong></span> <span class='ocrx_word' id='word_1_437' title='bbox 336 3081 545 3165; x_wconf 88' lang='lat' dir='ltr'><strong>praesideant</strong></span> <span class='ocrx_word' id='word_1_438' title='bbox 561 3103 666 3166; x_wconf 87' lang='lat' dir='ltr'><strong>papae</strong></span> <span class='ocrx_word' id='word_1_439' title='bbox 677 3082 788 3168; x_wconf 90' lang='lat' dir='ltr'><strong>legati,</strong></span> <span class='ocrx_word' id='word_1_440' title='bbox 801 3082 941 3167; x_wconf 88' lang='lat' dir='ltr'><strong>quidres</strong></span> <span class='ocrx_word' id='word_1_441' title='bbox 966 3084 1135 3150; x_wconf 91' lang='lat' dir='ltr'><strong>ondebunt</strong></span> <span class='ocrx_word' id='word_1_442' title='bbox 1186 3079 1323 3145; x_wconf 88' lang='lat' dir='ltr'><strong>mortuis</strong></span> <span class='ocrx_word' id='word_1_443' title='bbox 1345 3079 1623 3164; x_wconf 88' lang='lat' dir='ltr'><strong>redemptionem:</strong></span> <span class='ocrx_word' id='word_1_444' title='bbox 1645 3081 1702 3146; x_wconf 92' lang='lat' dir='ltr'><strong>ubi</strong></span> <span class='ocrx_word' id='word_1_445' title='bbox 1719 3082 1812 3146; x_wconf 87' lang='lat' dir='ltr'><strong>nulla</strong></span> <span class='ocrx_word' id='word_1_446' title='bbox 1828 3083 1868 3146; x_wconf 91' lang='lat' dir='ltr'><strong>fit</strong></span> <span class='ocrx_word' id='word_1_447' title='bbox 1885 3081 1927 3146; x_wconf 91' lang='lat' dir='ltr'><strong>ad</strong></span> <span class='ocrx_word' id='word_1_448' title='bbox 1946 3081 2171 3165; x_wconf 86' lang='lat' dir='ltr'><strong>participatio·</strong></span> 
     </span>
     <span class='ocr_line' id='line_1_34' title="bbox 147 3165 2171 3254; baseline -0.001 -22"><span class='ocrx_word' id='word_1_449' title='bbox 147 3165 313 3247; x_wconf 85' lang='lat' dir='ltr'><strong>Africani,</strong></span> <span class='ocrx_word' id='word_1_450' title='bbox 342 3169 398 3250; x_wconf 90' lang='lat' dir='ltr'><strong>qui</strong></span> <span class='ocrx_word' id='word_1_451' title='bbox 426 3167 553 3233; x_wconf 90' lang='lat' dir='ltr'><strong>duobus</strong></span> <span class='ocrx_word' id='word_1_452' title='bbox 580 3169 743 3236; x_wconf 90' lang='lat' dir='ltr'><strong>Bonifacii</strong></span> <span class='ocrx_word' id='word_1_453' title='bbox 770 3169 890 3253; x_wconf 87' lang='lat' dir='ltr'><strong>legatis</strong></span> <span class='ocrx_word' id='word_1_454' title='bbox 916 3171 946 3236; x_wconf 92' lang='lat' dir='ltr'>P</span> <span class='ocrx_word' id='word_1_455' title='bbox 973 3169 1071 3254; x_wconf 79' lang='lat' dir='ltr'><strong>‘&#39;ppo</strong></span> <span class='ocrx_word' id='word_1_456' title='bbox 1101 3177 1135 3236; x_wconf 87' lang='lat' dir='ltr'><strong>et</strong></span> <span class='ocrx_word' id='word_1_457' title='bbox 1185 3185 1263 3229; x_wconf 87' lang='lat' dir='ltr'><strong>nem</strong></span> <span class='ocrx_word' id='word_1_458' title='bbox 1285 3165 1452 3230; x_wconf 86' lang='lat' dir='ltr'><strong>invitatio:</strong></span> <span class='ocrx_word' id='word_1_459' title='bbox 1480 3167 1537 3232; x_wconf 88' lang='lat' dir='ltr'><strong>sed</strong></span> <span class='ocrx_word' id='word_1_460' title='bbox 1559 3168 1669 3250; x_wconf 90' lang='lat' dir='ltr'><strong>potius</strong></span> <span class='ocrx_word' id='word_1_461' title='bbox 1697 3189 1784 3232; x_wconf 93' lang='lat' dir='ltr'><strong>unus</strong></span> <span class='ocrx_word' id='word_1_462' title='bbox 1806 3190 1841 3234; x_wconf 93' lang='lat' dir='ltr'><strong>se</strong></span> <span class='ocrx_word' id='word_1_463' title='bbox 1863 3189 1883 3233; x_wconf 88' lang='lat' dir='ltr'><strong>a</strong></span> <span class='ocrx_word' id='word_1_464' title='bbox 1904 3176 1972 3233; x_wconf 87' lang='lat' dir='ltr'><strong>teto</strong></span> <span class='ocrx_word' id='word_1_465' title='bbox 1995 3187 2098 3252; x_wconf 89' lang='lat' dir='ltr'><strong>grege</strong></span> <span class='ocrx_word' id='word_1_466' title='bbox 2120 3186 2171 3231; x_wconf 89' lang='lat' dir='ltr'><strong>se-</strong></span> 
     </span>
     <span class='ocr_line' id='line_1_35' title="bbox 148 3250 2172 3341; baseline 0.001 -26"><span class='ocrx_word' id='word_1_467' title='bbox 148 3250 262 3317; x_wconf 91' lang='lat' dir='ltr'><strong>Asello</strong></span> <span class='ocrx_word' id='word_1_468' title='bbox 283 3261 487 3336; x_wconf 87' lang='lat' dir='ltr'><strong>postremum</strong></span> <span class='ocrx_word' id='word_1_469' title='bbox 508 3254 616 3321; x_wconf 90' lang='lat' dir='ltr'><strong>locum</strong></span> <span class='ocrx_word' id='word_1_470' title='bbox 637 3256 863 3340; x_wconf 87' lang='lat' dir='ltr'><strong>assignarunt,</strong></span> <span class='ocrx_word' id='word_1_471' title='bbox 887 3256 973 3339; x_wconf 93' lang='lat' dir='ltr'><strong>quod</strong></span> <span class='ocrx_word' id='word_1_472' title='bbox 995 3255 1131 3341; x_wconf 85' lang='lat' dir='ltr'><strong>presby·</strong></span> <span class='ocrx_word' id='word_1_473' title='bbox 1184 3257 1294 3334; x_wconf 86' lang='lat' dir='ltr'><strong>parat:</strong></span> <span class='ocrx_word' id='word_1_474' title='bbox 1325 3251 1464 3335; x_wconf 91' lang='lat' dir='ltr'><strong>quodsi</strong></span> <span class='ocrx_word' id='word_1_475' title='bbox 1492 3254 1565 3335; x_wconf 89' lang='lat' dir='ltr'><strong>quis</strong></span> <span class='ocrx_word' id='word_1_476' title='bbox 1592 3254 1676 3318; x_wconf 89' lang='lat' dir='ltr'><strong>forte</strong></span> <span class='ocrx_word' id='word_1_477' title='bbox 1700 3254 1838 3332; x_wconf 86' lang='lat' dir='ltr'><strong>aceedit,</strong></span> <span class='ocrx_word' id='word_1_478' title='bbox 1867 3276 1888 3318; x_wconf 91' lang='lat' dir='ltr'><strong>a</strong></span> <span class='ocrx_word' id='word_1_479' title='bbox 1913 3253 2052 3319; x_wconf 89' lang='lat' dir='ltr'><strong>dimidia</strong></span> <span class='ocrx_word' id='word_1_480' title='bbox 2077 3260 2172 3335; x_wconf 89' lang='lat' dir='ltr'><strong>parte</strong></span> 
     </span>
     <span class='ocr_line' id='line_1_36' title="bbox 148 3336 2171 3426; baseline 0.001 -25"><span class='ocrx_word' id='word_1_481' title='bbox 148 3337 213 3401; x_wconf 87' lang='lat' dir='ltr'><strong>teri</strong></span> <span class='ocrx_word' id='word_1_482' title='bbox 241 3344 372 3404; x_wconf 87' lang='lat' dir='ltr'><strong>tantum</strong></span> <span class='ocrx_word' id='word_1_483' title='bbox 405 3341 571 3422; x_wconf 78' lang='lat' dir='ltr'><strong>essent,⁸)</strong></span> <span class='ocrx_word' id='word_1_484' title='bbox 609 3363 676 3406; x_wconf 91' lang='lat' dir='ltr'><strong>non</strong></span> <span class='ocrx_word' id='word_1_485' title='bbox 710 3364 752 3407; x_wconf 81' lang='lat' dir='ltr'><strong>ex</strong></span> <span class='ocrx_word' id='word_1_486' title='bbox 785 3341 901 3407; x_wconf 89' lang='lat' dir='ltr'><strong>ordine</strong></span> <span class='ocrx_word' id='word_1_487' title='bbox 934 3342 1131 3426; x_wconf 87' lang='lat' dir='ltr'><strong>episcopali?</strong></span> <span class='ocrx_word' id='word_1_488' title='bbox 1186 3343 1326 3402; x_wconf 88' lang='lat' dir='ltr'><strong>arcetur.</strong></span> <span class='ocrx_word' id='word_1_489' title='bbox 1372 3336 1462 3402; x_wconf 92' lang='lat' dir='ltr'><strong>Olim</strong></span> <span class='ocrx_word' id='word_1_490' title='bbox 1486 3360 1587 3422; x_wconf 89' lang='lat' dir='ltr'><strong>quum</strong></span> <span class='ocrx_word' id='word_1_491' title='bbox 1609 3341 1718 3404; x_wconf 91' lang='lat' dir='ltr'><strong>minor</strong></span> <span class='ocrx_word' id='word_1_492' title='bbox 1736 3346 1823 3405; x_wconf 91' lang='lat' dir='ltr'><strong>esset</strong></span> <span class='ocrx_word' id='word_1_493' title='bbox 1839 3339 1952 3422; x_wconf 91' lang='lat' dir='ltr'><strong>populi</strong></span> <span class='ocrx_word' id='word_1_494' title='bbox 1974 3340 2171 3422; x_wconf 86' lang='lat' dir='ltr'><strong>frequentia,</strong></span> 
     </span>
     <span class='ocr_line' id='line_1_37' title="bbox 148 3420 2172 3511; baseline 0.001 -25"><span class='ocrx_word' id='word_1_495' title='bbox 148 3420 247 3487; x_wconf 90' lang='lat' dir='ltr'><strong>Nunc</strong></span> <span class='ocrx_word' id='word_1_496' title='bbox 269 3445 424 3490; x_wconf 90' lang='lat' dir='ltr'><strong>romanae</strong></span> <span class='ocrx_word' id='word_1_497' title='bbox 446 3426 600 3492; x_wconf 89' lang='lat' dir='ltr'><strong>ccclesiae</strong></span> <span class='ocrx_word' id='word_1_498' title='bbox 618 3426 784 3506; x_wconf 86' lang='lat' dir='ltr'><strong>diaconus,</strong></span> <span class='ocrx_word' id='word_1_499' title='bbox 806 3427 903 3493; x_wconf 91' lang='lat' dir='ltr'><strong>modo</strong></span> <span class='ocrx_word' id='word_1_500' title='bbox 925 3429 1025 3494; x_wconf 92' lang='lat' dir='ltr'><strong>rubro</strong></span> <span class='ocrx_word' id='word_1_501' title='bbox 1048 3429 1133 3511; x_wconf 89' lang='lat' dir='ltr'><strong>pileo</strong></span> <span class='ocrx_word' id='word_1_502' title='bbox 1186 3422 1315 3488; x_wconf 89' lang='lat' dir='ltr'><strong>dicebat</strong></span> <span class='ocrx_word' id='word_1_503' title='bbox 1343 3423 1618 3509; x_wconf 85' lang='lat' dir='ltr'><strong>Ohrysostomus:</strong></span> <span class='ocrx_word' id='word_1_504' title='bbox 1652 3426 1795 3490; x_wconf 80' lang='lat' dir='ltr'><strong>Frustra</strong></span> <span class='ocrx_word' id='word_1_505' title='bbox 1821 3446 1900 3508; x_wconf 89' lang='lat' dir='ltr'><strong>ergo</strong></span> <span class='ocrx_word' id='word_1_506' title='bbox 1929 3424 2099 3490; x_wconf 88' lang='lat' dir='ltr'><strong>adstamus</strong></span> <span class='ocrx_word' id='word_1_507' title='bbox 2128 3421 2172 3490; x_wconf 89' lang='lat' dir='ltr'><strong>ad</strong></span> 
     </span>
     <span class='ocr_line' id='line_1_38' title="bbox 151 3508 2172 3597; baseline 0.001 -25"><span class='ocrx_word' id='word_1_508' title='bbox 151 3508 195 3572; x_wconf 92' lang='lat' dir='ltr'><strong>sit</strong></span> <span class='ocrx_word' id='word_1_509' title='bbox 216 3509 365 3593; x_wconf 87' lang='lat' dir='ltr'><strong>insignis,</strong></span> <span class='ocrx_word' id='word_1_510' title='bbox 390 3511 477 3576; x_wconf 92' lang='lat' dir='ltr'><strong>altus</strong></span> <span class='ocrx_word' id='word_1_511' title='bbox 497 3513 655 3578; x_wconf 88' lang='lat' dir='ltr'><strong>eminebit</strong></span> <span class='ocrx_word' id='word_1_512' title='bbox 676 3534 776 3596; x_wconf 92' lang='lat' dir='ltr'><strong>super</strong></span> <span class='ocrx_word' id='word_1_513' title='bbox 793 3515 943 3578; x_wconf 90' lang='lat' dir='ltr'><strong>omnium</strong></span> <span class='ocrx_word' id='word_1_514' title='bbox 964 3515 1132 3597; x_wconf 89' lang='lat' dir='ltr'><strong>episcopo·</strong></span> <span class='ocrx_word' id='word_1_515' title='bbox 1185 3509 1298 3573; x_wconf 87' lang='lat' dir='ltr'><strong>altare.</strong></span> <span class='ocrx_word' id='word_1_516' title='bbox 1350 3508 1492 3575; x_wconf 89' lang='lat' dir='ltr'><strong>Dicebat</strong></span> <span class='ocrx_word' id='word_1_517' title='bbox 1525 3512 1603 3589; x_wconf 91' lang='lat' dir='ltr'><strong>hoc,</strong></span> <span class='ocrx_word' id='word_1_518' title='bbox 1641 3512 1697 3594; x_wconf 93' lang='lat' dir='ltr'><strong>qui</strong></span> <span class='ocrx_word' id='word_1_519' title='bbox 1730 3512 1796 3574; x_wconf 87' lang='lat' dir='ltr'><strong>iam</strong></span> <span class='ocrx_word' id='word_1_520' title='bbox 1830 3520 1942 3575; x_wconf 86' lang='lat' dir='ltr'><strong>tamen</strong></span> <span class='ocrx_word' id='word_1_521' title='bbox 1976 3516 2172 3575; x_wconf 88' lang='lat' dir='ltr'><strong>assueverat</strong></span> 
     </span>
     <span class='ocr_line' id='line_1_39' title="bbox 151 3592 2172 3685; baseline 0.002 -29"><span class='ocrx_word' id='word_1_522' title='bbox 151 3614 226 3656; x_wconf 91' lang='lat' dir='ltr'><strong>rum</strong></span> <span class='ocrx_word' id='word_1_523' title='bbox 249 3595 364 3676; x_wconf 88' lang='lat' dir='ltr'><strong>capita.</strong></span> <span class='ocrx_word' id='word_1_524' title='bbox 409 3592 564 3675; x_wconf 78' lang='lat' dir='ltr'><strong>Tametsi,</strong></span> <span class='ocrx_word' id='word_1_525' title='bbox 590 3619 688 3680; x_wconf 90' lang='lat' dir='ltr'><strong>quem</strong></span> <span class='ocrx_word' id='word_1_526' title='bbox 710 3600 848 3682; x_wconf 91' lang='lat' dir='ltr'><strong>quisque</strong></span> <span class='ocrx_word' id='word_1_527' title='bbox 870 3600 958 3664; x_wconf 90' lang='lat' dir='ltr'><strong>inter</strong></span> <span class='ocrx_word' id='word_1_528' title='bbox 980 3622 1035 3666; x_wconf 92' lang='lat' dir='ltr'><strong>eos</strong></span> <span class='ocrx_word' id='word_1_529' title='bbox 1058 3620 1134 3685; x_wconf 86' lang='lat' dir='ltr'><strong>gra-</strong></span> <span class='ocrx_word' id='word_1_530' title='bbox 1185 3595 1299 3660; x_wconf 93' lang='lat' dir='ltr'><strong>multis</strong></span> <span class='ocrx_word' id='word_1_531' title='bbox 1321 3597 1525 3681; x_wconf 89' lang='lat' dir='ltr'><strong>corruptelis.</strong></span> <span class='ocrx_word' id='word_1_532' title='bbox 1563 3596 1653 3678; x_wconf 78' lang='lat' dir='ltr'><strong>Quid</strong></span> <span class='ocrx_word' id='word_1_533' title='bbox 1672 3596 1818 3662; x_wconf 88' lang='lat' dir='ltr'><strong>dicturus</strong></span> <span class='ocrx_word' id='word_1_534' title='bbox 1836 3605 1887 3662; x_wconf 91' lang='lat' dir='ltr'><strong>est</strong></span> <span class='ocrx_word' id='word_1_535' title='bbox 1903 3595 2079 3674; x_wconf 91' lang='lat' dir='ltr'><strong>Dominus,</strong></span> <span class='ocrx_word' id='word_1_536' title='bbox 2102 3617 2172 3661; x_wconf 92' lang='lat' dir='ltr'><strong>non</strong></span> 
     </span>
     <span class='ocr_line' id='line_1_40' title="bbox 152 3677 2170 3766; baseline 0.002 -25"><span class='ocrx_word' id='word_1_537' title='bbox 152 3677 233 3742; x_wconf 93' lang='lat' dir='ltr'><strong>dum</strong></span> <span class='ocrx_word' id='word_1_538' title='bbox 255 3679 414 3760; x_wconf 88' lang='lat' dir='ltr'><strong>obtineat,</strong></span> <span class='ocrx_word' id='word_1_539' title='bbox 443 3703 518 3747; x_wconf 89' lang='lat' dir='ltr'><strong>mcc</strong></span> <span class='ocrx_word' id='word_1_540' title='bbox 546 3683 631 3746; x_wconf 92' lang='lat' dir='ltr'><strong>nihil</strong></span> <span class='ocrx_word' id='word_1_541' title='bbox 659 3684 776 3749; x_wconf 87' lang='lat' dir='ltr'><strong>refert:</strong></span> <span class='ocrx_word' id='word_1_542' title='bbox 805 3705 867 3749; x_wconf 89' lang='lat' dir='ltr'><strong>nec</strong></span> <span class='ocrx_word' id='word_1_543' title='bbox 894 3706 934 3750; x_wconf 89' lang='lat' dir='ltr'><strong>ea</strong></span> <span class='ocrx_word' id='word_1_544' title='bbox 963 3684 1003 3748; x_wconf 90' lang='lat' dir='ltr'><strong>de</strong></span> <span class='ocrx_word' id='word_1_545' title='bbox 1036 3705 1135 3751; x_wconf 87' lang='lat' dir='ltr'><strong>eausa</strong></span> <span class='ocrx_word' id='word_1_546' title='bbox 1187 3688 1341 3763; x_wconf 88' lang='lat' dir='ltr'><strong>corrupta</strong></span> <span class='ocrx_word' id='word_1_547' title='bbox 1362 3681 1468 3760; x_wconf 90' lang='lat' dir='ltr'><strong>modo,</strong></span> <span class='ocrx_word' id='word_1_548' title='bbox 1489 3682 1546 3747; x_wconf 90' lang='lat' dir='ltr'><strong>sed</strong></span> <span class='ocrx_word' id='word_1_549' title='bbox 1566 3704 1683 3748; x_wconf 80' lang='lat' dir='ltr'><strong>eversa</strong></span> <span class='ocrx_word' id='word_1_550' title='bbox 1704 3704 1840 3766; x_wconf 89' lang='lat' dir='ltr'><strong>prorsus</strong></span> <span class='ocrx_word' id='word_1_551' title='bbox 1858 3704 1917 3747; x_wconf 89' lang='lat' dir='ltr'><strong>sua</strong></span> <span class='ocrx_word' id='word_1_552' title='bbox 1939 3681 2170 3748; x_wconf 89' lang='lat' dir='ltr'><strong>institutione?</strong></span> 
     </span>
     <span class='ocr_line' id='line_1_41' title="bbox 149 3763 2173 3854; baseline 0.002 -26"><span class='ocrx_word' id='word_1_553' title='bbox 149 3763 216 3829; x_wconf 88' lang='lat' dir='ltr'><strong>illis</strong></span> <span class='ocrx_word' id='word_1_554' title='bbox 237 3765 396 3830; x_wconf 91' lang='lat' dir='ltr'><strong>molestus</strong></span> <span class='ocrx_word' id='word_1_555' title='bbox 418 3787 483 3831; x_wconf 89' lang='lat' dir='ltr'><strong>ero.</strong></span> <span class='ocrx_word' id='word_1_556' title='bbox 529 3767 620 3849; x_wconf 78' lang='lat' dir='ltr'><strong>Quin</strong></span> <span class='ocrx_word' id='word_1_557' title='bbox 639 3769 734 3834; x_wconf 90' lang='lat' dir='ltr'><strong>facile</strong></span> <span class='ocrx_word' id='word_1_558' title='bbox 763 3771 873 3852; x_wconf 86' lang='lat' dir='ltr'><strong>patiar</strong></span> <span class='ocrx_word' id='word_1_559' title='bbox 900 3772 1017 3836; x_wconf 90' lang='lat' dir='ltr'><strong>mitras</strong></span> <span class='ocrx_word' id='word_1_560' title='bbox 1038 3791 1059 3834; x_wconf 89' lang='lat' dir='ltr'><strong>a</strong></span> <span class='ocrx_word' id='word_1_561' title='bbox 1076 3791 1135 3854; x_wconf 87' lang='lat' dir='ltr'><strong>ga·</strong></span> <span class='ocrx_word' id='word_1_562' title='bbox 1186 3766 1278 3831; x_wconf 82' lang='lat' dir='ltr'><strong>Eunt</strong></span> <span class='ocrx_word' id='word_1_563' title='bbox 1306 3767 1422 3850; x_wconf 89' lang='lat' dir='ltr'><strong>igitur,</strong></span> <span class='ocrx_word' id='word_1_564' title='bbox 1446 3776 1480 3832; x_wconf 90' lang='lat' dir='ltr'><strong>et</strong></span> <span class='ocrx_word' id='word_1_565' title='bbox 1504 3769 1609 3851; x_wconf 85' lang='lat' dir='ltr'><strong>magis</strong></span> <span class='ocrx_word' id='word_1_566' title='bbox 1627 3771 1798 3853; x_wconf 89' lang='lat' dir='ltr'><strong>magisque</strong></span> <span class='ocrx_word' id='word_1_567' title='bbox 1816 3789 1876 3834; x_wconf 94' lang='lat' dir='ltr'><strong>suo</strong></span> <span class='ocrx_word' id='word_1_568' title='bbox 1896 3767 2067 3852; x_wconf 88' lang='lat' dir='ltr'><strong>sacrilegio</strong></span> <span class='ocrx_word' id='word_1_569' title='bbox 2084 3768 2173 3833; x_wconf 88' lang='lat' dir='ltr'><strong>iram</strong></span> 
     </span>
     <span class='ocr_line' id='line_1_42' title="bbox 150 3849 2172 3938; baseline 0.002 -25"><span class='ocrx_word' id='word_1_570' title='bbox 150 3849 230 3915; x_wconf 90' lang='lat' dir='ltr'><strong>leris</strong></span> <span class='ocrx_word' id='word_1_571' title='bbox 252 3850 356 3917; x_wconf 87' lang='lat' dir='ltr'><strong>vinci:</strong></span> <span class='ocrx_word' id='word_1_572' title='bbox 380 3851 476 3916; x_wconf 91' lang='lat' dir='ltr'><strong>modo</strong></span> <span class='ocrx_word' id='word_1_573' title='bbox 494 3874 537 3917; x_wconf 93' lang='lat' dir='ltr'><strong>ne</strong></span> <span class='ocrx_word' id='word_1_574' title='bbox 560 3854 711 3937; x_wconf 91' lang='lat' dir='ltr'><strong>spiritum</strong></span> <span class='ocrx_word' id='word_1_575' title='bbox 732 3863 886 3921; x_wconf 89' lang='lat' dir='ltr'><strong>sanctum</strong></span> <span class='ocrx_word' id='word_1_576' title='bbox 904 3855 1007 3920; x_wconf 88' lang='lat' dir='ltr'><strong>larris</strong></span> <span class='ocrx_word' id='word_1_577' title='bbox 1029 3876 1136 3938; x_wconf 90' lang='lat' dir='ltr'><strong>nuper</strong></span> <span class='ocrx_word' id='word_1_578' title='bbox 1187 3852 1252 3916; x_wconf 91' lang='lat' dir='ltr'><strong>Dei</strong></span> <span class='ocrx_word' id='word_1_579' title='bbox 1278 3852 1344 3915; x_wconf 91' lang='lat' dir='ltr'><strong>iam</strong></span> <span class='ocrx_word' id='word_1_580' title='bbox 1372 3853 1448 3935; x_wconf 91' lang='lat' dir='ltr'><strong>plus</strong></span> <span class='ocrx_word' id='word_1_581' title='bbox 1477 3855 1558 3919; x_wconf 87' lang='lat' dir='ltr'><strong>satis</strong></span> <span class='ocrx_word' id='word_1_582' title='bbox 1586 3855 1798 3933; x_wconf 87' lang='lat' dir='ltr'><strong>concitatam,</strong></span> <span class='ocrx_word' id='word_1_583' title='bbox 1826 3875 1943 3919; x_wconf 88' lang='lat' dir='ltr'><strong>rursus</strong></span> <span class='ocrx_word' id='word_1_584' title='bbox 1970 3853 2011 3918; x_wconf 91' lang='lat' dir='ltr'><strong>de</strong></span> <span class='ocrx_word' id='word_1_585' title='bbox 2038 3855 2172 3938; x_wconf 86' lang='lat' dir='ltr'><strong>integre</strong></span> 
     </span>
     <span class='ocr_line' id='line_1_43' title="bbox 150 3937 2173 4024; baseline 0.002 -24"><span class='ocrx_word' id='word_1_586' title='bbox 150 3955 217 4001; x_wconf 88' lang='lat' dir='ltr'><strong>ase</strong></span> <span class='ocrx_word' id='word_1_587' title='bbox 228 3937 416 4020; x_wconf 87' lang='lat' dir='ltr'><strong>compositis</strong></span> <span class='ocrx_word' id='word_1_588' title='bbox 433 3938 583 4024; x_wconf 88' lang='lat' dir='ltr'><strong>alligent:</strong></span> <span class='ocrx_word' id='word_1_589' title='bbox 603 3951 640 4004; x_wconf 92' lang='lat' dir='ltr'><strong>ut</strong></span> <span class='ocrx_word' id='word_1_590' title='bbox 656 3939 844 4024; x_wconf 90' lang='lat' dir='ltr'><strong>ubicunque</strong></span> <span class='ocrx_word' id='word_1_591' title='bbox 861 3949 1054 4024; x_wconf 89' lang='lat' dir='ltr'><strong>conspectus</strong></span> <span class='ocrx_word' id='word_1_592' title='bbox 1065 3942 1136 4006; x_wconf 85' lang='lat' dir='ltr'><strong>fue-</strong></span> <span class='ocrx_word' id='word_1_593' title='bbox 1187 3937 1401 4002; x_wconf 88' lang='lat' dir='ltr'><strong>inflamment.</strong></span> <span class='ocrx_word' id='word_1_594' title='bbox 1448 3938 1602 4004; x_wconf 81' lang='lat' dir='ltr'><strong>Secundo</strong></span> <span class='ocrx_word' id='word_1_595' title='bbox 1625 3940 1817 4019; x_wconf 90' lang='lat' dir='ltr'><strong>hortantur,</strong></span> <span class='ocrx_word' id='word_1_596' title='bbox 1840 3950 1880 4004; x_wconf 91' lang='lat' dir='ltr'><strong>ut</strong></span> <span class='ocrx_word' id='word_1_597' title='bbox 1900 3939 2038 4023; x_wconf 70' lang='lat' dir='ltr'><strong>singulis</strong></span> <span class='ocrx_word' id='word_1_598' title='bbox 2058 3940 2173 4005; x_wconf 76' lang='lat' dir='ltr'><strong>mitem</strong></span> 
     </span>
     <span class='ocr_line' id='line_1_44' title="bbox 149 4020 2173 4112; baseline 0.003 -27"><span class='ocrx_word' id='word_1_599' title='bbox 149 4020 196 4085; x_wconf 90' lang='lat' dir='ltr'><strong>rit</strong></span> <span class='ocrx_word' id='word_1_600' title='bbox 223 4043 389 4106; x_wconf 88' lang='lat' dir='ltr'><strong>purpurae</strong></span> <span class='ocrx_word' id='word_1_601' title='bbox 425 4023 547 4110; x_wconf 86' lang='lat' dir='ltr'><strong>fulgor,</strong></span> <span class='ocrx_word' id='word_1_602' title='bbox 583 4025 731 4110; x_wconf 87' lang='lat' dir='ltr'><strong>synodus</strong></span> <span class='ocrx_word' id='word_1_603' title='bbox 760 4027 805 4093; x_wconf 92' lang='lat' dir='ltr'><strong>sit</strong></span> <span class='ocrx_word' id='word_1_604' title='bbox 833 4027 896 4092; x_wconf 90' lang='lat' dir='ltr'><strong>rite</strong></span> <span class='ocrx_word' id='word_1_605' title='bbox 926 4036 1134 4112; x_wconf 88' lang='lat' dir='ltr'><strong>congregata.</strong></span> <span class='ocrx_word' id='word_1_606' title='bbox 1186 4023 1282 4105; x_wconf 78' lang='lat' dir='ltr'><strong>feriis</strong></span> <span class='ocrx_word' id='word_1_607' title='bbox 1303 4024 1410 4103; x_wconf 61' lang='lat' dir='ltr'><strong>sexta,</strong></span> <span class='ocrx_word' id='word_1_608' title='bbox 1433 4025 1469 4088; x_wconf 80' lang='lat' dir='ltr'><strong>ia</strong></span> <span class='ocrx_word' id='word_1_609' title='bbox 1485 4027 1652 4107; x_wconf 77' lang='lat' dir='ltr'><strong>persiccis</strong></span> <span class='ocrx_word' id='word_1_610' title='bbox 1673 4033 1724 4092; x_wconf 85' lang='lat' dir='ltr'><strong>etc.</strong></span> <span class='ocrx_word' id='word_1_611' title='bbox 1747 4028 1938 4091; x_wconf 83' lang='lat' dir='ltr'><strong>memoriam.</strong></span> <span class='ocrx_word' id='word_1_612' title='bbox 1947 4027 1976 4108; x_wconf 77' lang='lat'><strong>²)</strong></span> <span class='ocrx_word' id='word_1_613' title='bbox 2020 4024 2173 4093; x_wconf 88' lang='lat' dir='ltr'><strong>Hoecine</strong></span> 
     </span>
     <span class='ocr_line' id='line_1_45' title="bbox 150 4106 2170 4197; baseline 0.003 -25"><span class='ocrx_word' id='word_1_614' title='bbox 150 4106 197 4172; x_wconf 83' lang='lat' dir='ltr'><strong>llt</strong></span> <span class='ocrx_word' id='word_1_615' title='bbox 218 4117 331 4175; x_wconf 86' lang='lat' dir='ltr'><strong>tamen</strong></span> <span class='ocrx_word' id='word_1_616' title='bbox 353 4111 381 4176; x_wconf 91' lang='lat' dir='ltr'><strong>si</strong></span> <span class='ocrx_word' id='word_1_617' title='bbox 398 4109 484 4178; x_wconf 91' lang='lat' dir='ltr'><strong>hano</strong></span> <span class='ocrx_word' id='word_1_618' title='bbox 501 4112 597 4177; x_wconf 89' lang='lat' dir='ltr'><strong>nobis</strong></span> <span class='ocrx_word' id='word_1_619' title='bbox 617 4111 726 4196; x_wconf 90' lang='lat' dir='ltr'><strong>legem</strong></span> <span class='ocrx_word' id='word_1_620' title='bbox 744 4114 935 4197; x_wconf 90' lang='lat' dir='ltr'><strong>imponunt:</strong></span> <span class='ocrx_word' id='word_1_621' title='bbox 958 4132 1017 4177; x_wconf 91' lang='lat' dir='ltr'><strong>our</strong></span> <span class='ocrx_word' id='word_1_622' title='bbox 1035 4134 1135 4197; x_wconf 78' lang='lat' dir='ltr'><strong>syno-</strong></span> <span class='ocrx_word' id='word_1_623' title='bbox 1187 4118 1246 4186; x_wconf 87' lang='lat' dir='ltr'><strong>est,</strong></span> <span class='ocrx_word' id='word_1_624' title='bbox 1269 4108 1356 4192; x_wconf 94' lang='lat' dir='ltr'><strong>quod</strong></span> <span class='ocrx_word' id='word_1_625' title='bbox 1375 4109 1415 4174; x_wconf 92' lang='lat' dir='ltr'><strong>de</strong></span> <span class='ocrx_word' id='word_1_626' title='bbox 1433 4111 1658 4176; x_wconf 86' lang='lat' dir='ltr'><strong>observatione</strong></span> <span class='ocrx_word' id='word_1_627' title='bbox 1677 4112 1805 4177; x_wconf 91' lang='lat' dir='ltr'><strong>dierum</strong></span> <span class='ocrx_word' id='word_1_628' title='bbox 1829 4112 1922 4177; x_wconf 90' lang='lat' dir='ltr'><strong>docet</strong></span> <span class='ocrx_word' id='word_1_629' title='bbox 1938 4111 2064 4177; x_wconf 90' lang='lat' dir='ltr'><strong>Paulus</strong></span> <span class='ocrx_word' id='word_1_630' title='bbox 2082 4111 2170 4195; x_wconf 81' lang='lat'><em>(001.</em></span> 
     </span>
     <span class='ocr_line' id='line_1_46' title="bbox 151 4191 2172 4284; baseline 0.003 -26"><span class='ocrx_word' id='word_1_631' title='bbox 151 4191 213 4260; x_wconf 93' lang='lat' dir='ltr'><strong>dus</strong></span> <span class='ocrx_word' id='word_1_632' title='bbox 234 4195 429 4262; x_wconf 88' lang='lat' dir='ltr'><strong>Basiliensis</strong></span> <span class='ocrx_word' id='word_1_633' title='bbox 451 4197 608 4284; x_wconf 90' lang='lat' dir='ltr'><strong>legitima,</strong></span> <span class='ocrx_word' id='word_1_634' title='bbox 631 4197 765 4263; x_wconf 92' lang='lat' dir='ltr'><strong>illorum</strong></span> <span class='ocrx_word' id='word_1_635' title='bbox 786 4199 920 4278; x_wconf 92' lang='lat' dir='ltr'><strong>iudicio,</strong></span> <span class='ocrx_word' id='word_1_636' title='bbox 944 4219 1012 4263; x_wconf 91' lang='lat' dir='ltr'><strong>non</strong></span> <span class='ocrx_word' id='word_1_637' title='bbox 1034 4198 1135 4264; x_wconf 92' lang='lat' dir='ltr'><strong>habe·</strong></span> <span class='ocrx_word' id='word_1_638' title='bbox 1188 4198 1217 4274; x_wconf 83' lang='lat'><strong>2,</strong></span> <span class='ocrx_word' id='word_1_639' title='bbox 1241 4195 1357 4278; x_wconf 61' lang='lat' dir='ltr'><strong>low)</strong></span> <span class='ocrx_word' id='word_1_640' title='bbox 1401 4195 1548 4261; x_wconf 89' lang='lat' dir='ltr'><strong>Hoccine</strong></span> <span class='ocrx_word' id='word_1_641' title='bbox 1584 4204 1634 4262; x_wconf 88' lang='lat' dir='ltr'><strong>est</strong></span> <span class='ocrx_word' id='word_1_642' title='bbox 1666 4197 1753 4280; x_wconf 92' lang='lat' dir='ltr'><strong>quod</strong></span> <span class='ocrx_word' id='word_1_643' title='bbox 1786 4198 1827 4262; x_wconf 91' lang='lat' dir='ltr'><strong>de</strong></span> <span class='ocrx_word' id='word_1_644' title='bbox 1861 4198 2008 4263; x_wconf 90' lang='lat' dir='ltr'><strong>ciborum</strong></span> <span class='ocrx_word' id='word_1_645' title='bbox 2040 4196 2172 4264; x_wconf 87' lang='lat' dir='ltr'><strong>delectu</strong></span> 
     </span>
     <span class='ocr_line' id='line_1_47' title="bbox 151 4280 2170 4368; baseline 0.002 -26"><span class='ocrx_word' id='word_1_646' title='bbox 151 4281 230 4344; x_wconf 90' lang='lat' dir='ltr'><strong>tur?</strong></span> <span class='ocrx_word' id='word_1_647' title='bbox 275 4280 359 4362; x_wconf 80' lang='lat' dir='ltr'><strong>Quis</strong></span> <span class='ocrx_word' id='word_1_648' title='bbox 381 4285 467 4349; x_wconf 88' lang='lat' dir='ltr'><strong>ferat</strong></span> <span class='ocrx_word' id='word_1_649' title='bbox 488 4292 616 4349; x_wconf 89' lang='lat' dir='ltr'><strong>tantam</strong></span> <span class='ocrx_word' id='word_1_650' title='bbox 639 4283 892 4368; x_wconf 89' lang='lat' dir='ltr'><strong>impudentiam,</strong></span> <span class='ocrx_word' id='word_1_651' title='bbox 922 4293 959 4349; x_wconf 92' lang='lat' dir='ltr'><strong>ut</strong></span> <span class='ocrx_word' id='word_1_652' title='bbox 981 4285 1135 4368; x_wconf 89' lang='lat' dir='ltr'><strong>spiritum</strong></span> <span class='ocrx_word' id='word_1_653' title='bbox 1187 4281 1350 4360; x_wconf 88' lang='lat' dir='ltr'><strong>admonet,</strong></span> <span class='ocrx_word' id='word_1_654' title='bbox 1373 4281 1486 4347; x_wconf 87' lang='lat' dir='ltr'><strong>eadem</strong></span> <span class='ocrx_word' id='word_1_655' title='bbox 1506 4282 1548 4347; x_wconf 89' lang='lat' dir='ltr'><strong>ad</strong></span> <span class='ocrx_word' id='word_1_656' title='bbox 1566 4281 1778 4349; x_wconf 80' lang='lat' dir='ltr'><strong>Colossenses</strong></span> <span class='ocrx_word' id='word_1_657' title='bbox 1799 4283 1936 4366; x_wconf 89' lang='lat' dir='ltr'><strong>epistola</strong></span> <span class='ocrx_word' id='word_1_658' title='bbox 1954 4283 2011 4365; x_wconf 88' lang='lat' dir='ltr'><strong>(ib.</strong></span> <span class='ocrx_word' id='word_1_659' title='bbox 2033 4304 2064 4349; x_wconf 84' lang='lat' dir='ltr'><strong>r.</strong></span> <span class='ocrx_word' id='word_1_660' title='bbox 2089 4282 2170 4365; x_wconf 83' lang='lat'><strong>23)?</strong></span> 
     </span>
     <span class='ocr_line' id='line_1_48' title="bbox 151 4366 2171 4454; baseline 0.002 -25"><span class='ocrx_word' id='word_1_661' title='bbox 151 4367 282 4431; x_wconf 86' lang='lat' dir='ltr'><strong>emittat</strong></span> <span class='ocrx_word' id='word_1_662' title='bbox 310 4366 423 4447; x_wconf 91' lang='lat' dir='ltr'><strong>homo,</strong></span> <span class='ocrx_word' id='word_1_663' title='bbox 455 4378 488 4435; x_wconf 92' lang='lat' dir='ltr'><strong>et</strong></span> <span class='ocrx_word' id='word_1_664' title='bbox 510 4371 638 4453; x_wconf 89' lang='lat' dir='ltr'><strong>quoties</strong></span> <span class='ocrx_word' id='word_1_665' title='bbox 659 4369 794 4436; x_wconf 90' lang='lat' dir='ltr'><strong>libuerit</strong></span> <span class='ocrx_word' id='word_1_666' title='bbox 814 4369 1007 4454; x_wconf 82' lang='lat' dir='ltr'><strong>revocet?⁴)</strong></span> <span class='ocrx_word' id='word_1_667' title='bbox 1050 4371 1157 4436; x_wconf 64' lang='lat' dir='ltr'><strong>Pro-⁸</strong></span> <span class='ocrx_word' id='word_1_668' title='bbox 1186 4371 1442 4450; x_wconf 72' lang='grc' dir='ltr'><strong><em>ἐθελοθρησκείαν</em></strong></span> <span class='ocrx_word' id='word_1_669' title='bbox 1452 4367 1602 4445; x_wconf 76' lang='lat' dir='ltr'><strong>essehoc</strong></span> <span class='ocrx_word' id='word_1_670' title='bbox 1614 4378 1672 4445; x_wconf 91' lang='lat' dir='ltr'><strong>est,</strong></span> <span class='ocrx_word' id='word_1_671' title='bbox 1687 4369 1948 4434; x_wconf 86' lang='lat' dir='ltr'><strong>commentitium</strong></span> <span class='ocrx_word' id='word_1_672' title='bbox 1956 4368 2021 4433; x_wconf 90' lang='lat' dir='ltr'><strong>Dei</strong></span> <span class='ocrx_word' id='word_1_673' title='bbox 2032 4367 2171 4450; x_wconf 90' lang='lat' dir='ltr'><strong>cultum,</strong></span> 
     </span>
     <span class='ocr_line' id='line_1_49' title="bbox 144 4448 2171 4541; baseline 0.003 -28"><span class='ocrx_word' id='word_1_674' title='bbox 144 4448 229 4517; x_wconf 91' lang='lat' dir='ltr'><strong>inde</strong></span> <span class='ocrx_word' id='word_1_675' title='bbox 270 4461 308 4518; x_wconf 91' lang='lat' dir='ltr'><strong>ut</strong></span> <span class='ocrx_word' id='word_1_676' title='bbox 343 4477 419 4520; x_wconf 87' lang='lat' dir='ltr'><strong>rere</strong></span> <span class='ocrx_word' id='word_1_677' title='bbox 456 4464 653 4541; x_wconf 89' lang='lat' dir='ltr'><strong>argumento</strong></span> <span class='ocrx_word' id='word_1_678' title='bbox 697 4456 933 4540; x_wconf 88' lang='lat' dir='ltr'><strong>persuadeant,</strong></span> <span class='ocrx_word' id='word_1_679' title='bbox 979 4461 1054 4536; x_wconf 78' lang='lat' dir='ltr'><strong>[pag.</strong></span> <span class='ocrx_word' id='word_1_680' title='bbox 1079 4460 1133 4536; x_wconf 88' lang='grc'><strong>77]</strong></span> <span class='ocrx_word' id='word_1_681' title='bbox 1187 4455 1244 4537; x_wconf 91' lang='lat' dir='ltr'><strong>qui</strong></span> <span class='ocrx_word' id='word_1_682' title='bbox 1263 4462 1429 4536; x_wconf 91' lang='lat' dir='ltr'><strong>uteunque</strong></span> <span class='ocrx_word' id='word_1_683' title='bbox 1451 4454 1592 4536; x_wconf 88' lang='lat' dir='ltr'><strong>speciem</strong></span> <span class='ocrx_word' id='word_1_684' title='bbox 1611 4456 1731 4521; x_wconf 87' lang='lat' dir='ltr'><strong>habeat</strong></span> <span class='ocrx_word' id='word_1_685' title='bbox 1753 4455 1943 4539; x_wconf 90' lang='lat' dir='ltr'><strong>sapientiae,</strong></span> <span class='ocrx_word' id='word_1_686' title='bbox 1962 4455 2040 4537; x_wconf 86' lang='lat' dir='ltr'><strong>quia</strong></span> <span class='ocrx_word' id='word_1_687' title='bbox 2056 4462 2171 4521; x_wconf 88' lang='lat' dir='ltr'><strong>tamen</strong></span> 
     </span>
     <span class='ocr_line' id='line_1_50' title="bbox 1187 4538 2172 4626; baseline 0.002 -21"><span class='ocrx_word' id='word_1_688' title='bbox 1187 4540 1309 4623; x_wconf 91' lang='lat' dir='ltr'><strong>pendet</strong></span> <span class='ocrx_word' id='word_1_689' title='bbox 1337 4560 1378 4604; x_wconf 83' lang='lat' dir='ltr'><strong>ex</strong></span> <span class='ocrx_word' id='word_1_690' title='bbox 1409 4538 1583 4605; x_wconf 92' lang='lat' dir='ltr'><strong>hominum</strong></span> <span class='ocrx_word' id='word_1_691' title='bbox 1612 4542 1755 4625; x_wconf 90' lang='lat' dir='ltr'><strong>placitis,</strong></span> <span class='ocrx_word' id='word_1_692' title='bbox 1783 4562 1953 4608; x_wconf 89' lang='lat' dir='ltr'><strong>unacum</strong></span> <span class='ocrx_word' id='word_1_693' title='bbox 1982 4541 2064 4607; x_wconf 92' lang='lat' dir='ltr'><strong>cibis</strong></span> <span class='ocrx_word' id='word_1_694' title='bbox 2087 4541 2172 4626; x_wconf 90' lang='lat' dir='ltr'><strong>ipsis</strong></span> 
     </span>
    </p>
   </div>
   <div class='ocr_carea' id='block_1_3' title="bbox 153 4741 2170 5210">
    <p class='ocr_par' dir='ltr' id='par_1_4' title="bbox 221 4741 2170 4954">
     <span class='ocr_line' id='line_1_51' title="bbox 221 4741 874 4804; baseline 0.012 -11"><span class='ocrx_word' id='word_1_695' title='bbox 221 4741 251 4804; x_wconf 79' lang='lat'><strong>1)</strong></span> <span class='ocrx_word' id='word_1_696' title='bbox 288 4743 360 4795; x_wconf 86' lang='lat' dir='ltr'><strong>nand</strong></span> <span class='ocrx_word' id='word_1_697' title='bbox 378 4744 413 4796; x_wconf 87' lang='lat' dir='ltr'><strong>ilz</strong></span> <span class='ocrx_word' id='word_1_698' title='bbox 431 4755 530 4800; x_wconf 73' lang='lat' dir='ltr'><strong>arra-ont</strong></span> <span class='ocrx_word' id='word_1_699' title='bbox 548 4749 633 4803; x_wconf 72' lang='lat' dir='ltr'><strong>sonno</strong></span> <span class='ocrx_word' id='word_1_700' title='bbox 651 4747 700 4803; x_wconf 91' lang='lat' dir='ltr'><strong>des</strong></span> <span class='ocrx_word' id='word_1_701' title='bbox 718 4748 874 4804; x_wconf 86' lang='lat' dir='ltr'><strong>bochettes.</strong></span> 
     </span>
     <span class='ocr_line' id='line_1_52' title="bbox 221 4759 2170 4909; baseline 0.004 -46"><span class='ocrx_word' id='word_1_702' title='bbox 221 4809 251 4874; x_wconf 73' lang='lat'><strong>2)</strong></span> <span class='ocrx_word' id='word_1_703' title='bbox 270 4759 309 4864; x_wconf 68' lang='lat' dir='ltr'><strong>ln</strong></span> <span class='ocrx_word' id='word_1_704' title='bbox 326 4811 368 4864; x_wconf 80' lang='lat' dir='ltr'><strong>ed.</strong></span> <span class='ocrx_word' id='word_1_705' title='bbox 382 4813 510 4892; x_wconf 60' lang='lat' dir='ltr'><strong>principe</strong></span> <span class='ocrx_word' id='word_1_706' title='bbox 527 4816 639 4909; x_wconf 65' lang='lat' dir='ltr'><strong>ispum:</strong></span> <span class='ocrx_word' id='word_1_707' title='bbox 657 4817 754 4871; x_wconf 76' lang='lat' dir='ltr'><strong>AAA.</strong></span> <span class='ocrx_word' id='word_1_708' title='bbox 1239 4813 1286 4895; x_wconf 92' lang='grc' dir='ltr'><strong>Ι1)</strong></span> <span class='ocrx_word' id='word_1_709' title='bbox 1306 4813 1371 4868; x_wconf 82' lang='lat' dir='ltr'><strong>add.</strong></span> <span class='ocrx_word' id='word_1_710' title='bbox 1395 4829 1447 4908; x_wconf 77' lang='lat' dir='ltr'><strong>que</strong></span> <span class='ocrx_word' id='word_1_711' title='bbox 1471 4814 1529 4868; x_wconf 85' lang='lat' dir='ltr'><strong>leur</strong></span> <span class='ocrx_word' id='word_1_712' title='bbox 1547 4814 1641 4870; x_wconf 87' lang='lat' dir='ltr'><strong>decret</strong></span> <span class='ocrx_word' id='word_1_713' title='bbox 1659 4825 1702 4872; x_wconf 85' lang='lat' dir='ltr'><strong>est</strong></span> <span class='ocrx_word' id='word_1_714' title='bbox 1720 4819 1850 4887; x_wconf 70' lang='lat' dir='ltr'><strong>compost</strong></span> <span class='ocrx_word' id='word_1_715' title='bbox 1867 4815 1930 4871; x_wconf 90' lang='lat' dir='ltr'><strong>d&#39;uu</strong></span> <span class='ocrx_word' id='word_1_716' title='bbox 1947 4816 2009 4870; x_wconf 88' lang='lat' dir='ltr'><strong>stile</strong></span> <span class='ocrx_word' id='word_1_717' title='bbox 2028 4814 2062 4869; x_wconf 88' lang='lat' dir='ltr'><strong>de</strong></span> <span class='ocrx_word' id='word_1_718' title='bbox 2080 4815 2170 4871; x_wconf 82' lang='lat' dir='ltr'><strong>olricc-</strong></span> 
     </span>
     <span class='ocr_line' id='line_1_53' title="bbox 221 4877 1793 4954; baseline 0.006 -22"><span class='ocrx_word' id='word_1_719' title='bbox 221 4877 251 4944; x_wconf 83' lang='lat'><strong>3)</strong></span> <span class='ocrx_word' id='word_1_720' title='bbox 272 4877 338 4933; x_wconf 87' lang='lat' dir='ltr'><strong>c’est</strong></span> <span class='ocrx_word' id='word_1_721' title='bbox 360 4883 377 4933; x_wconf 79' lang='lat' dir='ltr'><strong>a</strong></span> <span class='ocrx_word' id='word_1_722' title='bbox 398 4880 455 4934; x_wconf 84' lang='lat' dir='ltr'><strong>dus</strong></span> <span class='ocrx_word' id='word_1_723' title='bbox 479 4881 513 4935; x_wconf 88' lang='lat' dir='ltr'><strong>dc</strong></span> <span class='ocrx_word' id='word_1_724' title='bbox 537 4884 635 4938; x_wconf 88' lang='lat' dir='ltr'><strong>lordre</strong></span> <span class='ocrx_word' id='word_1_725' title='bbox 659 4885 693 4940; x_wconf 85' lang='lat' dir='ltr'><strong>de</strong></span> <span class='ocrx_word' id='word_1_726' title='bbox 718 4902 787 4941; x_wconf 86' lang='lat' dir='ltr'><strong>ceux</strong></span> <span class='ocrx_word' id='word_1_727' title='bbox 809 4887 856 4954; x_wconf 89' lang='lat' dir='ltr'><strong>qui</strong></span> <span class='ocrx_word' id='word_1_728' title='bbox 879 4901 909 4940; x_wconf 88' lang='lat' dir='ltr'><strong>se</strong></span> <span class='ocrx_word' id='word_1_729' title='bbox 932 4893 1070 4940; x_wconf 76' lang='lat' dir='ltr'><strong>nommant</strong></span> <span class='ocrx_word' id='word_1_730' title='bbox 1088 4902 1135 4940; x_wconf 87' lang='lat' dir='ltr'><strong>au·</strong></span> <span class='ocrx_word' id='word_1_731' title='bbox 1187 4899 1269 4947; x_wconf 87' lang='lat' dir='ltr'><strong>neue,</strong></span> <span class='ocrx_word' id='word_1_732' title='bbox 1290 4900 1353 4937; x_wconf 90' lang='lat' dir='ltr'><strong>saus</strong></span> <span class='ocrx_word' id='word_1_733' title='bbox 1371 4882 1435 4951; x_wconf 90' lang='lat' dir='ltr'><strong>qu1l</strong></span> <span class='ocrx_word' id='word_1_734' title='bbox 1454 4890 1530 4936; x_wconf 86' lang='lat' dir='ltr'><strong>sente</strong></span> <span class='ocrx_word' id='word_1_735' title='bbox 1549 4886 1662 4940; x_wconf 81' lang='lat' dir='ltr'><strong>maiestt</strong></span> <span class='ocrx_word' id='word_1_736' title='bbox 1681 4901 1793 4941; x_wconf 84' lang='lat' dir='ltr'><strong>aucune.</strong></span> 
     </span>
    </p>

    <p class='ocr_par' dir='ltr' id='par_1_5' title="bbox 154 4947 2169 5091">
     <span class='ocr_line' id='line_1_54' title="bbox 154 4947 2169 5022; baseline 0.003 -19"><span class='ocrx_word' id='word_1_737' title='bbox 154 4948 289 5016; x_wconf 85' lang='lat' dir='ltr'><strong>iourdhuy</strong></span> <span class='ocrx_word' id='word_1_738' title='bbox 307 4947 467 5002; x_wconf 84' lang='lat' dir='ltr'><strong>Cardincux.</strong></span> <span class='ocrx_word' id='word_1_739' title='bbox 1256 4951 1287 5014; x_wconf 83' lang='grc'><strong>2)</strong></span> <span class='ocrx_word' id='word_1_740' title='bbox 1309 4950 1445 5004; x_wconf 73' lang='lat' dir='ltr'><strong>Omiseram</strong></span> <span class='ocrx_word' id='word_1_741' title='bbox 1463 4951 1507 5004; x_wconf 82' lang='lat' dir='ltr'><strong>bic</strong></span> <span class='ocrx_word' id='word_1_742' title='bbox 1524 4959 1576 5020; x_wconf 81' lang='lat' dir='ltr'><strong>est,</strong></span> <span class='ocrx_word' id='word_1_743' title='bbox 1599 4961 1692 5008; x_wconf 81' lang='lat' dir='ltr'><strong>atrum</strong></span> <span class='ocrx_word' id='word_1_744' title='bbox 1715 4971 1782 5009; x_wconf 81' lang='lat' dir='ltr'><strong>cosa</strong></span> <span class='ocrx_word' id='word_1_745' title='bbox 1800 4971 1837 5009; x_wconf 80' lang='lat' dir='ltr'><strong>un</strong></span> <span class='ocrx_word' id='word_1_746' title='bbox 1855 4954 1888 5009; x_wconf 82' lang='lat' dir='ltr'><strong>dc</strong></span> <span class='ocrx_word' id='word_1_747' title='bbox 1906 4953 2061 5022; x_wconf 56' lang='lat' dir='ltr'><strong>inacta,</strong></span> <span class='ocrx_word' id='word_1_748' title='bbox 2083 4955 2169 5008; x_wconf 73' lang='lat' dir='ltr'><strong>maci·</strong></span> 
     </span>
     <span class='ocr_line' id='line_1_55' title="bbox 222 5016 1591 5091; baseline 0.004 -23"><span class='ocrx_word' id='word_1_749' title='bbox 222 5019 252 5081; x_wconf 85' lang='lat'><strong>4)</strong></span> <span class='ocrx_word' id='word_1_750' title='bbox 277 5031 329 5084; x_wconf 88' lang='lat' dir='ltr'><strong>que</strong></span> <span class='ocrx_word' id='word_1_751' title='bbox 354 5016 379 5068; x_wconf 88' lang='lat' dir='ltr'><strong>le</strong></span> <span class='ocrx_word' id='word_1_752' title='bbox 404 5016 477 5084; x_wconf 83' lang='lat' dir='ltr'><strong>Papo</strong></span> <span class='ocrx_word' id='word_1_753' title='bbox 500 5033 602 5086; x_wconf 84' lang='lat' dir='ltr'><strong>envoys</strong></span> <span class='ocrx_word' id='word_1_754' title='bbox 626 5020 652 5073; x_wconf 91' lang='lat' dir='ltr'><strong>le</strong></span> <span class='ocrx_word' id='word_1_755' title='bbox 677 5023 764 5076; x_wconf 80' lang='lat' dir='ltr'><strong>semet</strong></span> <span class='ocrx_word' id='word_1_756' title='bbox 786 5020 883 5091; x_wconf 80' lang='lat' dir='ltr'><strong>Esprit</strong></span> <span class='ocrx_word' id='word_1_757' title='bbox 906 5021 939 5076; x_wconf 89' lang='lat' dir='ltr'><strong>de</strong></span> <span class='ocrx_word' id='word_1_758' title='bbox 963 5037 994 5077; x_wconf 84' lang='lat' dir='ltr'><strong>sa</strong></span> <span class='ocrx_word' id='word_1_759' title='bbox 1020 5023 1134 5076; x_wconf 86' lang='lat' dir='ltr'><strong>manche</strong></span> <span class='ocrx_word' id='word_1_760' title='bbox 1187 5034 1256 5087; x_wconf 84' lang='lat' dir='ltr'><strong>mus,</strong></span> <span class='ocrx_word' id='word_1_761' title='bbox 1273 5020 1447 5074; x_wconf 82' lang='lat' dir='ltr'><strong>vocabalum:</strong></span> <span class='ocrx_word' id='word_1_762' title='bbox 1465 5020 1591 5074; x_wconf 79' lang='lat' dir='ltr'><strong>ieiunant.</strong></span> 
     </span>
    </p>

    <p class='ocr_par' dir='ltr' id='par_1_6' title="bbox 153 5084 2169 5210">
     <span class='ocr_line' id='line_1_56' title="bbox 153 5084 2169 5210; baseline 0.003 -71"><span class='ocrx_word' id='word_1_763' title='bbox 153 5085 244 5155; x_wconf 87' lang='lat' dir='ltr'><strong>quand</strong></span> <span class='ocrx_word' id='word_1_764' title='bbox 262 5085 281 5138; x_wconf 91' lang='lat' dir='ltr'><strong>il</strong></span> <span class='ocrx_word' id='word_1_765' title='bbox 309 5084 356 5152; x_wconf 84' lang='lat' dir='ltr'><strong>luy</strong></span> <span class='ocrx_word' id='word_1_766' title='bbox 378 5084 480 5153; x_wconf 76' lang='lat' dir='ltr'><strong>platta,</strong></span> <span class='ocrx_word' id='word_1_767' title='bbox 503 5087 531 5138; x_wconf 85' lang='lat' dir='ltr'><strong>et</strong></span> <span class='ocrx_word' id='word_1_768' title='bbox 553 5085 616 5155; x_wconf 89' lang='lat' dir='ltr'><strong>qu&#39;il</strong></span> <span class='ocrx_word' id='word_1_769' title='bbox 640 5088 665 5142; x_wconf 87' lang='lat' dir='ltr'><strong>le</strong></span> <span class='ocrx_word' id='word_1_770' title='bbox 688 5090 812 5158; x_wconf 80' lang='lat' dir='ltr'><strong>reppelle</strong></span> <span class='ocrx_word' id='word_1_771' title='bbox 838 5092 947 5146; x_wconf 76' lang='lat' dir='ltr'><strong>cussit</strong></span> <span class='ocrx_word' id='word_1_772' title='bbox 970 5106 1001 5146; x_wconf 86' lang='lat' dir='ltr'><strong>sc</strong></span> <span class='ocrx_word' id='word_1_773' title='bbox 1023 5091 1135 5145; x_wconf 77' lang='lat' dir='ltr'><strong>volente</strong></span> <span class='ocrx_word' id='word_1_774' title='bbox 1256 5087 1287 5147; x_wconf 75' lang='lat'><strong>3)</strong></span> <span class='ocrx_word' id='word_1_775' title='bbox 1306 5089 1396 5142; x_wconf 88' lang='lat' dir='ltr'><strong>disent</strong></span> <span class='ocrx_word' id='word_1_776' title='bbox 1415 5086 1515 5210; x_wconf 61' lang='lat' dir='ltr'><strong>tpu&#39;elle</strong></span> <span class='ocrx_word' id='word_1_777' title='bbox 1539 5105 1574 5143; x_wconf 87' lang='lat' dir='ltr'><strong>ne</strong></span> <span class='ocrx_word' id='word_1_778' title='bbox 1598 5093 1723 5146; x_wconf 87' lang='lat' dir='ltr'><strong>convient</strong></span> <span class='ocrx_word' id='word_1_779' title='bbox 1746 5093 1809 5160; x_wconf 92' lang='lat' dir='ltr'><strong>plus</strong></span> <span class='ocrx_word' id='word_1_780' title='bbox 1833 5109 1886 5147; x_wconf 83' lang='lat' dir='ltr'><strong>aur</strong></span> <span class='ocrx_word' id='word_1_781' title='bbox 1904 5092 2073 5147; x_wconf 80' lang='lat' dir='ltr'><strong>Chrestiens:</strong></span> <span class='ocrx_word' id='word_1_782' title='bbox 2098 5108 2169 5161; x_wconf 88' lang='lat' dir='ltr'><strong>pour</strong></span> 
     </span>
    </p>
   </div>
   <div class='ocr_carea' id='block_1_4' title="bbox 153 5154 1785 5231">
    <p class='ocr_par' dir='ltr' id='par_1_7' title="bbox 153 5154 1785 5231">
     <span class='ocr_line' id='line_1_57' title="bbox 153 5154 1785 5231; baseline 0.004 -22"><span class='ocrx_word' id='word_1_783' title='bbox 153 5170 257 5209; x_wconf 88' lang='lat' dir='ltr'><strong>comme</strong></span> <span class='ocrx_word' id='word_1_784' title='bbox 275 5169 311 5208; x_wconf 93' lang='lat' dir='ltr'><strong>un</strong></span> <span class='ocrx_word' id='word_1_785' title='bbox 332 5168 434 5220; x_wconf 83' lang='lat' dir='ltr'><strong>oyseau</strong></span> <span class='ocrx_word' id='word_1_786' title='bbox 451 5154 545 5221; x_wconf 77' lang='lat' dir='ltr'><strong>pn’rd?</strong></span> <span class='ocrx_word' id='word_1_787' title='bbox 1189 5172 1219 5211; x_wconf 87' lang='lat' dir='ltr'><strong>cc</strong></span> <span class='ocrx_word' id='word_1_788' title='bbox 1238 5155 1336 5224; x_wconf 85' lang='lat' dir='ltr'><strong>qu&#39;elle</strong></span> <span class='ocrx_word' id='word_1_789' title='bbox 1354 5164 1397 5212; x_wconf 87' lang='lat' dir='ltr'><strong>est</strong></span> <span class='ocrx_word' id='word_1_790' title='bbox 1433 5173 1463 5210; x_wconf 87' lang='lat' dir='ltr'><strong>es</strong></span> <span class='ocrx_word' id='word_1_791' title='bbox 1480 5156 1589 5213; x_wconf 80' lang='lat' dir='ltr'><strong>umbras</strong></span> <span class='ocrx_word' id='word_1_792' title='bbox 1608 5161 1641 5214; x_wconf 88' lang='lat' dir='ltr'><strong>de</strong></span> <span class='ocrx_word' id='word_1_793' title='bbox 1660 5161 1688 5214; x_wconf 87' lang='lat' dir='ltr'><strong>la</strong></span> <span class='ocrx_word' id='word_1_794' title='bbox 1704 5160 1785 5231; x_wconf 82' lang='lat' dir='ltr'><strong>Lcy?</strong></span> 
     </span>
    </p>
   </div>
   <div class='ocr_carea' id='block_1_5' title="bbox 0 0 2316 5892">
    <p class='ocr_par' dir='ltr' id='par_1_8' title="bbox 0 0 2316 5892">
     <span class='ocr_line' id='line_1_58' title="bbox 0 0 2316 5892; baseline 0 0"><span class='ocrx_word' id='word_1_795' title='bbox 0 0 2316 5892; x_wconf 95' lang='lat' dir='ltr'><strong> </strong></span> 
     </span>
    </p>
   </div>
  </div>
 </body>
</html>
