4620 5894
105 239 167 304 377
485 222 490 229 ’
933 234 1034 303 CUM
1055 233 1286 303 SCHOLIIS.
2054 243 2121 309 278

103 443 200 507 neque
227 423 315 503 baec,
345 420 510 488 carissimae
540 420 606 503 pti,
629 420 813 502 scribimus,
835 423 929 504 quasi
957 422 1022 488 ulto
1045 423 1137 489 313313
1156 424 1246 490 nobis
1263 426 1454 507 persuadere
1469 428 1650 507 possimus,
1672 427 1854 494 huiusmodi
1874 434 1903 493 te
1923 430 2056 496 masilia
2080 432 2117 496 in

101 510 211 575 animo
231 513 305 574 rata
326 512 355 573 et
375 505 559 590 continuata
579 507 706 574 labere:
731 508 786 573 sed
805 513 841 574 ut
866 528 979 574 amaus
994 513 1088 591 pater
1120 509 1236 575 3313113
1262 510 1374 592 fitiiet
1400 511 1541 592 bonoria,
1563 533 1601 578 ac
1622 513 1660 578 de
1688 518 1818 595 unoque
1838 514 1998 595 3311131333,
2021 516 2117 582 313131

103 601 195 678 atque
219 595 356 661 mictum
380 594 486 677 ipsius
513 595 669 676 spirensis
696 599 860 659 convertus
882 594 1036 676 uidimus,
1066 599 1094 660 te
1121 596 1350 663 admouendum
1376 597 1546 678 (13313333,
1576 619 1610 664 eo
1633 599 1760 680 quidm
1779 601 1912 683 marius
1931 621 1992 682 quo
2013 603 2117 686 magis

103 681 300 763 3331331333
315 680 505 764 periurium,
527 681 564 746 in
585 700 645 762 quc
665 680 813 760 aeremia,
832 680 987 746 babemus.
1031 680 1177 764 Denique
1193 683 1223 748 si
1238 684 1391 765 pbrribus
1411 683 1635 764 dissuasimus,
1658 705 1696 751 ne
1716 685 1752 749 in
1768 686 2006 766 disceptationes
2022 706 2118 770 super

101 765 170 848 bis,
197 787 279 850 quae
299 766 343 832 od
364 766 545 850 religionem
563 768 726 848 pertinent,
747 767 980 846 componendas,
1004 771 1079 847 [pag.
1097 771 1153 846 33]
1175 769 1228 833 ira
1249 769 1309 835 tibi
1329 769 1377 836 331
1396 771 1596 836 autoritatem
1616 790 1770 835 mmmes:
1791 791 1854 836 uon
1874 771 1911 837 cb
1931 773 1967 838 id
1987 773 2118 854 sumsi-

101 873 190 933 mus,
218 853 302 933 qnod
328 853 562 934 disceptationes
588 853 727 936 componi
748 873 811 918 non
831 854 969 918 meamne
989 857 1168 934 optaremus
1190 854 1262 939 (35)
1285 856 1342 938 qui
1364 855 1451 938 (teste
1472 860 1580 921 nostra
1596 858 1797 941 conscientia)
1819 861 1854 922 ut
1873 856 1927 923 boe
1943 859 2004 923 rite
2018 857 2117 939 fieret,

100 939 202 1004 citam
226 943 256 1004 et
276 940 462 1023 sanquinem
488 939 616 1005 libenter
642 939 885 1021 effundamus:
911 938 967 1004 sed
994 942 1029 1004 ut
1055 939 1206 1022 memplis
1231 960 1329 1022 quum
1356 962 1394 1006 ea
1416 942 1526 1007 diuina
1546 943 1720 1025 3333733333,
1750 947 1816 1007 tum
1839 963 1877 1008 33
1898 943 2117 1010 3333133313

99 1023 246 1091 dammis
266 1026 374 1090 utatis
394 1030 423 1091 te
443 1026 688 1106 admoneremus,
711 1045 758 1104 ne,
781 1025 864 1105 quod
888 1024 931 1090 ad
959 1029 1048 1089 tuum
1066 1026 1279 1092 ministerium
1301 1047 1364 1093 nou
1379 1029 1533 1108 pertinet,
1558 1028 1627 1109 ipse
1647 1027 1704 1093 tibi
1725 1048 1907 1112 arrogares,
1935 1034 1962 1094 et
1977 1049 2040 1111 pro
2061 1034 2118 1096 tuo

101 1115 131 1177 et
157 1111 365 1193 imperatoria
391 1111 541 1195 dipndote
565 1110 702 1177 iubmes:
728 1110 784 1176 sed
800 1111 910 1192 potius
933 1107 1131 1178 Constantini
1152 1111 1267 1196 Meam
1294 1114 1377 1180 serui
1398 1112 1463 1180 Dei
1490 1114 1625 1179 manuni
1653 1134 1691 1179 aa
1710 1114 1887 1195 fetidissimi
1916 1115 2118 1198 imperatoris

101 1195 243 1279 meapte
270 1202 299 1262 te
325 1196 503 1277 tentamur,
532 1198 616 1279 quod
642 1202 764 1262 tantum
784 1196 933 1278 sammaa,
964 1201 1000 1261 ut
1026 1217 1077 1263 eos
1091 1198 1239 1280 primum
1268 1199 1339 1284 (36)
1361 1219 1418 1265 suc
1439 1199 1540 1265 iudici
1561 1205 1590 1265 et
1609 1201 1679 1265 suis
1700 1199 1857 1265 iudmibus
1879 1200 2066 1267 iudicandos
2088 1206 2119 1268 et

99 1281 303 1367 33331931ιά33
327 1282 497 1363 relinquas.
543 1283 609 1348 Ille
630 1303 715 1362 rerc,
742 1302 841 1365 quum
865 1287 993 1366 rogatus
1016 1288 1095 1348 esset
1116 1283 1155 1350 ob
1180 1285 1512 1368 ipsiseminibus,
1539 1290 1574 1350 ut
1594 1287 1631 1350 iu
1657 1305 1765 1352 eorum
1784 1287 2062 1368 disceptationibus
2083 1307 2117 1354 se

99 1367 238 1435 iudicem
248 1367 420 1450 praeberet,
431 1389 568 1450 prorsuis
584 1369 748 1435 recusarit.
782 1367 854 1452 (37)
869 1366 968 1435 Ceius
988 1367 1083 1434 rerba
1103 1370 1139 1434 iu
1155 1370 1236 1437 banc
1252 1372 1438 1437 sententiam
1455 1371 1494 1436 ab
1514 1370 1719 1437 historiarum
1736 1377 1809 1452 [pag.
1829 1376 1884 1452 31]
1904 1371 2116 1452 scriptoribus,

99 1456 158 1538 gui
179 1455 348 1536 effrenem,
370 1455 523 1520 citantur:
543 1453 635 1521 Deus
655 1476 709 1521 cos
729 1455 886 1521 3333711311
905 1455 1084 1535 3333313333,
1110 1461 1332 1540 etpotedatern
1353 1457 1441 1524 rabis
1462 1457 1548 1522 dedit
1567 1458 1606 1523 de
1625 1458 1714 1523 33113
1735 1477 1855 1540 quoque
1881 1457 2061 1537 iudicandi,
2089 1463 2118 1524 et

99 1609 222 1693 quibus
252 1608 392 1675 antehac
413 1609 636 1695 perstringere
662 1609 791 1675 solebas
813 1607 985 1674 hominum
1006 1629 1084 1675 ocu-
1109 1624 1111 1653 ³
1136 1609 1307 1690 Videmus,
1329 1611 1477 1694 inquam,
1498 1610 1624 1695 lupum,
1647 1633 1667 1677 a
1688 1632 1751 1694 quo
1774 1610 1974 1678 devorantur
1990 1610 2118 1677 Christi

98 1694 160 1773 loa,
183 1693 314 1778 pridem
336 1704 553 1761 evanuerunt.
587 1693 664 1776 Qua
684 1696 794 1760 fronte
814 1658 1232 1779 3311311313111113333,
1260 1696 1411 1763 videmus
1438 1698 1560 1775 furem,
1597 1719 1617 1762 3
1645 1718 1710 1780 quo
1736 1697 1932 1780 abiguntur,
1964 1696 2117 1764 videmus

99 1780 238 1846 titulum
260 1784 336 1861 [pag.
358 1784 411 1858 71]
439 1802 593 1866 arrogare
616 1780 676 1849 tibi
699 1779 817 1860 audes,
839 1800 937 1863 quem
960 1781 1084 1863 siquis
1109 1776 1112 1877 ξ
1135 1781 1351 1866 praedonem,
1379 1805 1399 1848 a
1420 1804 1484 1867 qno
1507 1789 1705 1863 mactantur,
1733 1790 1767 1848 ct
1794 1782 1849 1849 hic
1871 1781 1965 1849 nobis
1988 1782 2116 1849 Christi

101 1867 298 1951 angelornm
325 1864 387 1931 sibi
416 1876 592 1945 assereret,
620 1868 831 1932 anathemate
857 1866 1388 1949 33333131131-(3133111331131

101 1951 186 2019 dns?
233 1952 396 2038 Gregorio
417 1960 492 2034 tuo,
522 1953 621 2018 sicuti
640 1953 757 2030 133333,
780 1953 993 2031 antecessori,
1016 1962 1112 2023 sce-i
1223 1953 1533 2036 anthemunta
1557 1953 1954 2021 cliqustitiacsacrnm
1972 1954 2119 2020 facturus

101 2037 222 2118 laetus,
245 2038 383 2122 impius,
407 2039 604 2124 sacrilegus,
634 2036 781 2105 Satanae
803 2037 966 2117 vicarius,
989 2058 1084 2122 prae·
1109 2026 1112 2105 1
1136 2038 1337 2106 exclamasse
1358 2040 1477 2106 fertur:
1507 2038 1538 2106 0
1566 2040 1641 2120 dea,
1671 2040 1701 2106 si
1729 2061 1794 2122 qua
1815 2059 1953 2124 usquam
1983 2041 2032 2106 esl
2057 2059 2118 2105 nos

101 2143 219 2191 cursor
237 2124 426 2192 antichristi
442 2125 513 2203 luit,
530 2126 587 2208 qui
604 2146 639 2191 se
657 2125 846 2208 episcopum
862 2123 1085 2190 universalem
1109 2128 1112 2181 l
1137 2124 1177 2190 de
1204 2126 1403 2192 conscientia
1430 2147 1535 2210 papae
1567 2148 1635 2191 non
1663 2126 1867 2209 rogabimus,
1901 2125 2038 2191 ubinam
2065 2125 2117 2203 sit,

100 2210 240 2290 faceret,
269 2211 342 2278 3133
368 2231 538 2290 romanus,
568 2213 639 2277 3133
667 2210 752 2276 11113
772 2211 942 2294 quispiam.
986 2209 1084 2295 Elige
1109 2200 1112 2279 1
1136 2210 1215 2276 dum
1255 2233 1328 2278 eam
1367 2219 1485 2278 testem
1517 2211 1618 2277 citat?
1672 2212 1830 2277 Excitarc
1868 2210 2038 2276 interdum
2077 2211 2118 2276 ab

100 2318 201 2376 nunc,
223 2304 340 2362 utrum
356 2296 456 2363 voles.
489 2298 561 2362 Aut
575 2298 664 2362 enim
682 2296 751 2363 Gra
775 2298 881 2362 crium
899 2295 1044 2374 damnes,
1059 2295 1084 2380 ¹)
1109 2296 1112 2319 “
1135 2297 1250 2363 1113113
1281 2298 1390 2365 solent
1420 2298 1584 2377 rhetores,
1621 2318 1763 2381 qnorum
1799 2317 1974 2381 personam
2001 2317 2119 2363 causae

102 2389 250 2467 oportet,
280 2389 439 2466 tanquam
467 2383 636 2449 aedituas
663 2318 907 2466 blaspbemum
936 2370 1215 2471 31133311(31133
1246 2392 1358 2470 aptam
1390 2383 1545 2451 iudicant.
1589 2381 1658 2450 Sed
1686 2383 1807 2467 ubique
1817 2382 1846 2466 ²)
1874 2380 1937 2447 hcc
1964 2383 1999 2449 in
2032 2403 2119 2466 papa

102 2476 241 2554 gravem
268 2469 469 2535 sententiam
496 2470 669 2535 sustineas.
714 2469 787 2534 Iam
810 2489 888 2535 verc
910 2475 949 2533 ut
968 2488 1084 2552 parca·
1109 2478 1112 2549 l
1136 2469 1245 2535 locum
1279 2469 1393 2551 habet,
1428 2471 1481 2537 cui
1515 2490 1621 2554 neque
1655 2469 1736 2536 coeli
1764 2475 1843 2535 sunt
1870 2489 1976 2551 neque
2008 2468 2116 2534 interi
2250 2534 2252 2538 .

101 2554 847 2639 111311111333113133313111333133111311133,
870 2561 917 2633 ut,
939 2554 1084 2637 inquam,
1110 2554 1112 2621 ξ
1138 2553 1205 2638 Qui
1240 2575 1319 2641 crgo
1358 2555 1445 2623 hanc
1477 2555 1679 2623 chimaeram
1703 2554 1857 2620 manibus
1889 2554 2029 2634 tenebit,
2062 2553 2118 2620 ille

102 2640 269 2728 3113311113
295 2662 419 2708 3311111
446 2661 532 2720 esso,
561 2641 649 2725 quod
675 2647 750 2725 post
769 2640 933 2724 apostolos
956 2649 989 2706 et
1031 2626 1336 2743 13-(111313311111
1374 2662 1435 2726 pro
1483 2641 1639 2708 ecclesiae
1681 2661 1761 2724 pace
1806 2639 1946 2706 libenter
1984 2640 2117 2725 sangui-

102 2726 222 2811 pbetas
256 2726 350 2793 docet
383 2726 588 2811 Cyprianus,
627 2749 733 2792 unum
773 2747 844 2794 3333
882 2728 915 2792 11
950 2661 1086 2792 33311313
1137 2749 1215 2793 nem
1238 2733 1312 2808 [pag.
1332 2732 1386 2808 73]
1409 2728 1624 2812 prohrsurum
1644 2726 1765 2791 credat.
1799 2726 1847 2790 At
1868 2726 1896 2791 si
1918 2746 1989 2791 rem
2010 2726 2117 2809 ipsam

103 2811 230 2879 Christi
259 2813 497 2896 episcopatum,
527 2815 619 2879 auius
646 2820 757 2896 partes
785 2813 821 2878 in
849 2812 989 2878 solidum
1017 2812 1086 2877 sin·
1139 2814 1315 2892 intuemur,
1339 2814 1417 2897 quid
1438 2814 1482 2880 sit
1502 2813 1648 2878 alienum
1671 2811 1867 2898 sanguinem
1888 2809 2118 2890 1111313113·

104 2898 174 2984 guli
199 2906 352 2978 teneant,
382 2906 415 2963 et
442 2899 528 2964 hanc
558 2899 752 2983 dignitatem
781 2898 1188 2999 311111133311-(313
1219 2899 1360 2980 Ρ31113,
1400 2920 1460 2966 313
1492 2919 1628 2983 parcere
1660 2896 1781 2964 didicit.
1826 2897 1924 2963 Certe
1957 2898 2057 2962 etiam
2090 2899 2119 2964 si

103 2984 194 3069 piam
215 2984 392 3050 hominum
414 2985 586 3049 transferri
608 2985 764 3064 sinamus,
786 3005 849 3067 quo
872 2992 983 3050 tamen
1005 2984 1085 3063 iure,
1138 2984 1299 3051 hactenus
1320 2985 1483 3052 creditum
1498 2985 1622 3067 fuisset,
1644 2985 1786 3069 aliquam
1803 2983 2020 3049 conscientiae
2041 3003 2118 3067 par-

105 3079 162 3136 ant
184 3090 253 3154 qua
274 3071 382 3154 specie
403 3071 473 3149 tibi,
497 3069 625 3155 perdite
648 3079 681 3136 ct
703 3070 869 3154 deplorate
891 3070 986 3149 latro,
1009 3088 1086 3136 con·
1111 3019 1115 3138 1
1139 3071 1274 3138 ticulum
1308 3073 1345 3137 in
1379 3091 1464 3156 papa
1492 3070 1599 3136 adhuc
1629 3090 1780 3149 manere,
1816 3070 1879 3134 hoc
1906 3075 2018 3134 tamen
2047 3077 2118 3134 tam

105 3156 239 3223 3311337
284 3159 379 3222 'lune
400 3156 492 3222 Petri
519 3177 702 3235 successor,
732 3157 788 3240 qui
817 3156 922 3221 nihilo
943 3156 1020 3239 plus
1042 3156 1087 3221 si·
1139 3157 1313 3224 manifesto
1334 3157 1479 3242 periurio
1501 3162 1645 3241 apparet,
1669 3177 1767 3240 quam
1789 3175 1920 3220 omnem
1936 3155 2002 3219 Dei
2019 3154 2118 3221 31113·

105 3242 306 3309 militudinis
334 3263 409 3309 cum
438 3263 476 3308 oo
504 3241 620 3320 habes,
655 3264 754 3326 quam
780 3242 869 3308 Nero
903 3242 1086 3325 quisquam,
1139 3264 1211 3309 rem
1233 3252 1267 3309 33
1287 3243 1459 3310 hominum
1480 3243 1702 3309 reverentiam
1724 3239 1888 3307 abiecerit.

105 3338 162 3394 aut
182 3328 411 3407 Domitianus,
433 3333 491 3393 aut
510 3328 684 3414 Caligula?
729 3327 803 3394 Nisi
825 3329 909 3393 forte
930 3327 1087 3412 Helioga-
1228 3329 1284 3414 33)
1306 3331 1422 3412 Aequa
1450 3349 1530 3394 sane
1557 3327 1717 3406 conditio,
1747 3335 1786 3393 ut
1811 3346 1915 3411 papae
1942 3323 2118 3391 3137131311

104 3414 217 3480 belum
244 3416 367 3493 113313,
398 3415 454 3499 qui
475 3415 692 3481 sacerdotium
719 3436 842 3480 novum
869 3415 1007 3497 imperio
1030 3413 1088 3478 ad·
1138 3414 1304 3480 iudicandi
1325 3415 1561 3481 Protestantes.
1599 3411 1747 3495 Quidni?
1783 3414 1856 3497 Ego
1879 3413 1977 3491 enim,
2000 3411 2117 3496 inquit,

104 3501 224 3567 iunxit
271 3499 398 3566 Omnes
428 3509 516 3567 certe
543 3500 594 3565 illi
619 3502 740 3566 summi
762 3501 932 3584 pontifices
955 3500 1087 3564 nomine
1138 3521 1213 3567 sum
1246 3521 1360 3566 eorum
1394 3500 1504 3566 iudex.
1547 3498 1710 3566 Sclusne?
1761 3498 1939 3564 Adiutores
1980 3497 2043 3563 sibi
2082 3497 2118 3563 in

104 3597 214 3667 31313,
245 3585 332 3670 quod
357 3587 392 3652 11
417 3587 649 3670 superstitione
675 3587 746 3653 eius
773 3585 932 3669 temporis
953 3584 1086 3651 licebat:
1139 3586 1312 3653 concilium
1347 3587 1486 3652 assumit
1522 3584 1729 3652 venerandos
1763 3584 1882 3650 1133133
1910 3604 2001 3663 suos,
2036 3603 2117 3667 quos

105 3681 140 3738 tu
164 3672 201 3739 id
228 3693 352 3739 nomen
389 3672 486 3738 hodie
515 3693 655 3757 usurpas
687 3674 724 3736 in
751 3671 872 3755 populo
907 3670 1086 3736 christiano
1139 3672 1240 3738 etiam
1262 3672 1396 3738 honoris
1411 3679 1506 3758 parte
1528 3672 1682 3757 aspergit.
1716 3671 1781 3735 Tot
1800 3670 1889 3771 lupis
1910 3677 1950 3734 ut
1969 3668 2119 3736 3113133111

106 3767 221 3825 331313
237 3760 292 3825 113
304 3767 337 3825 33
353 3759 412 3838 fas,
435 3765 550 3824 contra
567 3758 756 3826 inviolabile
773 3757 902 3824 Christi
917 3757 1085 3840 placitum,
1138 3779 1220 3844 grex
1241 3758 1375 3826 33111117
1409 3762 1457 3825 At
1477 3759 1718 3842 qualescunque
1739 3757 1816 3836 sint,
1838 3777 1986 3840 rpsornm
2005 3762 2118 3821 tamen

105 3854 220 3911 eonha
242 3845 356 3911 omnia
378 3853 565 3910 sanctorum
587 3853 720 3929 patrum
737 3845 898 3910 instituta
936 3847 1084 3925 [13372]
1138 3852 1189 3911 est
1210 3845 1361 3929 cognitio.
1407 3841 2117 3925 811111711331331311131313131133

105 3930 153 3996 llo
164 3930 295 3998 Christi
311 3931 465 4008 31331113,
489 3932 582 3997 cuius
600 3952 714 3997 omnes
730 3930 953 4015 cogitationes,
977 3928 1087 3996 studia
1139 3929 1303 3997 dealbato:
1333 3931 1528 3998 Nesciebam
1560 3931 1696 4009 1133133,
1730 3928 1817 4014 quod
1843 3929 1992 4013 pontifex
2020 3933 2117 4007 esset,

105 4018 217 4083 omnia
238 4027 273 4084 et
293 4017 380 4083 facta
401 4018 468 4082 huc
485 4024 645 4101 spectant,
668 4026 706 4082 ut
727 4017 897 4083 aboleatur
919 4015 1084 4097 Christus,
1138 4017 1217 4101 quid
1238 4019 1332 4083 nobis
1354 4016 1394 4083 de
1416 4018 1496 4083 atris
1518 4016 1591 4083 istis
1612 4016 1802 4084 vulturibus
1823 4015 1921 4080 hodie
1943 4010 2118 4079 dicendum

105 4102 883 4186 113131311311113131131333,3133313131]
898 4103 1086 4167 meretricio
1139 4103 1223 4169 erit?
1269 4101 1338 4170 Sed
1359 4124 1402 4170 ne
1422 4104 1552 4190 longior
1574 4103 1646 4182 sim,
1669 4109 1798 4168 tantum
1820 4101 1883 4165 hoc
1905 4097 1986 4176 dico,
2009 4119 2117 4164 sacer·

105 4189 176 4257 inco
198 4188 367 4257 3111331131
401 4190 452 4254 Tu
470 4187 598 4256 Christi
617 4190 769 4268 vicarius,
793 4209 890 4272 quem
906 4189 974 4253 iam
990 4188 1085 4272 pueri
1138 4189 1229 4255 dotes
1251 4190 1386 4256 Domini
1410 4212 1446 4257 33
1468 4209 1539 4257 esse
1560 4187 1744 4267 ostendant,
1768 4193 1802 4252 et
1821 4182 1988 4251 iudicandi
2009 4191 2117 4267 potes·

106 4295 218 4342 omnes
239 4283 409 4341 noverunt
424 4282 551 4341 certum
568 4296 640 4341 esse
657 4273 909 4340 antichristum?
945 4272 1087 4354 Qualem
1138 4282 1240 4340 tatem
1279 4296 1358 4341 mox
1396 4276 1463 4342 illis
1496 4276 1566 4342 sine
1605 4274 1796 4340 difficultate
1828 4271 1897 4336 ulla
1930 4268 2113 4337 concedam.

106 4360 198 4428 nobis
222 4360 396 4429 Christum
423 4360 611 4440 fabricabis,
640 4361 669 4427 31
697 4360 781 4426 33113
810 4361 880 4424 eius
907 4360 1085 4443 imaginem
1139 4359 1265 4442 Quales
1287 4368 1399 4427 3113311
1419 4361 1524 4440 video,
1547 4361 1665 4426 meritc
1684 4358 1842 4426 sciscitari
1860 4376 2003 4440 possum,
2026 4356 2115 4440 quis·

106 4446 140 4511 in
160 4446 341 4535 tyrannide
366 4455 426 4512 tua
456 4447 609 4532 agnosci?
654 4446 816 4512 Videmus
842 4445 949 4511 omnis
970 4445 1086 4528 impie·
1138 4466 1217 4511 nam
1238 4467 1294 4513 eos
1316 4448 1523 4514 constituerit
1545 4447 1684 4512 arbitros
1706 4452 1764 4510 aut
1783 4442 1916 4508 iudices.

107 4535 181 4600 tatis
214 4534 413 4612 antistitem,
450 4531 593 4599 8333133
635 4533 905 4616 antesignanum,
944 4531 1087 4597 ferocem
1225 4532 1282 4616 37)
1305 4531 1379 4614 Quo
1401 4534 1508 4619 elogio
1526 4533 1689 4617 principes
1710 4537 1744 4596 et
1764 4530 1979 4614 magistratus
2002 4527 2115 4595 civiles

109 4619 293 4686 animarum
315 4626 511 4706 tyrannum,
541 4640 677 4686 saevum
705 4619 908 4696 carnificem,
937 4616 1023 4700 quod
1045 4615 1086 4681 ad
1139 4625 1236 4684 ornat
1265 4621 1402 4704 spiritus
1435 4627 1581 4697 sanctus,
1621 4617 1717 4683 sicuti
1743 4636 1846 4701 quum
1874 4636 1916 4681 ex
1944 4615 2015 4682 loco
2043 4615 2055 4680 i
2079 4635 2116 4682 so

109 4704 209 4772 uitam
231 4713 374 4790 spectat,
400 4712 584 4771 monstrum
612 4727 653 4770 ex
674 4704 825 4771 omnibus
853 4703 988 4788 flagitiis
1009 4723 1086 4770 con-
1138 4712 1276 4785 constat,
1304 4711 1378 4771 tum
1405 4706 1505 4772 etiam
1527 4726 1570 4769 ex
1592 4702 1718 4769 Christi
1732 4702 2011 4784 interpretatione,
2034 4702 2045 4767 i
2072 4700 2116 4767 ud

110 4790 238 4857 flatum:
259 4791 356 4858 illum
372 4789 511 4875 deniqne
527 4791 721 4875 perditionis
738 4791 853 4870 filium,
877 4810 974 4873 quem
992 4789 1087 4855 nobis
1139 4789 1395 4873 Constantinus,
1418 4791 1516 4858 homo
1537 4809 1606 4855 non
1627 4788 1723 4856 valde
1745 4788 1945 4855 exercitatus
1970 4794 2042 4868 [pag.
2063 4791 2117 4867 74]

111 4874 256 4963 depingit
274 4877 451 4962 apostolus,
473 4883 507 4944 et
526 4876 652 4945 Christi
669 4878 829 4944 ricarium
848 4873 1085 4942 iudicabimus?
1139 4877 1175 4942 in
1194 4878 1380 4961 seripturis,
1408 4885 1442 4943 et
1468 4879 1497 4944 si
1523 4896 1641 4944 verum
1667 4881 1807 4940 narrant
1833 4875 2005 4954 historiae,
2035 4880 2115 4940 tunc

261 5032 292 5169 11
312 5031 778 5169 hbebcsepbibabiiiubbbb'rrdetur.
817 5097 898 5168 Quod
913 5099 1043 5168 pmnoeps
1062 5100 1190 5167 praebete
1211 5101 1324 5170 ubique,
1347 5114 1455 5155 emaum
1479 5099 1646 5156 commodum
1669 5116 1726 5156 non
1748 5099 1837 5167 offert.
1876 5097 2006 5152 Caeteros
2022 5110 2115 5152 omnes

116 5169 266 5227 madan:
281 5186 378 5240 neque.
414 5171 493 5236 (Cela
511 5171 555 5224 n'a
572 5170 648 5238 point
666 5167 700 5224 de
717 5169 771 5224 lien
790 5183 825 5223 au
842 5169 940 5236 Papa.)

1751 5240 1755 5249 ⁵
1859 5252 1909 5306 18*
