4620 5894
149 252 213 316 659
894 246 1163 315 aurorane
1185 244 1420 315 ERRORUM
2110 254 2166 317 560

232 438 306 503 Etsi
321 440 345 521 ¹)
367 442 479 502 autem
501 436 559 501 illa
578 436 663 501 ratio
680 456 779 518 quam
801 436 838 500 in
859 456 978 501 causae
999 435 1127 501 actione
1179 456 1278 519 quam
1299 436 1447 503 ventosis
1469 440 1544 516 [pag.
1571 443 1646 517 132]
1669 436 1824 522 ampullis
1846 444 1973 522 turget
1987 443 2014 517 ¹)
2046 438 2164 507 Natura

145 523 249 603 tenui,
278 544 368 589 nunc
390 543 517 605 quoque
544 521 629 585 mihi
649 522 800 587 sufficere
822 520 962 600 videtur,
998 530 1036 585 ut
1056 542 1126 586 me-
1179 521 1322 587 disertus
1343 530 1395 587 est
1411 522 1644 590 Melanetbcn:
1668 522 1848 608 Serveto²)
1865 532 1997 607 quanta
2015 524 2163 609 eloquen-

145 609 289 675 diocrem
311 609 474 673 duntaxat
495 606 686 674 Servetioae
705 605 874 672 doctrinae
900 614 1036 690 gustum
1065 606 1126 671 ha·
1179 608 1245 672 tiae
1265 607 1399 672 ambitio
1421 608 1530 686 fuerit,
1565 609 1809 694 hincapparet,
1840 610 1932 693 quod
1953 610 2096 675 sollicito
2114 631 2163 676 ca-

144 696 246 762 bcant
266 695 457 777 lectoresfl)
479 694 557 777 quia
578 702 691 769 tamen
713 693 913 759 subobscura
934 693 1019 757 forte
1040 699 1127 757 esset
1179 704 1235 758 vet
1268 714 1310 758 ne
1342 713 1442 775 quam
1464 693 1640 759 verborum
1672 695 1875 781 elegantiam
1912 696 2059 776 θειίεῖεῖ,
2092 716 2163 763 suas

145 781 276 848 concisa
296 780 363 859 illa,
392 799 458 863 qua
478 779 531 844 usi
553 800 677 858 sumus,
708 779 865 855 brevitas,
888 779 960 843 eius
978 798 1127 843 summae
1179 779 1288 861 copias
1310 781 1381 844 sine
1404 778 1533 845 delectu
1555 790 1589 845 et
1609 781 1705 847 modo
1728 788 1883 859 ostentat,
1907 783 2076 865 flatusque
2093 803 2164 848 suos

146 887 246 952 quam
268 866 505 949 proposuimus,
538 866 671 930 uberior
691 864 759 930 iam
780 871 814 928 et
833 864 962 946 plenior
983 864 1127 929 texenda
1178 863 1299 947 ubique
1320 864 1458 947 proiicit
1503 867 1555 931 De
1588 886 1643 931 me
1670 867 1755 932 nihil
1783 866 1893 934 dicere
1927 869 2065 933 attinet:
2103 868 2163 934 nisi

145 962 198 1017 est
219 952 403 1035 explicatio.
447 951 534 1015 Nam
561 971 664 1033 quum
692 949 734 1015 ad
766 950 918 1015 homines
946 949 1066 1031 peritos
1092 955 1127 1013 et
1178 948 1266 1032 quod
1287 950 1434 1033 genuina
1455 951 1614 1017 erationis
1648 973 1741 1019 meae
1773 952 1974 1035 simplicitas
2009 954 2101 1019 nullo
2130 974 2164 1019 se

146 1039 343 1103 exercitatos
368 1036 530 1101 mittenda
559 1048 631 1100 erat
656 1044 772 1101 nestra
799 1036 942 1117 scriptio,
970 1034 1044 1099 idco
1072 1054 1125 1098 re-
1177 1035 1338 1101 laborioso
1361 1037 1499 1102 artificio
1527 1038 1663 1121 politam
1689 1060 1762 1105 esse
1784 1039 1913 1103 clamat
1960 1038 2062 1105 Adde
2082 1038 2164 1123 quod

145 1124 251 1189 stricti
271 1124 403 1201 fuimus,
413 1126 441 1197 11)
473 1143 516 1186 ne
543 1122 673 1205 prolixa
701 1129 735 1185 et
763 1122 863 1186 anxia
882 1121 1033 1186 tractatio
1055 1128 1125 1184 tum
1178 1121 1278 1185 nimis
1306 1120 1484 1186 absurdum
1518 1132 1583 1200 est,
1623 1123 1783 1189 invidiam
1822 1145 1865 1190 ex
1892 1122 2029 1190 dicendi
2061 1126 2164 1210 gratia

144 1209 212 1275 illis
234 1208 342 1274 taedio
369 1214 464 1285 esset,
499 1215 571 1271 tum
606 1208 749 1289 aliquam
778 1207 872 1270 daret
906 1207 1126 1289 suspicionem
1178 1207 1273 1273 nobis
1295 1208 1336 1271 ab
1369 1227 1407 1272 oo
1440 1209 1587 1287 conflari,
1620 1211 1676 1292 qui
1710 1211 1835 1295 passim
1867 1210 2069 1295 linguarum
2097 1231 2162 1276 om·

144 1294 357 1360 diffidentiae.
390 1294 582 1358 Absurdum
602 1314 679 1359 vcro
697 1301 768 1357 erat
787 1297 862 1371 [pag.
884 1296 959 1371 131]
976 1292 1126 1375 pluribus
1179 1294 1270 1357 nium
1292 1292 1457 1358 inscitiam
1489 1315 1556 1358 non
1583 1296 1666 1360 mihi
1694 1296 1812 1373 solum,
1846 1294 1905 1360 scd
1939 1296 2007 1379 ipsi
2041 1317 2163 1380 quoque

142 1381 255 1447 verbis
277 1378 459 1445 obtundere
480 1400 594 1445 eorum
616 1399 722 1457 aures,
757 1378 875 1461 quibus
908 1399 961 1442 res
990 1377 1126 1460 perinde
1177 1378 1333 1461 Philippo
1361 1379 1546 1461 exprobrat,
1580 1392 1618 1445 ut
1643 1400 1704 1446 nos
1726 1381 1769 1447 ad
1792 1380 1950 1447 discenda
1973 1384 2165 1466 grammati·

144 1486 183 1533 ac
204 1466 298 1531 nobis
321 1466 498 1549 conspicua
520 1472 599 1530 erut.
630 1465 808 1530 Lautorum
826 1462 1020 1546 quibuscum
1037 1482 1126 1527 nunc
1179 1482 1232 1528 ces
1267 1465 1430 1547 principia
1463 1467 1632 1531 remittere
1664 1487 1730 1532 nen
1765 1467 1901 1532 dubitet
1946 1465 2051 1548 Quod
2081 1466 2163 1552 apud

145 1572 217 1637 ago,
242 1552 373 1616 diversa
393 1551 478 1617 ratio
496 1562 555 1629 est,
576 1572 715 1632 quorum
732 1549 899 1633 plerisque
918 1571 959 1613 ne
977 1547 1126 1613 auditum
1179 1547 1357 1615 Servetum
1379 1551 1535 1633 sequitur,
1557 1552 1665 1637 magis
1685 1554 1722 1617 in
1744 1561 1874 1618 sanctos
1896 1550 1965 1617 Dei
1987 1554 2164 1638 prophetas

146 1637 280 1723 quidem
313 1656 462 1719 unquam
493 1638 556 1701 fuit
576 1634 709 1702 Servati
741 1653 878 1700 nomen:
911 1635 1017 1699 maior
1050 1655 1126 1717 pars
1179 1655 1278 1717 quam
1300 1637 1335 1698 in
1357 1656 1418 1701 nos
1440 1637 1711 1703 contumeliosum
1733 1644 1793 1704 est.
1824 1636 1992 1722 Spiritum
2014 1648 2165 1706 sanctum

146 1725 284 1789 nonita
305 1722 513 1789 familiariter
530 1730 661 1787 versata
682 1728 733 1787 θεῖ
754 1724 789 1784 in
808 1721 987 1802 scripturis,
1009 1726 1047 1785 ut
1068 1740 1127 1802 per
1179 1728 1282 1803 negat
1320 1742 1467 1803 unquam
1506 1743 1565 1804 per
1604 1724 1685 1787 talia
1719 1744 1845 1808 organa
1876 1723 2059 1807 loquutum
2087 1746 2163 1791 esse

147 1829 192 1887 se,
217 1819 251 1874 et
271 1810 394 1893 absque
415 1811 586 1885 monitore,
621 1808 716 1891 quale
750 1808 794 1873 sit
827 1806 995 1872 doctrinae
1022 1826 1127 1889 genus
1180 1804 1284 1885 Quasi
1306 1827 1372 1871 nen
1394 1806 1498 1871 multo
1527 1809 1686 1892 comptior
1715 1809 1759 1875 sit
1787 1830 1848 1874 sua
1874 1808 1994 1893 lingua
2015 1810 2162 1887 Davidis,

147 1897 212 1961 rite
232 1895 370 1960 iudicet:
404 1894 539 1977 quidam
574 1903 665 1958 metu
696 1891 856 1958 tardiores
885 1894 1035 1969 erunt:⁴)
1071 1891 1128 1955 alii
1180 1904 1214 1956 et
1234 1889 1393 1957 illustrior
1414 1893 1540 1957 Icsaiae
1563 1893 1669 1971 dictio,
1698 1916 1797 1978 quam
1820 1894 2003 1959 multorum
2027 1898 2161 1980 scripte-

146 1982 232 2047 forte
249 1980 340 2046 falsis
358 1979 546 2045 meroribus
561 1981 720 2062 occupati,
739 1999 821 2061 opus
839 1978 1008 2043 habebunt
1025 1978 1127 2041 acrio·
1179 1998 1254 2040 rum
1276 1977 1333 2058 qui
1354 1978 1438 2059 apud
1463 1978 1609 2044 Graecos
1632 1990 1665 2044 et
1686 1982 1826 2046 Latinos
1860 1981 1968 2045 habiti
2005 1990 2089 2047 sunt
2120 1984 2162 2047 fa·

147 2068 239 2134 ribus
262 2066 419 2133 stimulis:
443 2066 498 2130 aiii
521 2064 660 2148 denique
683 2064 827 2147 maligne
855 2064 973 2145 spiritu
998 2061 1127 2141 imbuti,
1180 2061 1295 2127 cundi:
1324 2061 1382 2127 scd
1404 2064 1493 2128 nullo
1516 2064 1628 2130 habito
1650 2064 1789 2146 delectu,
1823 2066 1884 2132 hoc
1907 2088 2018 2131 unum
2042 2081 2162 2152 specte·

147 2174 329 2236 nunquam.
358 2153 422 2217 nisi
444 2159 614 2235 cogantur,
637 2151 769 2215 veritati
788 2148 913 2215 cedent.
946 2149 994 2213 Et
1015 2155 1128 2213 tamen
1180 2148 1229 2213 vit
1261 2158 1411 2232 nugator,
1452 2158 1491 2213 ut
1529 2151 1617 2216 solus
1657 2173 1731 2216 cum
1769 2174 1828 2218 suo
1860 2154 2029 2235 profluvio
2066 2154 2161 2219 libere

147 2239 230 2305 haec
253 2259 380 2321 quoque
402 2237 578 2320 explicatio
612 2238 658 2301 sic
692 2239 754 2299 erit
787 2240 979 2317 temperata,
1015 2244 1053 2298 ut
1086 2254 1128 2298 ne
1181 2242 1319 2299 tonaret.
1331 2235 1360 2315 1)

148 2326 287 2389 morosis
308 2322 440 2406 quidem
463 2322 640 2389 lectoribus
662 2323 778 2385 afferat
794 2320 972 2385 fastidium.
1001 2319 1041 2382 In
1059 2318 1128 2402 pri-
1267 2318 1380 2400 Quum
1403 2340 1537 2403 scopum
1559 2322 1620 2387 sibi
1647 2329 1755 2387 totum
1782 2324 1884 2389 fuisse
1906 2324 2082 2406 praefatus
2109 2334 2160 2404 est,

149 2410 215 2473 mis
236 2430 313 2473 vero
336 2430 356 2472 a
383 2429 437 2472 me
469 2407 598 2473 dabitur
631 2427 739 2489 opera,
773 2413 811 2470 ut
842 2405 983 2488 simplex
1017 2424 1128 2469 rerum
1181 2413 1219 2469 ut
1258 2405 1364 2470 filium
1398 2407 1463 2471 Dei
1502 2406 1689 2473 ostenderet
1728 2429 1799 2474 esse
1827 2409 2003 2475 Christum
2048 2413 2161 2495 quiin

150 2496 294 2578 cognitio
313 2492 435 2576 absque
446 2493 514 2556 ullo
525 2493 700 2559 verborum
711 2500 830 2555 ornatu
843 2511 878 2555 se
888 2490 991 2556 oculis
1002 2490 1127 2555 offerat.
1182 2511 1279 2556 carne
1307 2491 1474 2557 exhibitus
1507 2493 1579 2570 fuit,
1593 2496 1621 2573 ⁴)
1655 2494 1791 2558 minime
1825 2494 1965 2560 dubium
1999 2505 2055 2562 est
2091 2498 2161 2581 quir

149 2580 255 2662 quue
280 2592 350 2643 tum
377 2600 437 2662 pro
459 2598 533 2643 meo
555 2578 686 2661 iugenio
709 2586 742 2641 et
774 2596 865 2640 more
897 2577 1023 2653 faciam,
1057 2585 1129 2640 tum
1181 2575 1334 2641 tenebras
1356 2576 1526 2642 offundere
1548 2579 1689 2644 voluerit
1715 2578 1885 2658 iudicibus,
1919 2602 2004 2663 ques
2033 2584 2161 2665 putabat

149 2686 230 2730 vero
263 2686 306 2728 ne
335 2666 369 2728 in
397 2663 482 2728 illud
503 2665 661 2746 probrum
683 2664 848 2728 incurram
870 2659 956 2744 quod
979 2661 1072 2727 nobis
1094 2663 1128 2726 in
1182 2663 1218 2725 in
1239 2662 1301 2725 hae
1324 2661 1558 2746 disceptatione
1590 2687 1707 2748 parum
1730 2686 1800 2730 εεεθ
1822 2668 2035 2732 exercitatos.
2081 2670 2161 2753 Erga

148 2746 1129 2835 personaPhilippiMelancthonisobiicitServetusmosaolo
1182 2767 1224 2810 ne
1247 2747 1308 2812 hoc
1331 2749 1556 2833 integumento
1588 2759 1659 2814 tam
1688 2772 1797 2817 crassa
1823 2761 1976 2816 menstra
2005 2755 2160 2829 obrueret,

148 2836 299 2902 dictionis
310 2835 471 2901 lenocinio
482 2836 633 2910 saturari,
653 2842 686 2899 et
697 2836 851 2899 attestata
865 2833 1029 2897 rhetorica
1040 2832 1130 2897 falsi·
1182 2853 1266 2915 quae
1289 2854 1309 2897 a
1332 2833 1423 2899 nobis
1452 2837 1488 2899 in
1516 2835 1663 2901 medium
1685 2837 1848 2920 producta
1868 2848 1978 2916 erant,
2015 2841 2092 2905 eius
2112 2859 2161 2905 ra·

147 2932 251 2987 tatem
283 2921 446 2988 illecebris
477 2921 644 2999 ornare.⁶)
684 2918 817 2985 Scilicet
837 2920 947 2983 fucum
971 2918 1131 2983 sermonis
1181 2918 1303 2983 friticm
1327 2939 1402 2983 cum
1436 2922 1508 3003 pari
1540 2920 1745 3004 impudentia
1773 2922 1984 2989 coniunctam
2021 2926 2160 2991 refellere

147 3010 282 3074 affectat
303 3007 526 3083 Melancthon,
555 3008 611 3088 qui
632 3014 701 3069 tam
723 3004 836 3088 procul
870 3005 963 3069 abest
996 3004 1037 3069 ab
1069 3004 1129 3069 hoc
1181 3003 1264 3067 mihi
1287 3010 1321 3068 et
1342 3006 1477 3090 collegis
1499 3027 1631 3073 necesse
1652 3009 1723 3073 fuit.
1774 3007 1842 3075 Sed
1870 3010 1949 3091 quia
1978 3031 2036 3075 me
2065 3012 2160 3077 solum

147 3095 239 3171 vitio,
272 3104 311 3158 ut
342 3092 561 3159 adventitium
594 3112 726 3157 omnem
754 3100 908 3156 ornatum
930 3110 997 3154 non
1019 3091 1129 3154 minus
1181 3090 1379 3154 nominatim
1413 3092 1613 3175 aggreditur,
1655 3093 1692 3158 in
1731 3115 1784 3158 me
1823 3094 1969 3159 libenter
2009 3095 2160 3181 quidquid

148 3179 262 3246 sedulo
284 3179 399 3262 fugiat,
435 3199 532 3262 quam
554 3178 653 3243 anxie
685 3186 718 3242 θῖ
739 3176 853 3260 putide
875 3176 970 3240 illum
993 3176 1130 3241 accersit
1182 3184 1291 3240 actum
1313 3184 1365 3240 est
1386 3179 1570 3261 suscipiam.
1617 3180 1673 3244 Me
1695 3180 1864 3244 insimulat
1885 3181 2067 3261 mendacii,
2096 3184 2161 3267 quie

148 3263 356 3346 Servatusi)
408 3264 542 3329 Nemini
576 3265 664 3328 enim
698 3264 873 3329 obscurum
905 3272 963 3338 cst,
998 3262 1130 3326 nonnisi
1183 3282 1257 3325 eum
1280 3261 1362 3327 falso
1384 3272 1418 3327 et
1438 3284 1497 3346 per
1520 3270 1593 3345 [pag.
1620 3270 1693 3344 133]
1722 3264 1878 3331 cavillum
1912 3269 2071 3348 profiteri
2092 3269 2160 3344 dixi,

147 3372 207 3435 per
236 3372 313 3415 eum
343 3357 430 3414 stare
453 3351 628 3432 quominus
650 3348 851 3432 splendidior
872 3347 921 3412 illi
944 3347 1131 3430 eloquentia
1181 3347 1276 3410 illum
1299 3348 1361 3412 sibi
1382 3350 1483 3413 fuisse
1505 3370 1654 3433 scopum:
1678 3351 1782 3416 facilis
1804 3350 1952 3416 defensio
1974 3364 2037 3432 est,
2062 3357 2089 3420 si
2107 3374 2161 3437 qua

148 3446 273 3520 surgat.
318 3436 432 3501 Nitida
458 3436 507 3499 illi
529 3433 662 3518 quidem
690 3435 785 3500 latini
813 3434 974 3498 sermonis
1002 3435 1130 3516 puritas
1183 3442 1293 3497 tamen
1326 3435 1361 3496 in
1397 3455 1434 3497 re
1462 3444 1530 3500 tam
1558 3437 1731 3500 manifesta
1745 3438 1939 3519 requiritur.
1988 3440 2160 3523 Nunquam

148 3522 270 3603 ubique
293 3529 430 3587 constat.
474 3521 524 3587 Ut
544 3528 629 3603 apte,
653 3520 794 3586 dilucide
817 3528 851 3585 et
868 3521 998 3604 proprie
1016 3519 1130 3602 lequa-
1182 3519 1270 3583 enim
1292 3519 1413 3603 negavi
1434 3542 1537 3585 unum
1560 3522 1623 3585 hoc
1642 3522 1743 3587 fuisse
1765 3544 1807 3587 ex
1828 3522 1920 3588 falsis
1939 3525 2014 3589 cius
2035 3547 2159 3609 perver-

147 3616 214 3681 tur,
237 3607 400 3672 mediocre
422 3605 570 3671 studium
593 3606 735 3672 adhibet.
789 3604 996 3672 Facundiam
1018 3614 1130 3671 tamen
1183 3605 1294 3687 sisque
1316 3604 1539 3689 dogmatibus:
1564 3607 1622 3672 scd
1642 3608 1825 3673 flexuosum
1847 3619 2042 3691 serpentem
2066 3612 2158 3676 esuis

149 3713 233 3776 quae
255 3693 304 3755 illi
332 3702 446 3773 sponte
467 3694 594 3769 flueret,
626 3692 702 3755 data
735 3714 835 3775 opera
870 3693 916 3757 sic
949 3691 1130 3775 restringit,
1182 3689 1317 3755 latebris
1339 3693 1513 3757 extrahere
1546 3694 1692 3776 cupiens,
1725 3692 1890 3772 admonui,
1923 3695 2017 3778 quod
2053 3716 2158 3763 verum

150 3791 189 3844 ut
216 3778 313 3842 multi
343 3776 524 3860 splendoris
562 3777 744 3858 cupidiores
773 3779 921 3842 ieiunum
950 3786 983 3841 εῖ
1011 3798 1130 3841 exsan-
1184 3786 1263 3854 erat,
1292 3777 1428 3842 minime
1450 3778 1485 3841 in
1507 3798 1545 3843 eo
1569 3781 1654 3843 verti
1676 3788 1783 3843 totum
1805 3782 2009 3862 quaestionis
2035 3792 2156 3849 statum.

152 3886 252 3949 guent
275 3872 556 3946 assequerentur.
594 3864 640 3926 Et
661 3864 747 3929 banc
769 3863 994 3928 Melancthoui
1017 3870 1131 3927 notam
1183 3860 1309 3927 Omitto
1323 3863 1353 3945 11)
1396 3864 1590 3929 immensam
1632 3885 1780 3929 errorum
1821 3869 2032 3949 congeriem,
2076 3870 2157 3935 cuius

152 3952 299 4034 aspergit
320 3948 490 4027 Servatus,
526 3948 617 4014 cuius
649 3948 812 4013 lutulenta
839 3950 1019 4013 verbositas
1055 3949 1131 4032 plus
1182 3948 1322 4013 foetores
1355 3949 1452 4031 paulo
1466 3974 1469 3991 ¹
1485 3960 1559 4032 post
1591 3950 1747 4014 movendi
1780 3962 1887 4016 erunt.
1944 3953 2053 4019 Nulla
2080 3954 2156 4019 enim

1183 4032 1351 4098 doctrinae
1373 4055 1449 4116 pars
1475 4044 1534 4113 est,
1565 4056 1664 4118 quam
1685 4057 1752 4100 non
1774 4058 1896 4102 vesano
1919 4038 2068 4121 quodam
2090 4060 2157 4123 pru·

154 4143 358 4152 -—-
1183 4119 1260 4195 ritu,
1295 4120 1348 4183 vel
1375 4121 1482 4204 magis
1508 4130 1615 4187 oestro
1641 4123 1785 4206 percitus
1808 4123 2009 4190 labefactare
2032 4138 2157 4192 conatus

223 4258 252 4323 1)
272 4257 349 4313 Huic
367 4258 447 4326 parts·
461 4259 648 4326 proemittitur
668 4257 819 4325 pecoliaris
842 4258 938 4311 titulae
961 4259 991 4309 in
1013 4256 1054 4310 ed.
1071 4258 1130 4378 pol·

153 4327 220 4383 lico:
243 4328 309 4382 Plus
328 4327 416 4395 ample
435 4327 602 4382 declaration
621 4327 669 4381 des
688 4342 794 4382 erreurs
813 4325 998 4380 abominables
1018 4325 1051 4379 de
1091 4342 1131 4379 cr·
1252 4341 1278 4404 1)
1298 4342 1379 4396 pope
1397 4342 1441 4410 luy
1460 4344 1504 4410 qui
1522 4351 1565 4397 est
1583 4344 1653 4398 ευρ)
1672 4361 1773 4398 comme
1792 4362 1827 4398 „n
1846 4361 1950 4413 grapa„
1969 4356 1997 4402 et
2015 4350 2082 4405 ime
2096 4347 2156 4404 dep

153 4404 207 4461 111,
225 4396 456 4466 1110111111111111
474 4396 575 4449 01111111·
1184 4426 1292 4480 grossas
1311 4426 1433 4465 escumcs
1452 4427 1485 4464 en
1503 4429 1554 4465 son
1571 4412 1643 4466 babil
1661 4411 1723 4481 qu’il
1741 4430 1775 4467 εθ
1794 4414 1923 4469 tiendroit
1940 4432 1992 4483 pas
2011 4420 2029 4472 a
2046 4419 2092 4488 luy
2103 4415 2156 4487 qn'l

223 4480 254 4546 ί2)
272 4480 345 4533 Add.
364 4496 434 4548 pour
451 4480 510 4534 leur
522 4482 590 4536 faire
604 4481 757 4550 cogneistre
769 4479 832 4548 qu’il
844 4496 860 4533 a
872 4481 929 4532 este
945 4480 1131 4548 unheretique
1184 4496 1218 4533 εθ
1236 4495 1265 4532 εε
1284 4477 1330 4532 fist
1347 4496 1414 4547 ouyr
1432 4479 1465 4533 de
1484 4480 1545 4533 bien
1564 4481 1627 4534 lein.

153 4548 190 4603 du
207 4558 268 4603 tout
285 4565 405 4617 pervers.
1253 4546 1283 4612 2)
1303 4548 1399 4627 Serret
1416 4554 1506 4602 estam
1524 4548 1641 4603 destituti
1665 4549 1698 4602 de
1721 4564 1802 4616 grace
1820 4551 1935 4605 urrache
1955 4553 1989 4606 de
2008 4569 2059 4607 son
2078 4553 2156 4621 goslar

223 4632 663 4705 ³³¹⁰⁰⁸⁰⁰m1³³ss¹¹⁰¹¹⁸⁰lm⁰t
1156 4702 1159 4743 t
1184 4625 1293 4740 {aar
1307 4615 1857 4754 attritur.”sabauda
1875 4630 2014 4744 tritu
2026 4620 2156 4745 titii}

1156 4752 1160 4823 Ι
1184 4762 1241 4809 tort
1259 4760 1288 4806 εῖ
1306 4756 1322 4808 b
1339 4762 1444 4807 travers
1463 4761 1524 4806 tout
1542 4770 1572 4808 ce
1591 4754 1653 4822 qu’il
1673 4771 1689 4809 a
1707 4772 1776 4819 pour
1795 4756 1862 4809 faire
1881 4732 2019 4827 pompa,

621 4875 631 4893 .
842 4876 847 4886 ⁶
884 4875 889 4886 ,
974 4875 979 4886 ,
1253 4820 1284 4888 3)
1313 4838 1343 4876 ce
1369 4822 1502 4875 babillard
1520 4861 1654 4877 ......
1680 4839 1697 4876 u
1726 4825 1877 4878 seulement
1902 4828 2041 4895 pretende
2066 4828 2155 4883 d'atolr

192 4940 198 4950 ,
224 4867 253 4934 5)
273 4871 347 4925 Md·
380 4873 452 4957 Vrap
479 4882 521 4928 1111
536 4891 596 4968 ,(111θ
615 4877 711 4928 511191
728 4876 805 4943 1³²²rle
823 4890 904 4940 ³¹1¹S¹r
927 4890 995 4928 1111111
1020 4874 1132 4928 11116111
1185 4894 1270 4957 conge
1298 4891 1331 4943 de
1349 4891 1421 4943 iasar
1447 4893 1531 4945 ason
1548 4892 1642 4959 plaisir
1667 4900 1695 4945 et
1720 4892 1753 4946 de
1773 4909 1802 4946 εε
1822 4895 1890 4949 faire
1910 4908 2055 4967 esceuter,
2085 4904 2156 4965 aptot

155 4939 658 4998 10110111Ἦο1111θῦ11111(1111011111-
1185 4962 1245 5013 oste
1262 4968 1339 5012 toute
1358 4959 1486 5013 audieuce
1510 4962 1613 5014 aceux
1636 4961 1682 5028 qui
1703 4976 1736 5014 ue
1756 4960 1921 5018 demandent
1946 4983 1999 5035 que
2023 4967 2056 5021 de
2075 4964 2156 5035 parler

224 5022 253 5085 6)
273 5041 375 5078 comme
394 5042 427 5079 uu
447 5029 580 5081 contraire
592 5028 688 5081 Serret
706 5044 736 5082 se
754 5034 874 5082 munstre
892 5028 984 5098 inepte
999 5028 1131 5097 albuuin,
1156 5050 1160 5129 p
1186 5043 1219 5081 en
1237 5028 1363 5081 rondeur.

154 5101 329 5161 cmprrmtant
355 5108 387 5161 qa
414 5102 442 5146 et
463 5095 490 5149 la
512 5097 536 5148 ic
554 5112 588 5148 nc
619 5113 666 5166 say
692 5098 796 5164 quelles
823 5097 965 5165 elegantes
984 5098 1132 5167 lesquelles
1156 5134 1160 5161 ,
1254 5096 1283 5159 4)
1303 5098 1373 5164 qui.
1393 5134 1398 5146 .
1419 5133 1425 5145 .
1444 5136 1450 5147 .
1469 5095 1587 5150 fuitcm.
1608 5094 1680 5150 Gall.

155 5163 202 5232 luy
219 5163 297 5217 secut
314 5163 389 5215 aussi
406 5162 467 5216 bien
486 5163 566 5231 qu'un
584 5167 689 5219 iaeeran
708 5170 724 5220 a
742 5181 795 5218 une
813 5167 891 5220 truie.
1156 5166 1159 5209 1
1253 5163 1283 5225 bl
1303 5165 1364 5219 Hoc
1381 5180 1483 5219 commo
1501 5165 1577 5219 coest
1594 5181 1612 5218 a
1628 5165 1734 5233 pedico.

222 4718 253 4783 4)
272 4718 344 4772 Add.
369 4735 397 4773 εθ
421 4719 572 4775 deffiansa
596 4736 676 4775 cause
701 4720 734 4773 de
760 4720 818 4774 leur
840 4720 986 4789 ignorauce
1010 4718 1043 4773 de
1061 4734 1132 4773 cem·

154 4785 271 4855 prendre
290 4801 321 4841 ce
338 4790 383 4855 qui
401 4804 435 4842 en
453 4797 504 4857 est,
523 4791 600 4843 sinon
619 4788 698 4858 qu'on
715 4789 755 4843 les
774 4788 842 4842 aide.
