4590 5902
112 259 173 323 373
586 253 711 323 hom
731 253 913 323 SYNODI
934 255 1257 325 TRIDEN'I'INAE
1279 258 1381 327 OUM
1403 258 1657 333 ANTOEOTO.
2064 268 2130 336 874

109 447 195 512 euim
217 444 336 531 (iacuit
352 441 435 508 idem
446 440 631 540 Apostolus)
654 445 697 509 ad
717 444 791 511 haec
807 444 960 512 idoneus?
981 449 1016 509 ut
1036 447 1092 527 qui
1144 451 1284 527 oeudur,
1304 447 1463 513 undenam
1483 450 1558 530 ipso
1578 450 1732 533 oripinem
1753 450 1932 533 habuerint,
1959 474 2036 519 num
2057 456 2129 523 illis

109 553 150 598 nc
169 532 305 616 ospitare
326 528 453 612 quidun
481 528 607 610 aliquid
627 550 667 594 eo
688 531 794 612 nobs,
816 533 911 615 quasi
932 551 970 596 ee
991 532 1090 612 nobis,
1143 551 1202 596 nos
1215 533 1439 614 qnudammodo
1442 536 1650 617 principium,
1657 557 1733 600 num
1742 537 1913 619 fouendum
1923 539 2128 607 dederimus?

110 637 215 769 lhi-
238 614 436 767 ⁶th³⁶⁶i⁶⁶⁶3
449 613 1092 787 1ιῖῗῖρέέῖιὲἭῶᾎὲ
1142 617 1816 788 hhblt'ttmttlhtttt.
1837 622 2017 775 '‘335th
2042 648 2125 709 ⁶⁶⁶⁶

111 795 178 855 lam
198 788 326 872 inprodi
351 788 395 853 ad
421 786 595 852 dcundum
615 807 733 854 munus
753 755 863 870 buum,
891 795 919 856 et
945 790 982 853 in
1003 810 1035 854 eo
1057 809 1091 856 se
1142 789 1286 856 mamus
1303 796 1377 870 [pag.
1400 726 1527 870 1315st
1539 793 1738 875 principium
1757 730 1886 874 dedisqsc,
1908 796 1986 877 quia
2001 732 2127 865 riueblbnbb

111 876 294 942 ministmcm
319 871 457 953 fideles»,
483 892 521 938 ac
546 873 695 938 idoneum
720 877 894 941 ostendere:
917 875 972 958 qui
993 874 1091 940 simu
1142 874 1305 942 haerescos
1326 877 1392 959 ipsi
1413 882 1538 943 autores
1557 877 1695 960 fuiruus,
1717 885 1818 947 tamen
1840 901 1938 962 quum
1952 903 2125 964 pmoersae

108 962 213 1029 'ducre
234 964 310 1039 [pag.
331 963 383 1037 10]
398 958 510 1041 potuit,
532 959 570 1024 de
590 960 766 1025 ministerio
788 982 846 1028 suo
867 962 1008 1044 bouem:
1031 961 1091 1026 Ni-
1142 963 1181 1028 de
1200 960 1263 1042 fide
1291 963 1472 1043 sestertias,
1499 967 1650 1045 tanquam
1671 986 1780 1046 cepres
1808 968 1964 1047 medam
1985 970 2064 1048 sint,
2094 972 2124 1034 et

112 1046 160 1112 lul
179 1045 261 1112 mihi
281 1045 425 1143 caucius
443 1064 529 1142 sum·
563 1043 665 1110 Nobis
685 1067 756 1112 uero
777 1049 841 1128 qui,
863 1051 894 1114 si
914 1068 1021 1113 oerum
1040 1047 1091 1130 fa·
1142 1047 1262 1129 spinae,
1284 1049 1417 1129 quaein
1435 1069 1511 1132 apro
1528 1049 1671 1129 Domini,
1692 1053 1748 1132 qui
1769 1052 1859 1117 nobis
1880 1053 2026 1118 colendus
2043 1074 2124 1119 conc·

112 1133 172 1199 teri
191 1131 349 1209 uolumus,
377 1130 474 1196 aliter
492 1131 594 1196 dicere
614 1152 676 1196 uon
694 1153 880 1215 possumus,
902 1134 981 1216 quin
1001 1132 1090 1198 nobis
1141 1134 1308 1199 mendatus
1325 1139 1379 1213 est,
1401 1139 1487 1199 ortae
1503 1139 1593 1214 sunt,
1616 1137 1676 1200 etsi
1692 1137 1769 1202 illoc
1786 1138 1912 1218 quidem
1928 1158 1990 1203 sua
2006 1145 2123 1221 mame,

113 1220 229 1285 ooumii
255 1219 358 1283 simus
383 1217 421 1280 in
447 1217 700 1283 admircistroudo
722 1239 849 1284 munere
876 1220 966 1285 nobis
991 1220 1090 1298 hope
1141 1223 1177 1283 ut
1193 1219 1290 1284 solent
1306 1219 1480 1302 aliquando
1496 1221 1627 1285 uitiosae
1644 1221 1763 1301 herbae,
1776 1222 1996 1303 pullularunt:
2019 1229 2124 1291 tamen

113 1306 181 1383 silo,
202 1305 240 1368 in
262 1302 420 1384 plurimis
442 1303 604 1384 defecisse:
624 1308 653 1366 et
671 1303 785 1369 horum
808 1306 904 1370 etiam
924 1304 1090 1384 malorum,
1141 1306 1197 1386 out
1218 1325 1281 1370 non
1300 1305 1397 1371 coluit
1417 1325 1508 1388 quem
1523 1304 1628 1372 debuit
1644 1327 1768 1390 aarum,
1789 1309 1927 1390 quinon
1947 1310 2123 1389 seminavit,

114 1391 157 1458 od
184 1409 267 1472 quae
292 1389 479 1471 corripenda
505 1407 664 1468 vocamur,
696 1410 758 1455 non
779 1392 914 1456 minimo
935 1410 974 1455 eu
996 1395 1090 1473 parte
1141 1391 1198 1472 qui
1214 1390 1410 1472 pullulantes
1435 1411 1495 1472 per
1514 1411 1548 1455 sc
1574 1412 1634 1456 uon
1663 1394 1770 1457 statim
1791 1414 1901 1459 curam
1922 1393 2067 1460 adhibuit
2086 1400 2124 1460 ut

113 1495 244 1545 mam
265 1474 435 1540 erudisse:
462 1494 524 1538 non
544 1475 625 1539 satis
644 1480 689 1539 cst
709 1476 760 1541 hic
779 1477 883 1560 fateri,
905 1477 947 1542 ad
968 1481 1091 1540 tantum
1141 1477 1336 1557 custhparet,
1358 1496 1422 1541 non
1438 1477 1545 1542 minus
1561 1477 1688 1559 quidun
1698 1480 1896 1560 principium
1912 1479 1979 1544 illis
1999 1480 2124 1547 deduce

114 1559 1090 1726 111111111111111111111111111111
1141 1562 1910 1731 tttlhtehmlttithmttt
1930 1566 2123 1717 ethic

115 1732 292 1800 dauramia
312 1751 377 1797 esse
392 1730 579 1813 possimus?
618 1730 709 1797 Idem
724 1753 871 1813 prorsus,
894 1734 977 1816 quod
1001 1732 1090 1798 Chri·
1142 1739 1222 1811 eant,
1244 1738 1273 1798 et
1293 1734 1515 1799 incrementum
1543 1731 1683 1798 habeant.
1728 1671 1887 1819 Haibrerpo
1907 1756 1941 1801 se
1961 1736 2050 1816 ipsos
2070 1756 2122 1802 eu-

115 1824 182 1885 stue
202 1820 273 1903 ipse
292 1818 454 1900 episcopus
475 1817 658 1882 animarum
685 1824 867 1884 nostrarum
882 1819 967 1901 fecit,
993 1840 1091 1901 quma
1141 1820 1270 1899 cutiont,
1291 1820 1440 1901 quisunt
1460 1819 1617 1903 aemulae
1638 1820 1674 1883 in
1695 1840 1770 1903 apro
1792 1819 1939 1901 Domini,
1968 1823 2122 1887 conscicn-

114 1905 196 1971 une
219 1904 265 1970 ad
289 1903 487 1985 fundandam
514 1907 543 1966 ct
568 1902 770 1982 formandam
791 1905 968 1970 Ecclesiam
989 1925 1089 1970 suam.
1141 1906 1221 1968 tiam
1245 1924 1341 1969 suom
1361 1905 1562 1987 ircterropent‚
1589 1924 1648 1986 quo
1676 1905 1766 1970 modo
1787 1907 1825 1970 in
1846 1926 1880 1971 eo
1901 1907 2040 1984 mundo,
2062 1927 2122 1989 quo

117 1989 205 2058 Idem
229 2009 321 2068 sane,
345 1987 472 2067 Patres,
503 1988 684 2068 fociecdum
705 1991 765 2054 erit
789 1990 892 2070 nobis,
914 1991 996 2073 quod
1017 1992 1090 2072 ipso
1142 1991 1231 2056 modo
1258 1991 1293 2054 in
1320 1991 1502 2055 seminando
1528 1991 1743 2072 secesserint.
1797 1992 1884 2073 Quod
1912 1993 1967 2073 qui
1992 1992 2123 2074 fecerint

114 2076 274 2159 amomo
296 2073 408 2139 Patris
427 2073 515 2155 fecit,
537 2094 633 2154 quum
655 2077 739 2140 uenit
758 2081 795 2139 ut
814 2077 929 2142 multos
947 2076 1034 2158 filios
1055 2078 1090 2141 iu
1142 2076 1194 2140 his
1219 2077 1411 2158 praesertim
1442 2075 1647 2158 temporibus,
1676 2077 1791 2157 quibus
1821 2079 2013 2159 paucissimi
2045 2097 2121 2162 apro

113 2163 246 2248 planiam
263 2160 442 2226 adduceret:
458 2159 493 2223 id
510 2160 594 2241 quod
610 2160 698 2224 nobis
708 2162 782 2224 item
792 2163 991 2244 propositum
1008 2183 1091 2228 nunc
1142 2160 1276 2226 Domini
1303 2161 1425 2226 colendo
1452 2161 1647 2240 incumbunt,
1679 2182 1741 2225 nou
1773 2163 1906 2228 noudum
1934 2162 2121 2249 (credimus)

114 2268 179 2315 csse
203 2247 296 2313 debet.
340 2245 379 2310 Is
405 2245 489 2310 euim
516 2266 614 2327 quum
640 2266 806 2329 oppressos
827 2249 965 2330 pcccatis
985 2269 1091 2327 omncs
1142 2247 1340 2325 dubitabunt,
1371 2267 1449 2310 num
1481 2247 1524 2312 ad
1555 2248 1642 2329 ipsos
1669 2247 1902 2330 pccdulantium
1926 2251 2054 2328 passim
2085 2250 2122 2316 in

113 2334 290 2412 invasisset,
312 2332 420 2397 annio
441 2332 583 2395 omnium
600 2337 729 2411 peccota
749 2334 785 2398 in
806 2354 839 2398 sc
860 2335 967 2414 ipsum
987 2339 1090 2399 trans·
1141 2339 1217 2411 [pag.
1239 2337 1291 2411 14]
1320 2331 1465 2398 Ecclesia
1498 2331 1663 2397 haeresm
1693 2333 1789 2414 culpo
1817 2335 1984 2415 pertineat.
2033 2334 2123 2400 Haec

113 2420 200 2499 natu,
226 2439 321 2500 seque
346 2437 445 2483 uuum
465 2422 538 2482 ante
558 2415 665 2482 Deum
686 2437 749 2498 pro
774 2419 1038 2499 centauream,
1061 2425 1090 2484 et
1141 2439 1213 2485 uero
1240 2417 1386 2483 moerendi
1414 2421 1535 2483 tontum
1559 2438 1657 2482 muso
1684 2418 1769 2484 dicta
1800 2421 1881 2485 satis
1905 2420 1970 2484 sint
1996 2421 2034 2484 de
2060 2419 2121 2501 his,

114 2508 270 2572 mantem
302 2507 377 2583 [pag.
403 2507 456 2582 11]
477 2503 650 2582 constituit,
679 2523 716 2567 oc
739 2524 876 2583 poenam
896 2506 985 2570 nobis
1005 2506 1088 2570 debi-
1141 2524 1223 2588 quac
1244 2505 1288 2570 ad
1303 2503 1450 2585 primum
1477 2509 1572 2585 caput
1592 2505 1760 2584 pertinent.
1812 2505 1983 2570 Veniamus
2009 2505 2051 2570 ad
2073 2525 2121 2571 se-

112 2596 176 2657 lam
196 2590 359 2670 mutinuit,
379 2593 532 2671 tanquam
553 2590 659 2653 annia
682 2590 822 2673 tlapitia,
851 2596 880 2656 et
899 2592 1007 2657 omnia
1025 2612 1089 2657 sce·
1141 2590 1292 2668 cundum,
1320 2590 1402 2671 quod
1423 2590 1549 2671 lapsam
1570 2609 1694 2655 nurum
1715 2591 1933 2671 disciplinam,
1954 2595 1983 2655 et
2003 2590 2123 2656 abusus

112 2678 188 2755 bra,
207 2696 290 2758 quae
310 2695 368 2740 nos
387 2675 649 2754 commiseramus,
670 2675 739 2756 ipse
760 2678 970 2757 commisisset,
992 2697 1090 2759 quma
1142 2677 1192 2759 (ut
1213 2676 1337 2759 nocam)
1364 2675 1582 2755 complectitur.
1635 2675 1700 2742 Hie
1727 2696 1799 2741 vero
1827 2675 1911 2742 nihil
1936 2677 2044 2741 attinet
2063 2676 2123 2741 diu

113 2768 216 2830 tamma
236 2762 279 2828 ab
300 2762 384 2829 omni
406 2761 473 2827 labe
495 2762 616 2843 peuceti
632 2761 831 2842 purissimus
851 2767 945 2827 esset:
974 2764 1090 2845 quippe
1141 2762 1342 2845 inuestipore,
1370 2761 1502 2842 quinam
1534 2765 1690 2826 tantorum
1716 2762 1873 2826 rumorum
1902 2766 2027 2827 arctorcs
2053 2762 2122 2843 tue·

111 2851 352 2932 auipecoatum
377 2845 553 2928 confecit,
584 2866 681 2928 neque
708 2868 849 2928 uinquam
874 2850 1018 2914 inventus
1044 2853 1090 2913 est
1141 2848 1223 2926 rint,
1252 2867 1363 2929 quum,
1385 2852 1515 2927 praeter
1534 2866 1593 2911 uos
1621 2848 1720 2928 ipsos,
1742 2868 1782 2913 ne
1807 2848 1970 2912 nominare
1995 2848 2122 2930 quidem

111 2934 203 3003 dalccs
221 2934 260 2998 in
280 2954 333 2999 ore
353 2934 430 2998 eius.
478 2931 569 3013 Quod
589 2952 660 2996 cero
684 2931 838 3014 Christus,
852 2955 916 3016 pro
935 2936 1089 3000 immenso
1140 2933 1242 2998 ullum
1270 2933 1373 2998 alium
1405 2937 1545 2997 autorum
1566 2933 1736 3013 possimus.
1790 2933 1897 3014 Quare
1927 2933 1969 2998 ad
1996 2934 2122 2999 tertium

110 3042 173 3087 cua
192 3019 326 3087 aarum
346 3040 422 3103 erpa
442 3017 549 3084 Deum
568 3023 711 3099 patrem
739 3025 769 3083 et
785 3040 845 3102 pro
869 3021 1090 3086 misericordia
1141 3019 1339 3097 accedamus,
1367 3018 1450 3099 quod
1475 3018 1697 3098 impedimenta
1718 3018 1814 3100 pacis
1842 3018 2001 3084 Ecclesiae
2027 3020 2062 3082 in
2087 3038 2121 3086 se

111 3128 186 3193 erpo
206 3110 351 3171 nostrum
366 3125 467 3188 penus
485 3104 565 3186 fecit,
588 3103 645 3168 hoc
665 3124 756 3183 nunc,
779 3111 814 3169 ut
834 3107 899 3188 ipsi
919 3107 1088 3188 faciamus,
1140 3105 1286 3171 continet:
1307 3104 1418 3186 qualia
1438 3108 1512 3167 sunt
1533 3124 1627 3168 araca
1647 3104 1695 3169 oel
1715 3104 1891 3183 domutica,
1914 3103 1962 3167 oct
1983 3109 2120 3168 externa

111 3192 238 3259 iustitia
260 3192 334 3273 ipso
353 3211 375 3255 o
396 3190 485 3255 nobis
504 3191 641 3273 flacitat,
669 3196 706 3254 ut
727 3193 868 3256 omnium
889 3192 1001 3258 horum
1021 3213 1088 3258 ma-
1141 3190 1230 3256 Haec
1251 3191 1335 3254 enim
1355 3189 1546 3270 iampridem
1567 3209 1680 3268 pacem
1702 3188 1861 3254 Ecclesiae
1885 3188 2120 3271 perturbarunt,

109 3278 223 3353 hrum,
244 3276 359 3358 quibus
376 3297 454 3359 pre-c
477 3274 600 3340 Christi
613 3281 658 3340 est
674 3296 848 3358 oppressus,
869 3298 928 3342 nos
944 3284 1090 3359 pastores
1140 3281 1171 3341 et
1197 3275 1299 3341 adhuc
1320 3275 1521 3357 perturbant.-
1546 3274 1584 3338 de
1610 3274 1724 3356 quibus
1750 3274 1804 3340 hoo
1832 3278 1954 3338 tantmn
1974 3274 2120 3356 dicimus,

111 3382 218 3433 mm
237 3362 393 3429 tribunali
411 3362 647 3427 misericordiae
669 3362 734 3428 Dei
759 3384 829 3428 reos
850 3366 1090 3429 coudduamus:
1139 3363 1171 3427 si
1197 3362 1293 3443 (quod
1315 3360 1406 3425 Deus
1430 3360 1499 3439 ipsc
1526 3361 1711 3425 certissimis
1736 3360 1838 3442 siquis
1868 3360 2013 3442 ostendit)
2046 3359 2122 3426 hacc

110 3456 204 3533 olam
237 3449 381 3513 omnium
411 3452 543 3528 peccata
571 3449 607 3512 iu
639 3469 696 3514 nos
728 3449 814 3530 ipsos
845 3471 908 3515 nou
935 3455 1001 3514 tom
1020 3452 1088 3530 pie,
1140 3468 1233 3512 amna
1248 3446 1374 3530 flocello
1395 3447 1465 3511 eius
1483 3450 1564 3526 auru,
1581 3446 1695 3528 ouibus
1714 3465 1771 3511 nos
1792 3447 1923 3529 affliyit:
1945 3446 2023 3527 quio
2044 3445 2120 3511 duo-

109 3555 207 3620 quam
233 3536 315 3600 iuste
338 3534 573 3615 transferentes,
603 3534 680 3616 quia
706 3555 741 3598 re
762 3556 837 3599 oero
859 3536 972 3600 horum
992 3536 1089 3601 malo
1140 3554 1214 3598 rum
1236 3534 1385 3615 priorum
1411 3532 1550 3611 capium
1569 3532 1618 3597 rei
1639 3551 1764 3606 sumus,
1793 3533 1829 3596 in
1850 3531 1965 3612 quibus
1985 3552 2043 3597 nos
2064 3551 2118 3596 ec-

108 3642 184 3689 cum
203 3641 323 3704 nmpna
344 3640 384 3685 ec
398 3624 493 3702 parte
512 3639 571 3685 nos
588 3639 687 3685 causo
704 3640 822 3700 summ,
845 3622 987 3687 divinam
997 3622 1088 3686 mise-
1141 3620 1249 3685 cusari
1277 3637 1342 3683 non
1358 3637 1546 3700 possumus:
1579 3618 1675 3683 etiam
1695 3617 1808 3682 hmum
1837 3637 2001 3683 amorium
2017 3637 2114 3699 proe-

108 3708 286 3773 ricordiam
312 3727 374 3788 per
406 3705 514 3770 Iesum
548 3704 709 3771 Christum
740 3706 951 3786 imploremus.
1000 3708 1088 3788 Quod
1139 3707 1269 3785 cipuam
1290 3724 1347 3769 nos
1367 3723 1497 3769 cousom
1517 3724 1590 3784 esse,
1608 3723 1721 3787 nepore
1737 3723 1799 3768 non
1808 3723 1990 3786 possumus.
2018 3702 2120 3768 Eius·

108 3813 182 3859 cero
201 3793 340 3859 dicimus
360 3811 417 3856 nos
433 3797 579 3874 pastores
603 3792 655 3856 his
675 3792 784 3872 molis,
811 3794 925 3875 quibus
946 3792 1089 3860 Ecclesia
1140 3791 1225 3855 modi
1249 3810 1322 3855 oero
1350 3788 1490 3873 flecma,
1518 3788 1623 3855 Deum
1651 3789 1688 3854 ob
1709 3809 1779 3854 cam
1799 3808 1931 3855 causam
1951 3789 2118 3854 immittere

109 3884 157 3946 eet
181 3898 349 3977 oppressa,
383 3897 514 3976 oausam
540 3878 677 3957 dedisse,
700 3879 731 3942 si
755 3880 828 3960 quis
849 3878 904 3944 hoc
926 3880 1035 3945 acrius
1061 3884 1090 3943 ct
1139 3895 1313 3975 censemus,
1341 3880 1458 3974 utuos
1473 3881 1648 3974 peccantes*
1664 3876 1808 3973 castipet:
1836 3880 1911 3973 [pag.
1933 3878 1983 3952 15]
2007 3880 2118 3970 ctpcc-

108 3964 1088 4133 thffllfflhih'ldhh'sshh'timii
1138 3967 1320 4114 ,thebe
1337 3960 1668 4128 &limbi
1684 3981 1758 4112 th
1768 3959 2119 4128 ttfflhtltte

109 4156 183 4201 mm
192 4136 397 4217 erperientia,
418 4156 499 4217 quac
518 4137 646 4200 mentiri
662 4156 726 4200 non
742 4141 851 4217 potest,
872 4136 1086 4218 comprobabit.
1140 4133 1378 4210 animaduertit,
1412 4132 1526 4213 quibus
1558 4134 1661 4198 modis
1691 4131 1835 4197 Ehclesio
1863 4149 2025 4194 armorum
2053 4131 2118 4193 oio·

111 4221 336 4305 Respiciamus
364 4241 436 4305 erpo
456 4221 629 4302 paululum
657 4222 700 4286 od
733 4223 805 4302 ipsa
837 4222 939 4301 mala
973 4221 1087 4304 quibnrs
1139 4220 1236 4284 lentio
1262 4223 1375 4283 cecata
1394 4218 1502 4299 fuerit,
1529 4238 1632 4283 secum
1653 4219 1722 4299 ipsc
1753 4216 1930 4292 consideret,
1962 4234 2118 4294 quaenam

110 4307 258 4374 Ecclesia
283 4308 489 4391 opprimitur,
519 4327 556 4372 oc
580 4307 677 4371 simul
704 4308 798 4372 etiam
825 4309 867 4373 od
893 4313 1002 4373 nacho
1019 4327 1089 4389 pec·
1141 4306 1200 4370 illa
1226 4305 1306 4383 sint,
1333 4304 1370 4368 in
1390 4303 1505 4383 quibus
1520 4306 1693 4387 praecipue
1714 4301 1871 4379 Dades-io,
1893 4305 2025 4380 propter
2044 4301 2119 4380 ipsa

109 4400 189 4460 cata
239 4392 304 4459 Sed
333 4395 408 4475 quis
432 4392 507 4459 haec
534 4413 700 4458 hummare
727 4394 853 4458 ualeat?
883 4415 962 4475 quae
991 4393 1090 4458 simul
1140 4411 1241 4469 omna,
1262 4390 1480 4454 detrimentum
1499 4391 1657 4472 patiatur.
1703 4389 1770 4454 Nec
1792 4407 1864 4451 ocro
1884 4385 1934 4451 hic
1955 4385 2057 4466 refert,
2078 4386 2118 4451 de

110 4500 182 4547 um
220 4480 357 4561 reliquis
392 4479 488 4544 molis
525 4479 725 4544 multitudine
768 4484 919 4561 superant
957 4499 1089 4544 oronam
1140 4496 1273 4559 quorum
1294 4476 1396 4540 armis
1417 4474 1592 4556 uquamur,
1615 4477 1681 4540 sice
1702 4475 1741 4541 de
1763 4472 1921 4537 intestinis
1938 4476 2118 4536 rwstrmum

110 4566 225 4644 maris,
240 4570 272 4630 et
289 4585 389 4647 usque
410 4566 453 4631 ad
473 4566 590 4664 coelum
608 4566 753 4630 emmanu.
791 4565 1089 4631 Girucmscribomus
1143 4562 1344 4660 Principum,
1373 4561 1440 4625 sive
1459 4561 1504 4659 'dc
1531 4562 1668 4626 emonis
1693 4560 1871 4659 Eumaeum
1898 4558 2013 4655 armes,
2037 4576 2117 4638 quac

112 4651 1090 4820 mhmlhltthhhthhldltldb
1140 4642 1994 4828 teletttthwtottltttth
2010 4645 2118 4810 tit

113 4823 273 4889 uidendis
298 4828 345 4888 est
367 4828 520 4903 occatum
547 4844 585 4888 ea
611 4824 865 4904 circumscripsit.
911 4822 992 4889 Surct
1018 4842 1090 4889 vero
1142 4839 1215 4885 rum
1237 4820 1460 4898 discesserunt,
1490 4819 1626 4900 etipsos
1644 4838 1667 4882 o
1685 4818 1756 4882 suis
1777 4815 1903 4881 sedibus
1923 4815 2116 4897 ecpulount.

114 4906 171 4973 illa
189 4911 274 4991 trio,
295 4930 377 4991 orcae
396 4929 496 4991 supro
517 4911 830 4990 comonemorooimus,
850 4910 1000 4989 haereses,
1023 4909 1091 4990 lap
1143 4906 1212 4973 Hoc
1237 4905 1321 4969 mim
1346 4905 1528 4969 summatim
1556 4904 1692 4970 dicimus
1713 4903 1751 4968 de
1772 4903 1858 4968 omm
1882 4921 1991 4984 penem
2011 4921 2116 4966 armo-

117 5011 184 5059 ccm
207 5016 336 5061 moriem
364 4996 582 5077 disciplinam,
610 5001 640 5061 et
664 4997 849 5061 intestinum
875 5001 966 5077 atquc
993 5001 1091 5060 eeter-
1141 5012 1230 5071 rum,
1257 4992 1288 5056 si
1309 4990 1366 5072 qui
1386 4990 1447 5054 illa
1469 4994 1577 5056 contra
1597 5010 1654 5055 nos
1674 4992 1863 5067 traducunt,
1892 5007 1914 5051 a
1940 4988 2010 5052 suis
2029 4986 2119 5052 eccle-

117 5099 189 5145 mmc
218 5080 342 5148 bollm
387 5082 453 5146 Hic
489 5101 560 5165 erpo
591 5081 756 5146 oidearrms
793 5087 822 5146 et
852 5081 1090 5158 consideremus,
1142 5079 1203 5143 siis
1226 5081 1374 5160 pastores
1409 5075 1578 5160 fecarunt,
1609 5076 1737 5142 ordines
1768 5073 1985 5156 contuderunt,
2020 5072 2118 5137 laicos

119 5183 209 5247 Μ
238 5171 307 5235 iam
337 5167 447 5234 multis
471 5169 568 5233 aunis
598 5167 744 5234 Ecclesia
775 5167 827 5232 his
858 5167 1092 5235 calamitatibus
1142 5170 1247 5230 autem
1279 5165 1315 5229 iu
1345 5161 1561 5244 morum
1589 5163 1691 5229 ionem
1723 5161 1924 5315 ⁶⁶⁶⁶}st
1957 5157 2136 5301 Ecclesiac
