4620 5894
144 247 209 313 707
438 316 441 323 ,
1054 240 1259 311 ΒΕΒΥΕΤῙ
2107 244 2163 309 7778

141 432 234 515 ficere
259 430 476 499 homicidam?
525 432 609 499 Olim
635 432 672 499 id
698 432 820 513 lieehot,
849 432 947 499 Num
970 434 1025 497 35.
1069 432 1127 497 Au
1177 430 1360 497 latronibus.
1409 428 1619 495 Destruemus
1656 430 1756 515 707700
1792 430 1939 497 civitates
1978 434 2010 495 et
2035 429 2159 497 domos?

143 518 359 585 iudicabimus
390 518 510 603 00001)
542 520 581 585 de
617 518 772 585 uxoribus
805 518 1048 601 superinductis,
1087 519 1126 582 de
1178 516 1280 582 Absit.
1305 514 1361 581 Ee
1382 516 1510 581 iniuria
1530 516 1634 581 oritur
1652 517 1717 597 ius,
1738 516 1824 600 0007
1842 536 1909 582 000
1930 522 1979 583 est
1994 520 2163 599 00000700,

142 604 280 685 00077770,
300 604 518 687 7007070070,
536 606 734 689 7000070707)
753 605 884 683 7000070,
903 603 1124 687 70Ῑο0770707
1178 602 1248 668 77007
1267 622 1306 668 ee
1321 602 1443 685 peceati
1464 600 1623 667 occasione
1642 607 1801 670 nascatur.
1815 602 1841 684 ¹)
1863 602 1922 669 170
1939 608 2066 684 peccam
2084 602 2162 683 filio·

143 688 258 757 Deleta
279 695 323 755 est
348 693 411 755 tota
431 690 491 755 illa
513 690 764 773 71007ορ07770,
785 694 821 754 ut
840 710 904 755 nou
925 689 1015 755 liceat
1035 688 1126 755 nohis
1177 709 1250 753 rum
1285 687 1392 753 Israel
1419 688 1486 771 suit
1510 691 1617 770 potero
1646 708 1764 773 repom
1802 694 1832 754 et
1857 688 2073 754 nihilominus
2098 688 2162 754 0700

101 788 105 795 ’
144 796 285 859 eaquae
305 774 460 840 destructa
481 782 557 841 sunt
576 776 787 858 reaedificare,
811 780 884 841 teste
907 774 1019 842 Paulo.
1056 774 1126 839 Lea
1171 778 1298 855 peceato
1329 774 1402 855 0070
1433 773 1478 839 07
1509 794 1639 857 000000
1664 774 1866 859 machere)
1912 774 1987 839 Ima
2003 778 2161 855 00000070

139 880 242 945 puero
263 866 321 927 aut
351 880 439 926 seruo
465 862 541 927 data
573 868 687 941 cesset,
720 861 775 926 uhi
802 882 842 927 00
867 882 954 926 servo
978 862 1016 941 fat
1037 860 1124 939 77700,
1177 865 1264 939 00007,
1286 879 1377 941 0000
1397 864 1539 925 0000700
1560 860 1606 926 07
1620 862 1710 1030 00007
1725 864 1783 927 aut
1798 862 2014 945 mapistratus
2031 860 2161 925 070707-

144 952 202 1014 aut
222 968 244 1012 a
259 968 361 1029 puero
382 948 499 1012 transit
519 949 556 1013 70
575 949 689 1026 uirum,
716 968 738 1012 0
753 948 935 1031 0000700007
956 952 985 1010 07
1005 945 1126 1011 donnini
1176 946 1367 1024 0700770000,
1389 948 1652 1027 0000000000,7
1687 946 1720 1013 07
1735 966 1774 1011 ca
1790 947 1901 1013 oiosit
1918 943 2159 1013 uomeuChristi

138 1034 265 1117 prioris
296 1038 455 1115 exemptus
475 1038 634 1113 potestate
682 1032 721 1099 77
742 1034 899 1099 iudicium
922 1032 1004 1099 illud
1025 1030 1125 1113 iufer-
1170 1036 1385 1115 promoturus.
1421 1030 1586 1097 Peccatum
1606 1033 1704 1097 07700
1723 1030 1862 1099 subditis
1883 1036 1975 1113 esset,
1998 1032 2081 1098 00770
2098 1030 2160 1114 0007

144 1120 232 1185 00770
252 1118 370 1199 unitis,
391 1119 428 1184 in
448 1118 559 1185 Adam
573 1119 741 1202 prolatcun,
764 1124 809 1183 est
823 1138 886 1199 per
909 1117 1070 1183 Christum
1090 1117 1126 1180 iu
1177 1116 1307 1185 ohedirc.
1353 1114 1429 1183 Non
1448 1122 1524 1183 sunt
1551 1118 1604 1183 illi
1630 1124 1721 1185 cntra
1745 1118 1922 1197 00700700,
1958 1138 2060 1201 0000
2086 1118 2161 1182 inter

144 1204 336 1271 credecctibus
356 1203 525 1285 00770700,
546 1204 642 1271 00770
663 1205 768 1288 atrapis
779 1205 934 1271 tolluntur
947 1204 1006 1269 7770
1021 1202 1126 1268 Masis
1178 1203 1322 1269 ecclesiae
1339 1200 1478 1269 membru
1493 1206 1672 1289 numerat⁴)
1688 1203 1813 1271 Paulus
1822 1208 1999 1286 potestates
2014 1208 2045 1269 07
2059 1203 2161 1287 0070·

144 1292 189 1357 07
209 1295 336 1355 mortem
357 1291 487 1370 iudicia,
509 1292 553 1356 07
574 1296 694 1373 tenpus
715 1291 912 1355 correctionis
932 1290 1036 1373 070000
1051 1308 1125 1371 000
1178 1286 1545 1366 natmcs‚1.Cor.12.
1592 1290 1693 1374 770000
1714 1290 1780 1355 0077
1805 1290 1849 1355 07
1870 1290 2067 1373 0007770000
2087 1290 2159 1355 aeri·
2196 1312 2199 1323 ·

143 1376 219 1443 darn
235 1376 374 1458 prolata.
418 1375 483 1441 Hic
504 1378 600 1453 07700,
628 1382 747 1459 quanta
768 1397 843 1459 0000
864 1395 920 1440 000
941 1377 983 1441 sit
1006 1374 1126 1441 Christi
1177 1376 1254 1442 tatis
1282 1375 1403 1453 000700,
1444 1380 1474 1440 07
1508 1375 1653 1459 0707700
1689 1382 1821 1460 0007000.
1875 1376 2044 1457 9000770
2071 1376 2160 1441 70007

143 1462 314 1528 sternentia.
360 1462 454 1527 Nihil
474 1463 528 1528 ille
548 1464 618 1528 0070
640 1482 701 1527 000
717 1463 877 1542 condonat,
905 1459 1126 1527 0000700007
1177 1461 1330 1541 muudus,
1359 1460 1491 1526 velimus
1517 1461 1669 1542 0077000,
1710 1463 1851 1547 00070ον
1883 1462 2031 1528 ordinem
2057 1459 2160 1527 00077

145 1546 284 1615 000770
316 1548 384 1613 cult
414 1549 616 1615 iudicialium
637 1550 780 1633 0700000.
826 1547 864 1612 st
891 1548 943 1611 cui
969 1548 1012 1612 sit
1036 1545 1126 1629 0077
1178 1566 1312 1613 0000000.
1347 1546 1497 1611 Iustitiae
1518 1552 1623 1613 00700
1644 1547 1916 1614 administratione
1938 1550 2086 1615 000700
2105 1566 2161 1613 ser·

145 1652 243 1717 0000
264 1632 352 1715 furto
383 1634 553 1714 00770700,
594 1656 656 1700 000
684 1632 846 1700 00000700
880 1633 1019 1715 accipiere
1052 1652 1127 1713 000-
1179 1637 1274 1698 autur
1302 1632 1377 1698 ordo
1403 1632 1524 1697 mundi.
1578 1633 1724 1715 Optimus
1749 1634 1803 1700 ilte
1840 1635 1919 1700 ordo
1948 1640 2010 1715 est,
2051 1630 2160 1717 quw)

145 1718 306 1799 druplum,
339 1724 396 1785 aut
414 1720 624 1803 quintuplum,
655 1726 689 1783 ut
717 1720 770 1785 700
791 1717 880 1784 hahet
900 1719 1034 1802 riporis:
1072 1716 1127 1781 007
1179 1720 1268 1785 intus
1287 1718 1371 1784 docet
1391 1720 1541 1800 00707700,
1569 1721 1626 1801 007
1652 1724 1682 1785 ct
1706 1720 1905 1786 reluctantem
1933 1740 2068 1786 caruem
2088 1716 2162 1785 cohi·

148 1825 208 1871 suo
225 1824 292 1869 esse
310 1808 489 1885 00070700,
512 1828 551 1871 oce
567 1826 636 1871 000
654 1805 761 1870 alieno
778 1806 902 1869 iactura
920 1804 1126 1887 700070707ον,
1179 1805 1248 1870 7000
1269 1804 1360 1870 (hcet.
1407 1804 1470 1870 Sed
1490 1805 1647 1887 0000077
1667 1806 1827 1871 occidere?
1873 1804 2004 1871 Veritas
2027 1806 2096 1872 Dei
2113 1808 2158 1882 07,

147 1896 177 1956 07
196 1911 235 1955 ne
257 1890 351 1956 077007
371 1890 479 1973 faciat,
499 1893 581 1974 0007
602 1891 666 1957 0777
686 1892 757 1961 hori
778 1890 906 1972 007077)
943 1890 997 1954 770
1021 1888 1128 1955 Chris·
1179 1896 1214 1955 ut
1235 1892 1380 1973 superior
1401 1891 1485 1956 docet
1505 1891 1646 1973 epistola,
1667 1892 1809 1976 0707700
1827 1890 1910 1957 illud
1932 1892 1979 1957 07
2002 1896 2081 1973 [pag.
2095 1893 2160 1968 tot]

146 1981 199 2041 tus
224 1977 309 2041 70007
337 1979 515 2059 compendio
540 1977 629 2043 00770
654 1978 801 2043 conclusit
830 1977 999 2042 7077070770
1020 1975 1128 2040 aurinia
1179 1981 1307 2043 mortem
1338 1976 1494 2043 iudicium
1526 1998 1592 2042 esse
1614 1997 1676 2057 per
1704 1976 1865 2043 Christum
1891 1979 2083 2059 remissum,
2114 1975 2160 2041 uhi

146 2062 232 2147 70070,
253 2067 290 2126 ut
310 2083 368 2128 nos
388 2064 454 2146 ipsi
474 2066 575 2130 nostri
595 2065 716 2129 iudices
736 2064 848 2141 07000,
868 2063 1017 2146 facientes
1040 2061 1127 2139 aliis,
1179 2083 1251 2145 spes
1271 2068 1317 2127 est
1336 2063 1543 2127 correct-ionis.
1588 2062 1676 2129 Hinc
1695 2063 1860 2128 adulterae
1880 2064 1985 2129 dice:
2023 2064 2160 2143 7707007

146 2154 183 2213 07
203 2148 293 2213 00770
312 2148 386 2229 fieri
408 2150 562 2216 00770000.
591 2149 648 2214 Α7
668 2149 798 2214 000700
819 2150 955 2227 modum,
977 2154 1013 2211 ut
1032 2146 1128 2229 refert
1173 2148 1304 2232 posthac
1332 2168 1370 2213 ne
1391 2149 1579 2230 peccaoeris.
1639 2148 1684 2213 177
1715 2149 1795 2215 aliti
1826 2150 1963 2216 adiecit:
2005 2150 2060 2216 Nc
2092 2146 2160 2233 0077

147 2233 302 2299 Irenaeum
334 2234 433 2300 7773
465 2240 604 2318 000012
642 2236 678 2300 70
711 2234 839 2300 coucilia
872 2232 1128 2315 Ierosolpmitano
1178 2236 1317 2300 70700700
1335 2232 1392 2298 tihi
1410 2235 1574 2318 0007700007.
1609 2232 1711 2301 Sicuti
1731 2235 1829 2301 iudea
1850 2236 1905 2301 ille
1923 2255 2097 2319 00000000
2113 2252 2159 2300 noo

146 2321 340 2400 scripserunt
359 2322 500 2404 00077700
513 2321 654 2403 00007077,
677 2321 817 2385 70707070
834 2320 961 2385 occissis
977 2320 1012 2384 id
1030 2318 1129 2384 07000-
1179 2320 1315 2404 corripit,
1337 2324 1366 2384 et
1381 2325 1488 2399 monet,
1510 2325 1679 2402 antequam
1696 2322 1828 2387 ocoidatc
1850 2321 1898 2387 ita
1917 2326 1948 2391 07
1966 2323 2032 2389 0777
2051 2322 2160 2389 iudicet

145 2406 293 2486 000700,
313 2426 353 2469 ne
373 2407 452 2471 aliis
470 2408 570 2487 faciat
591 2406 668 2490 0077
676 2406 705 2487 ⁴)
728 2405 789 2470 sihi
808 2404 881 2485 fieri
903 2405 1009 2470 007707.
1041 2403 1128 2469 Η700
1177 2406 1281 2490 facem
1301 2404 1416 2473 707007.
1462 2406 1488 2471 Ι
1489 2406 1558 2472 llud
1578 2427 1687 2472 acrum
1708 2412 1762 2487 007,
1790 2408 1874 2490 0007
1895 2410 2088 2476 correctione
2107 2426 2159 2472 000

148 2489 277 2557 Paulas
298 2492 359 2567 cit,
387 2493 484 2556 otiam
510 2494 657 2557 orsini-mos
684 2492 720 2555 70
742 2490 868 2556 eeclesia
893 2511 959 2556 esse
988 2490 1031 2555 07
1058 2490 1128 2555 lites
1179 2496 1356 2575 exspectata
1386 2490 1553 2558 Ananiam
1574 2498 1602 2559 et
1625 2492 1800 2577 Sophiram
1826 2496 1943 2561 0007777
1966 2495 2095 2575 Petrus,
2122 2490 2160 2557 ihi

145 2577 230 2641 70700
241 2574 440 2642 Christianos
458 2584 532 2656 [pag.
546 2584 621 2657 655]
644 2577 841 2643 7707000700
859 2578 993 2654 7700000,
1013 2575 1129 2657 070000
1179 2579 1349 2644 morituros
1374 2579 1573 2659 praeditores,
1611 2580 1648 2644 iu
1685 2581 1831 2645 artusinis
1869 2581 2107 2647 damnationum
2138 2580 2161 2643 7

146 2661 278 2729 ethnicis
300 2668 356 2727 aut
376 2665 522 2729 mosaicis
544 2664 682 2729 iudiciis.
726 2662 874 2727 Dotnras
901 2668 945 2728 007
971 2661 1063 2727 Deus
1095 2665 1129 2725 ut
1180 2664 1318 2729 aliorum
1339 2665 1524 2745 00000700.
1568 2663 1637 2731 Aut
1657 2671 1749 2746 certe,
1779 2666 1857 2747 0070
1878 2667 2024 2747 spiritus
2044 2670 2161 2733 sanctus

146 2768 255 2814 00000
277 2748 436 2813 ecclesium
458 2748 574 2816 0770077
596 2750 722 2816 tandem
738 2748 910 2814 uideamus.
933 2748 959 2811 I
960 2748 992 2813 hi
1008 2767 1129 2828 suuper
1180 2756 1248 2815 700
1269 2751 1406 2815 inanime
1431 2751 1553 2833 070000,
1593 2771 1684 2833 quem
1711 2758 1910 2834 spreverant,
1950 2753 2081 2819 7000707
2105 2769 2161 2818 esre

147 2834 207 2899 erit
227 2840 344 2899 rectum
372 2836 540 2915 70770700,
569 2836 624 2900 077
650 2836 711 2900 erit
732 2835 867 2915 spiritus
887 2834 1028 2900 Domini.
1073 2832 1129 2897 Ea
1181 2836 1423 2919 incorripihiles,
1457 2839 1493 2901 in
1519 2837 1646 2903 malitia
1667 2836 1843 2903 0707700700.
1891 2838 1963 2905 Hoc
1985 2841 2106 2907 arianen
2124 2838 2161 2901 007

145 2920 278 2986 70770770
298 2920 365 2986 illis
388 2921 466 3006 lepis
486 2922 626 2988 rationes
651 2921 779 3001 aliquae
801 2920 1003 3003 0077000700,
1032 2922 1067 2984 07
1088 2920 1128 2984 70
1181 2926 1277 2988 morte
1304 2923 1490 3005 sinpliciter
1521 2923 1661 3006 770000,
1696 2929 1724 2988 07
1755 2925 1842 3006 0007
1867 2922 1989 3005 Deum,
2024 2931 2055 2992 07
2086 2920 2161 3007 apti

140 3010 311 3091 parentum
331 3008 537 3087 veteratione,
560 3008 598 3073 de
615 3028 649 3073 eo
676 3006 734 3088 007
755 3004 845 3071 70707
864 3026 995 3071 uxorem
1010 3006 1128 3087 patris,
1181 3009 1329 3073 homines.
1376 3007 1419 3072 In
1451 3008 1528 3073 atii-s
1559 3015 1664 3075 autern
1702 3009 1905 3091 criminibus,
1946 3012 2006 3077 uhi
2040 3011 2161 3094 spiritus

146 3092 185 3157 de
201 3092 323 3175 0700700
343 3094 471 3173 0707070,
502 3095 539 3158 70
566 3093 681 3159 damno
708 3092 787 3172 dato,
822 3097 852 3158 et
879 3092 964 3171 aliis,
995 3110 1130 3173 000000
1181 3099 1311 3161 sauctus
1332 3094 1467 3174 speciale
1487 3094 1565 3175 0077
1586 3116 1647 3161 non
1668 3096 1763 3174 70007,
1796 3095 1878 3180 itte)
1901 3116 1965 3162 000
1989 3103 2039 3164 007
2058 3100 2158 3163 tuuc

146 3180 230 3244 ratio
252 3179 389 3244 similem
410 3180 446 3244 in
468 3179 557 3245 00770
578 3180 677 3247 locum
697 3177 796 3243 hahet.
1182 3184 1255 3245 rata
1275 3179 1400 3245 malitia
1432 3185 1487 3246 aut
1508 3180 1672 3247 0707700770
1692 3186 1776 3247 certa
1785 3182 1813 3265 ⁷)
1841 3202 1906 3248 uon
1927 3189 2084 3267 apparet,
2115 3183 2161 3248 007

1182 3267 1330 3332 atrocitas
1350 3286 1483 3349 00000,
1510 3269 1726 3334 correctionem
1747 3288 1808 3350 per
1835 3268 1925 3335 07700
1947 3271 2161 3355 0007700770πο

1182 3372 1310 3435 sperare
1328 3354 1439 3434 potius
1459 3352 1618 3434 7070000,
1641 3374 1736 3435 0000
1757 3359 1885 3419 000700
1904 3356 2040 3437 inferre.
2085 3354 2160 3421 Ine

277 3433 511 3501 EPISTOLA
532 3434 762 3502 VIOESIMA
784 3434 999 3503 SEPTIMA.
1183 3439 1382 3504 correctiones
1403 3439 1552 3504 00077700
1574 3440 1752 3520 laudamus,
1776 3438 1904 3506 Christo
1926 3442 1976 3506 ita
1993 3443 2160 3523 prolatam,

1182 3530 1217 3589 nt
1239 3525 1508 3589 00000000700770
1525 3525 1680 3606 probatur
1700 3527 1736 3589 in
1756 3525 1894 3591 00070070.
1940 3526 2161 3594 Schismatoot

236 3606 357 3673 Incidit
382 3608 450 3671 iam
471 3608 610 3690 quaestio
633 3607 715 3686 alia,
742 3629 822 3689 0000
843 3609 1012 3689 plerosque
1038 3606 1131 3671 hoodie
1182 3611 1324 3675 haereses
1362 3610 1408 3675 770
1444 3610 1536 3676 initio
1563 3611 1777 3693 puniebantur
1808 3612 1947 3678 durante
1981 3615 2160 3696 apostolicae

148 3699 280 3776 torquet,
324 3714 368 3757 an
400 3692 519 3757 honuni
558 3693 731 3759 christiano
776 3694 866 3758 liceat
909 3695 1131 3776 0007000700
1182 3697 1364 3761 traditionis
1395 3697 1532 3780 00077070.
1579 3698 1641 3778 7707
1672 3702 1761 3762 cetra
1790 3697 1869 3777 fidoi
1902 3702 2068 3783 00007700
2098 3698 2159 3765 007

146 3800 267 3866 000000,
290 3799 392 3861 repent
413 3799 494 3857 0000,
516 3784 543 3844 07
565 3780 706 3843 occidere.
752 3779 892 3862 7077000
914 3780 998 3844 0070
1026 3780 1131 3844 oulen
1181 3783 1364 3866 facinorosi,
1403 3782 1474 3847 iure
1508 3784 1646 3847 omnium
1678 3783 1817 3865 pontium
1850 3787 2053 3865 puniuntur,
2091 3780 2160 3868 0007

148 3870 204 3932 700
235 3866 358 3930 hanccine
388 3864 572 3944 christiano,
613 3885 694 3945 0000
726 3886 764 3929 es
793 3870 918 3947 peccato
950 3869 1024 3929 0007
1053 3870 1128 3929 0070.
1182 3871 1276 3933 etiarn
1308 3873 1353 3933 est
1385 3868 1529 3933 00700070
1560 3869 1621 3933 ius.
1668 3868 1735 3935 Hoc
1764 3867 1913 3935 Christus
1944 3894 2013 3939 000
2043 3870 2160 3957 erepant,

151 3952 237 4034 Qcoid
263 3950 387 4036 7077007
432 3950 642 4016 Destrucmus
669 3952 776 4014 000070
818 3972 898 4033 quoe
934 3971 972 4014 00
1006 3956 1130 4032 peccato
1182 3956 1264 4019 sicut
1284 3954 1504 4020 leacrcditatcm
1531 3954 1671 4020 77077000
1691 3974 1841 4020 recinens
1861 3976 1925 4021 000
1947 3962 2084 4042 0000077,
2104 3972 2159 4023 esst

146 4038 246 4104 sunt?
292 4037 354 4119 (707
380 4036 435 4102 hoc
464 4038 512 4102 ita
533 4036 643 4116 credit,
670 4038 811 4102 70070007
832 4059 864 4101 00
885 4039 1007 4117 ipsum,
1034 4057 1131 4117 0000
1183 4040 1239 4122 007
1264 4040 1474 4105 7000077707εο
1494 4040 1678 4105 diuiderent.
1724 4040 1805 4105 Sient
1825 4042 1903 4108 7000
1925 4052 2061 4127 praeter
2081 4062 2158 4111 0000-

147 4145 262 4206 000000
290 4143 385 4187 sunem
423 4124 465 4187 077
492 4143 604 4204 eorpus
638 4124 768 4205 peceati.
818 4123 973 4188 Destruet
1004 4124 1130 4205 coelum,
1180 4127 1257 4210 00777
1277 4127 1504 4205 ministerium,
1542 4126 1623 4191 07007
1654 4126 1791 4206 artificia
1820 4129 1932 4208 caria,
1975 4153 2039 4197 000
2067 4134 2158 4198 contro

148 4210 231 4295 0007
247 4215 373 4293 peccato
395 4213 441 4273 est
456 4210 621 4291 pollutum.
665 4209 820 4275 Destruet
841 4213 971 4287 terram,
994 4229 1074 4291 0000
1095 4208 1130 4274 07
1182 4212 1386 4294 0000007700.
1432 4211 1565 4277 Ρο00700
1593 4213 1788 4295 0000007700
1815 4219 1869 4293 007,
1905 4219 2049 4283 militari
2075 4234 2157 4282 000

142 4301 305 4380 peccat-uon
339 4294 464 4376 profert
491 4296 611 4376 spinos.
661 4294 717 4359 Ea·
740 4300 867 4374 peceato
903 4296 968 4377 7077
1003 4296 1131 4360 007700
1183 4298 1337 4363 heriatua
1360 4303 1544 4376 cttuorum,
1577 4319 1614 4363 ac
1635 4299 1733 4363 citam
1755 4300 1871 4379 ipsam,
1907 4310 2022 4370 contro
2046 4320 2157 4389 000000

149 4383 338 4461 aedificatio,
361 4386 389 4444 et
407 4381 471 4461 suit
492 4401 572 4462 opics
596 4380 686 4445 Cain.
733 4381 771 4445 Si
793 4382 902 4446 Adam
928 4401 991 4446 non
1006 4402 1131 4462 peccas·
1181 4389 1277 4449 torem
1297 4384 1469 4466 defendere.
1515 4384 1657 4449 Iudicem
1683 4389 1718 4449 tu
1744 4386 1831 4468 0070,
1858 4408 1961 4469 quaem
1984 4391 2066 4457 desit
2085 4389 2155 4456 07700

148 4474 208 4547 007,
237 4490 290 4535 000
315 4467 507 4544 civitatibus,
537 4489 591 4533 000
618 4466 761 4533 dontibus
789 4468 1015 4551 7077000000,
1050 4488 1131 4548 auce
1183 4472 1286 4536 70700.
1339 4469 1463 4534 Milites
1498 4470 1541 4534 07
1582 4468 1741 4536 Christum
1773 4491 1989 4556 praeparans
2028 4478 2155 4548 700000,

149 4576 206 4620 000
227 4558 423 4638 0000000007
461 4552 500 4618 07
535 4555 706 4637 7007007707)
735 4552 822 4632 coeli,
862 4553 902 4617 07
936 4553 1075 4619 70077700
1103 4558 1131 4618 07

220 4759 249 4825 1)
269 4760 343 4814 Add.
368 4758 449 4812 Ms:
480 4759 513 4814 de
532 4759 648 4827 leprosis
666 4763 735 4815 siout
752 4766 817 4815 tunc
834 4759 1022 4815 iudicabitur?
1062 4759 1131 4815 Nus·
1254 4761 1284 4827 1)
1303 4762 1413 4816 on'atur.

151 4842 231 4896 quam
250 4836 313 4882 sunt
329 4844 400 4881 nunc
420 4829 495 4895 signa
512 4829 560 4881 ills
578 4844 647 4896 quae
665 4836 729 4884 tune
747 4830 891 4883 exstabant
909 4831 990 4883 etism
1008 4831 1035 4884 in
1051 4829 1130 4884 vesti·
1254 4830 1284 4895 2)
1303 4832 1460 4884 vocabatur.

150 4896 202 4951 bus
220 4902 248 4949 et
266 4896 423 4963 parietibus
459 4904 502 4950 An
520 4898 599 4952 simili
616 4898 696 4954 modo
715 4898 893 4954 iudicabimus
911 4913 982 4953 nunc
1002 4939 1008 4953 .
1027 4938 1061 4954 ..
1253 4899 1284 4967 3)
1303 4901 1348 4967 qui
1365 4908 1476 4954 vocatus
1494 4938 1604 4955 .....
1621 4905 1769 4955 recusaret.

219 4962 250 5029 2)
271 4964 369 5018 occiso.
1253 4969 1284 5031 4)
1302 4976 1433 5023 numeret.

220 5032 248 5097 3)
268 5032 345 5085 nolit.
1254 5036 1281 5103 5)
1300 5053 1387 5106 quem.

220 5100 251 5167 4)
270 5100 372 5154 faciant
389 5100 469 5167 quod.
1254 5106 1284 5172 6)
1304 5106 1356 5160 ubi.

220 5170 252 5237 5)
270 5168 375 5223 iniuria
1255 5175 1285 5243 7)
1305 5180 1386 5229 certo.
