4620 5894
145 220 209 285 203
909 232 920 249 ··
943 214 1009 283 Da
1031 214 1254 283 AETERNA
1274 212 1359 281 DEI
1436 264 1440 275 .
2093 216 2157 285 Μ

142 406 172 473 01
194 406 351 471 maiorem
372 408 502 487 partem
527 401 601 468 ideo
627 402 833 469 incredulam
854 426 989 471 manere
1006 404 1121 555 00000,
1174 400 1342 488 patefacit,
1377 407 1429 467 est
1459 400 1643 485 adoptionis
1670 402 1815 485 spiritus
1867 400 2015 485 Adoptio
2047 406 2154 468 autem

144 492 222 577 quia
242 488 337 557 Deus
358 508 428 553 000
454 488 517 553 0101
540 508 620 570 0000
647 488 721 554 0010
742 488 984 556 illuminatione
1029 490 1122 574 igna-
1236 488 1328 553 tuita.
1379 488 1471 571 Ergo
1504 494 1538 554 00
1568 487 1674 571 000010
1706 488 1873 555 confertur
1904 486 2047 570 00101000
2076 488 2152 571 1000Ί

143 583 209 654 000,
232 575 333 643 simul
351 574 491 641 alterum
510 572 592 638 illud
605 573 751 641 obtineo:
775 577 993 641 communiter
1011 576 1123 641 offerri
1194 595 1246 640 am
1270 594 1335 638 non
1357 573 1509 639 omnibus
1530 573 1671 639 conferri
1693 573 1898 659 experientia
1919 571 2027 639 docet
2065 572 2154 673 Ergo

142 662 294 746 utrisque
327 660 390 726 Dei
423 658 695 725 misericordiam:
737 666 776 725 ut
813 663 999 745 quicunque
1031 662 1123 727 intus
1176 682 1192 726 s
1253 658 1317 725 iaie
1346 659 1469 725 donum
1489 666 1542 724 est
1569 656 1667 739 fides,
1695 666 1854 743 quarata
1881 660 1922 724 fit
1943 656 2011 723 Dei
2033 658 2153 725 0100000.

144 770 213 815 000
252 747 425 825 00000000,
471 752 605 811 tantum
650 744 834 811 reddantur
874 746 1122 813 inexcusabiles.
1176 680 1252 827 did
1283 745 1384 810 ctiam
1417 765 1516 811 sensu
1549 743 1679 811 dixerat
1709 744 1850 825 Paulus,
1879 742 2072 823 Christum,
2101 744 2155 829 qui

144 832 368 917 Distinguunt
406 828 555 915 quidam,
597 830 683 914 quod
721 832 871 915 potentia
904 833 1049 899 00100000
1080 833 1125 897 010
1175 830 1310 896 Iudaeis
1332 837 1384 897 est
1404 828 1599 897 scandalum
1620 838 1655 896 et
1675 830 1829 915 gentibus
1851 829 2011 909 stultitia,
2033 830 2155 897 000000

144 919 297 987 omnibus
324 915 549 1001 evangelium,
575 937 640 982 non
668 917 802 983 effectu:
832 918 891 985 sed
918 917 1041 984 nodum
1062 917 1125 983 hoc
1176 937 1248 982 0000
1276 917 1340 982 1)οἰ
1373 914 1534 982 virtutem
1566 924 1601 981 et
1633 916 1829 1000 sapientiam
1860 916 1997 999 (1000.
2025 919 2059 995 l,
2092 918 2154 991 230

143 1005 241 1073 modo
268 1002 405 1069 minime
434 1002 631 1085 expediunt:
665 1004 744 1085 quia
766 1024 896 1087 semper
922 1025 960 1070 00
982 1004 1124 1070 revolvi·
1175 1000 1274 1069 Unde
1296 1008 1406 1067 autem
1423 1002 1560 1080 vocatio,
1583 1002 1648 1067 nisi
1666 1003 1741 1085 0010
1753 1002 1928 1079 Dominus,
1948 1022 2033 1085 quos
2051 1000 2156 1087 elegit,

142 1113 229 1171 mur,
251 1088 441 1173 aequalisne
458 1086 610 1155 omnibus
632 1089 821 1154 0001000000
843 1089 998 1155 00000001
1020 1090 1124 1155 facul·
1176 1087 1358 1154 secundum
1385 1088 1590 1171 propositum
1618 1110 1717 1154 suum
1742 1087 1859 1157 000001
1893 1088 2007 1167 (Rom
2031 1090 2069 1167 8,
2095 1092 2156 1169 30.)

144 1184 204 1245 000.
248 1178 296 1242 At
323 1195 419 1252 vero,
452 1193 599 1239 000000
629 1194 744 1239 omncs
767 1196 852 1240 0000
876 1176 938 1241 0110
960 1175 1123 1254 00001000,
1175 1174 1275 1240 Nunc
1291 1186 1452 1253 tenemus,
1472 1173 1691 1258 evangelium,
1710 1172 1888 1258 quododor
1901 1173 1994 1239 vitae
2008 1173 2044 1238 in
2058 1172 2157 1241 vitan

143 1262 304 1329 rationem
326 1260 425 1326 011000
445 1258 585 1326 Paulus:
608 1261 686 1343 quia
706 1260 832 1327 1000100
852 1198 946 1327 dicit:
970 1262 1124 1339 Domino,
1177 1268 1296 1325 natura
1317 1281 1377 1325 000
1394 1280 1465 1325 esse
1483 1257 1648 1339 debuerat,
1671 1260 1878 1326 mortiferum
1890 1259 1932 1325 iis
1944 1258 2005 1358 qui
2020 1264 2159 1343 pereunt

143 1349 217 1434 quis
239 1346 380 1414 credidit
402 1346 548 1411 sermoni
576 1353 705 1425 nostro,
733 1354 768 1411 et
794 1346 966 1414 brachium
988 1346 1125 1412 Domini
1176 1344 1311 1411 odorem
1331 1367 1417 1412 csse:
1450 1344 1524 1411 ideo
1551 1352 1662 1410 autem
1688 1366 1822 1411 manere
1850 1346 1886 1411 in
1913 1366 1987 1411 0000
2014 1345 2158 1412 tenebris

144 1434 199 1500 oui
236 1432 422 1500 revelatum
462 1429 535 1496 0001
576 1430 688 1514 (Rom.
717 1436 771 1510 10,
805 1436 858 1512 10;
893 1433 976 1499 1000.
1002 1437 1057 1512 50,
1084 1438 1124 1512 1.)
1176 1430 1379 1511 1000000100,
1409 1430 1581 1514 quianon
1602 1430 1770 1498 revelatur
1797 1430 1864 1497 illis
1885 1430 1952 1497 Dei
1974 1429 2157 1497 brachium.

145 1518 362 1588 Oredentium
382 1516 551 1603 paucitate
573 1518 734 1582 attonitus
760 1518 922 1617 00000000
944 1518 1124 1585 exclamat:
1178 1516 1275 1599 Quod
1297 1524 1409 1583 000000
1431 1518 1467 1582 10
1489 1524 1582 1583 tanta
1604 1524 1742 1583 naturae
1764 1525 1897 1583 nostrae
1920 1516 2112 1601 0000000010
2126 1524 2158 1583 et

145 1606 233 1673 Rom
267 1604 440 1687 indignam
471 1622 557 1679 csse,
590 1602 676 1687 quod
710 1602 775 1669 De1
806 1602 947 1669 verbum
978 1606 1125 1669 omnium
1177 1603 1341 1755 00000000
1368 1602 1471 1686 aliqui
1504 1610 1618 1668 tamen
1650 1602 1820 1702 evangelio
1853 1601 2012 1681 credunt,
2046 1622 2159 1669 000000

147 1690 283 1757 0001000
311 1708 509 1775 personans,
542 1688 725 1755 001101000
754 1688 853 1755 00000
880 1690 972 1757 intus
993 1690 1123 1756 0100100.
1200 1689 1314 1754 0010001
1354 1687 1556 1767 adscribere,
1595 1688 1804 1773 000011000οι0
1839 1696 1904 1755 est:
1950 1688 2013 1753 sed
2097 1688 2159 1755 tius

146 1776 289 1855 Verum,
316 1796 359 1841 ne
386 1794 484 1857 quem
511 1772 684 1840 conturbet
713 1782 805 1840 tanta
831 1776 947 1841 mundi
969 1776 1124 1859 pravitas,
1177 1775 1304 1860 0000100
1332 1795 1461 1859 semper
1487 1776 1560 1839 Ι)00
1587 1774 1749 1860 agendae,
1780 1782 1853 1855 [pag.
1877 1779 1933 1855 90]
1966 1782 2007 1839 00
2067 1773 2158 1840 aulus

145 1884 224 1929 mcx
254 1860 400 1939 subiicit,
428 1880 495 1923 non
525 1860 676 1927 omnibus
706 1861 768 1926 hoc
801 1882 872 1926 esso
907 1860 1029 1927 datum.
1082 1862 1125 1926 In
1177 1868 1301 1940 monet,
1332 1860 1585 1944 001000010010
1612 1862 1652 1926 ab
1681 1861 1776 1925 initio
1803 1859 1920 1926 mundi
1948 1861 1985 1926 10
2009 1860 2156 1939 salutem,

146 1968 283 2027 summa,
307 1946 427 2013 effectu
445 1966 557 2011 000000
580 1946 761 2029 quamlibet
782 1967 937 2013 sonorum
959 1947 1125 2013 humanae
1177 1947 1213 2011 10
1235 1946 1493 2012 sanctificatione
1515 1946 1653 2030 spiritus
1675 1954 1709 2011 00
1731 1945 1796 2012 000
1818 1945 1973 2012 000100οἰ0
1998 1951 2032 2025 (2
2045 1946 2156 2012 ’110000

145 2034 236 2101 00010
257 2038 333 2112 [pag.
351 2037 407 2112 99]
430 2030 606 2097 clamorem
629 2032 803 2117 significat,
827 2034 891 2099 nisi
907 2034 1044 2099 interior
1060 2034 1124 2098 Dei
1177 2036 1296 2111 013).
1342 2030 1470 2113 Quibus
1493 2040 1581 2098 certe
1604 2033 1712 2098 000010
1735 2041 1768 2097 00
1789 2031 1889 2098 fidem
1915 2040 1952 2097 00
1973 2032 2157 2099 sanctifica·

147 2121 253 2187 010000
274 2120 310 2183 10
332 2117 483 2184 cordibus
504 2124 666 2200 operetur.
712 2118 817 2184 00100
838 2121 938 2185 etiam
960 2121 1009 2183 rei
1030 2140 1125 2203 prae·
1177 2119 1301 2184 tionem
1323 2118 1363 2183 ab
1386 2124 1522 2183 aeterna
1543 2118 1709 2197 01000000,
1732 2128 1891 2201 tanquam
1911 2117 2046 2184 010000
2064 2120 2156 2195 rivos,

147 2204 273 2273 clarum
301 2203 535 2269 documentum
560 2209 637 2268 ante
666 2202 778 2269 000100
800 2206 893 2287 00010
913 2206 1039 2284 Lucas,
1069 2204 1126 2287 001
1178 2203 1318 2270 0000010.
1364 2201 1454 2285 Quid
1477 2203 1586 2268 enim?
1627 2204 1684 2269 An
1705 2203 1783 2286 0010
1803 2223 1839 2268 se
1860 2202 1951 2287 10000
1973 2204 2156 2271 sanctitica-

146 2298 320 2377 postquam
360 2287 475 2354 retulit
518 2288 665 2353 habitam
709 2310 729 2353 0
767 2289 874 2354 Paulo
918 2292 1124 2357 concionem:
1178 2291 1245 2355 turi
1278 2296 1388 2369 00000,
1428 2288 1502 2355 ideo
1535 2288 1632 2355 010001
1665 2288 1765 2354 00001
1819 2290 1923 2372 Atqui
1959 2290 2157 2357 nominatim

148 2375 369 2443 000010000ιο0
401 2374 538 2457 (100010)
578 2381 735 2458 quotquot
773 2373 916 2440 ordinati
956 2384 1051 2441 erant
1084 2376 1126 2442 ad
1178 2375 1304 2443 Paulus
1326 2375 1388 2441 hoc
1415 2395 1486 2440 esse
1514 2374 1649 2460 spiritus
1670 2374 1736 2440 Dei
1762 2396 1846 2458 opus
1872 2375 2004 2442 asserit
2051 2374 2157 2458 Quum

147 2462 253 2529 vitam
274 2467 443 2527 aeternum
467 2462 555 2536 (Act.
583 2464 630 2538 13,
654 2464 720 2539 48).
748 2458 819 2525 Gur
840 2460 956 2527 eadem
977 2460 1127 2529 doctrina
1179 2460 1293 2528 eadem
1314 2462 1359 2525 010
1379 2459 1457 2526 fidei
1479 2461 1579 2541 0000,
1609 2466 1772 2544 superest,
1802 2461 1896 2525 0010
1919 2458 2023 2527 fidem
2041 2460 2158 2528 illumi·

148 2569 216 2614 000
242 2547 360 2613 1100000
387 2545 536 2611 omnium
564 2545 683 2612 animis
712 2546 896 2629 excipitur?
941 2548 1127 2613 Numerum
1178 2546 1965 2629 0000010000οε,0000000000001001010000,
1990 2553 2027 2613 et
2044 2546 2157 2614 0110000

149 2632 265 2701 000010
290 2633 415 2699 Lucas:
461 2630 550 2713 Quia
580 2652 648 2696 non
677 2652 791 2697 omnes
819 2632 861 2698 ad
894 2635 997 2699 vitum
1031 2642 1128 2700 erant
1178 2635 1250 2717 ipso
1272 2634 1451 2716 patefieret.
1495 2633 1541 2697 Et
1562 2654 1642 2699 sane
1664 2653 1766 2716 quum
1788 2630 1973 2711 audiamus,
1993 2634 2156 2699 neminem

148 2718 301 2786 ordinati
346 2717 450 2785 Ouius
472 2738 569 2801 porro
591 2717 674 2785 haec
696 2717 864 2801 dispositio
887 2726 951 2800 est,
978 2720 1043 2785 nisi
1063 2720 1128 2785 Dci
1179 2719 1405 2787 00Οο0100000
1426 2718 1541 2786 000100
1562 2718 1629 2785 0101
1650 2738 1670 2785 0
1690 2726 1785 2802 00000
1806 2718 1977 2784 trahatur:
2001 2718 2069 2786 hoc
2083 2736 2155 2804 quo·

148 2804 270 2872 001001
315 2803 402 2869 Nam
424 2804 481 2886 qui
503 2804 636 2888 proprio
664 2802 772 2870 cordis
801 2814 893 2870 motu
914 2805 1017 2872 fuisse
1039 2806 1127 2871 ordi·
1180 2827 1245 2890 que
1266 2804 1447 2889 Augustini
1461 2808 1484 2879 ¹)
1515 2803 1698 2870 tenendum
1724 2811 1789 2869 est:
1831 2802 1917 2886 Quis
1939 2802 2155 2885 trahitur,si

147 2898 244 2958 natos
266 2891 445 2973 ineptiunt,
476 2910 544 2954 non
565 2890 672 2974 000010
699 2890 897 2956 refutatione
925 2898 1005 2958 sunt
1026 2891 1126 2977 digni,
1179 2892 1247 2958 iam
1271 2889 1420 2957 volebat?
1464 2889 1571 2955 Nemo
1592 2898 1705 2955 tamen
1726 2889 1828 2970 venit,
1851 2890 1915 2956 nisi
1937 2890 2034 2957 velit
2079 2891 2154 2957 'lha-

148 2998 249 3062 quam
271 2976 299 3041 01
320 2974 481 3041 mundum
503 2997 523 3041 0
544 2996 580 3041 00
606 2976 677 3058 1000
699 2984 845 3043 creatum
863 2975 1019 3043 dicerent
1064 2978 1128 3044 Est
1180 2978 1272 3043 hitur
1293 2997 1371 3061 0000
1398 2976 1492 3041 miris
1521 2975 1625 3042 modis
1653 2984 1691 3042 00
1712 2976 1807 3056 00110,
1835 2976 1876 3042 00
1897 2974 1957 3042 1110
1985 2976 2045 3062 001
2068 2976 2155 3043 00010

148 3064 238 3129 enim
259 3062 430 3129 recondita
451 3060 619 3147 evangelii
639 3061 816 3145 sapientia,
840 3062 881 3127 ad
904 3084 1003 3147 quam
1025 3084 1127 3148 pcne-
1150 3084 1154 3097 ¹
1178 3064 1269 3131 intus
1295 3063 1331 3129 in
1358 3061 1439 3146 ipsis
1466 3061 1640 3127 hominum
1673 3061 1824 3128 cordibus
1853 3063 2000 3146 operari,
2036 3083 2105 3129 non
2123 3068 2155 3129 ut

148 3156 238 3214 trare
271 3148 411 3213 humani
449 3148 573 3232 ingenii
606 3168 744 3214 acumen
783 3148 906 3231 000010.
961 3150 1127 3216 Animalis
1178 3149 1328 3215 nolentes
1360 3147 1511 3227 credant,
1547 3147 1633 3233 quod
1666 3147 1740 3213 fieri
1770 3168 1838 3212 non
1868 3154 1993 3231 potest:
2037 3148 2096 3215 sed
2122 3152 2155 3213 00

147 3235 262 3314 homo,
290 3234 398 3318 inquit
417 3233 559 3314 Paulus,
586 3255 654 3299 non
675 3233 765 3317 00010
789 3254 830 3299 00
872 3254 935 3299 000
955 3236 1020 3300 Dei
1048 3244 1128 3300 0000
1177 3236 1327 3302 volentes
1349 3254 1391 3299 ex
1414 3234 1600 3299 nolentibus
1622 3234 1712 3299 0000.

149 3324 181 3397 (1
207 3320 282 3387 (lor.
306 3322 341 3398 2,
374 3323 437 3396 14).
490 3319 545 3384 An
572 3320 649 3403 quia
681 3341 750 3385 non
781 3255 874 3387 00111
925 3318 967 3385 10
995 3319 1126 3405 quidem
1263 3318 1437 3386 Reclamat
1457 3319 1613 3403 Pighius,
1642 3319 1735 3385 illam
1757 3319 1855 3385 Pauli
1877 3320 2083 3385 sententiam
2103 3316 2153 3383 sd-

147 3426 266 3472 verum
285 3412 345 3483 est,
367 3406 504 3472 rebelles
525 3426 596 3471 esse
614 3406 686 3471 Deo
709 3405 897 3489 quicunque
919 3406 990 3472 0100
1008 3407 1126 3490 0010100
1179 3407 1301 3474 000000
1330 3411 1361 3485 (1
1386 3406 1470 3470 Tim.
1495 3410 1529 3482 2,
1560 3408 1612 3487 4):
1653 3406 1763 3471 Deum
1789 3426 1903 3471 omnes
1930 3404 2022 3473 velle
2052 3405 2153 3473 salvos

148 3491 365 3557 mansuefacti
383 3512 450 3556 non
468 3498 554 3558 0000
578 3489 646 3557 Sed
664 3490 762 3556 altius
780 3492 971 3558 conscendit
982 3493 1123 3558 Paulus:
1177 3494 1264 3560 fieri:
1304 3499 1338 3558 ct
1368 3490 1456 3574 quod
1486 3498 1628 3556 mortem
1654 3491 1833 3574 peccatoris
1867 3488 1966 3570 nolit,
2006 3492 2074 3577 ipsi
2104 3488 2151 3556 vel

147 3575 234 3660 quod
256 3575 380 3642 seilicet
399 3576 449 3641 illi
471 3577 539 3643 sint
555 3576 705 3657 stultitia,
728 3598 789 3643 nec
806 3578 909 3659 possit
922 3578 1124 3663 intelligere:
1176 3580 1284 3645 iurato
1305 3575 1519 3655 credendum,
1548 3575 1605 3642 ubi
1626 3597 1686 3660 per
1705 3577 1902 3662 prophetam
1924 3576 1974 3644 010
1995 3577 2150 3662 loquitur:

146 3662 313 3728 neminem
334 3661 433 3728 101000
454 3661 521 3726 Dei
543 3662 776 3742 consiliarium,
800 3684 860 3728 nec
882 3665 1034 3748 cognosci
1055 3666 1126 3729 cius
1177 3664 1264 3730 Vivo
1293 3684 1370 3747 ego,
1405 3663 1479 3728 nolo
1505 3671 1646 3728 mortem
1674 3664 1868 3746 0000000010,
1901 3662 1961 3728 000
1988 3684 2025 3728 m
2072 3664 2080 3679 ‘
2117 3670 2152 3727 00

147 3767 269 3813 areana
295 3745 361 3812 nisi
393 3748 510 3813 00010
542 3750 614 3813 eius
641 3748 769 3831 spiritu.
820 3748 919 3815 Unde
945 3750 1125 3830 constituit,
1176 3757 1387 3818 convertatur
1409 3755 1442 3813 et
1464 3748 1556 3815 01000
1577 3748 2020 3828 (110000.18,230033,11).
2080 3768 2151 3815 num

146 3832 232 3901 solos
255 3854 327 3899 esse
348 3832 501 3898 vereDei
524 3833 711 3918 discipulos,
734 3834 789 3917 qui
807 3855 876 3899 000
892 3835 1009 3899 mundi
1026 3834 1125 3902 huius
1176 3836 1368 3921 prophetica
1394 3836 1507 3901 concio
1534 3834 1576 3899 ad
1603 3836 1840 3917 poenitentiam
1868 3835 2042 3917 hortetur,
2074 3831 2151 3901 nihil

146 3920 275 4004 spiritu,
298 3918 356 3985 sed
378 3918 512 3986 coelesti
533 3920 647 3985 donati
669 3927 759 3985 sunt:
783 3926 821 3984 ut
840 3920 947 3986 sciant
963 3942 1046 4004 quae
1064 3921 1125 3987 sibi
1176 3922 1297 3988 mirum
1319 3921 1346 3986 si
1360 3921 1470 3987 Deum
1491 3921 1688 4005 pronunciet
1707 3920 1792 3986 velle
1810 3940 1925 3986 omnes
1945 3920 2060 3989 salvos
2076 3920 2149 3987 lieri

146 4004 261 4071 aDeo
283 4004 406 4070 donata
427 4010 514 4071 sunt.
548 4004 640 4087 Quid
662 4005 724 4073 sibi
745 4007 810 4071 ista
833 4006 905 4073 vult
927 4008 1124 4090 comparatio
1148 3960 1152 4067 1
1178 4007 1245 4075 Sed
1280 4006 1399 4084 tales²J
1438 4005 1594 4090 loquendi
1633 4006 1757 4071 formas
1795 4005 2037 4074 conditionales
2076 4024 2150 4083 esse,

145 4092 234 4157 inter
255 4090 372 4156 mundi
393 4091 492 4157 huius
521 4100 554 4156 et
575 4092 641 4157 Dei
662 4092 827 4175 spiritum:
856 4091 920 4157 nisi
951 4092 1038 4176 quod
1065 4115 1124 4159 suo
1176 4092 1319 4159 ostendit
1339 4100 1456 4158 mutua
1476 4091 1566 4157 inter
1586 4092 1695 4158 minas
1717 4100 1750 4157 00
1771 4092 2008 4175 promissiones
2031 4092 2149 4159 001000.

144 4176 242 4243 modo
262 4176 396 4261 0001000
418 4176 583 4257 homines,
603 4184 640 4243 ut
661 4178 698 4243 in
719 4186 808 4243 terra
830 4176 1015 4257 subsidant,
1038 4178 1124 4245 filios
1175 4179 1333 4245 Ninivitis
1364 4183 1438 4259 [pag.
1473 4183 1527 4259 91]
1561 4176 1670 4257 Deus,
1710 4176 1987 4261 quemadmodum
2024 4178 2152 4265 regibus

145 4285 222 4330 suos
242 4270 337 4348 pater
359 4263 509 4330 coelestis
536 4264 695 4348 peculiari
716 4261 813 4329 modo
835 4262 1025 4330 illuminat?
1048 4264 1123 4344 Hie,
1177 4265 1286 4332 Gerar
1318 4270 1352 4329 00
1384 4264 1546 4350 Aegypti,
1581 4264 1746 4329 facturum
1779 4285 1815 4329 se
1842 4262 2039 4346 denunciat,
2072 4259 2152 4350 qnod

146 4350 176 4416 01
197 4354 271 4429 [000.
295 4354 349 4429 89]
371 4351 444 4415 Ι)00
465 4349 582 4433 placet,
606 4349 828 4416 voluntariam
849 4350 1007 4434 cuiusque
1028 4372 1123 4435 0000-
1176 4352 1323 4417 10000000
1356 4371 1423 4415 000
1453 4358 1511 4415 000.
1523 4354 1551 4428 1)
1601 4348 1714 4431 Quum
1746 4350 1973 4433 resipiscentia
2006 4370 2150 4435 poenam,

143 4435 351 4520 parationem
371 4434 468 4502 nobis
488 4436 629 4521 Pighius
652 4435 813 4501 obtrudit:
848 4437 943 4518 quasi
971 4458 1037 4502 non
1059 4436 1124 4503 Oo-
1176 4458 1275 4521 quam
1302 4437 1447 4501 minatus
1473 4436 1540 4500 illis
1568 4436 1690 4513 100000,
1720 4442 1951 4515 antevortunt,
1981 4443 2066 4505 tuno
2091 4455 2152 4502 non

144 4520 286 4587 rinthios
308 4521 495 4605 0110000000
505 4522 640 4601 Ρο0100,
660 4542 740 4605 quos
759 4521 857 4605 paulo
879 4529 1004 4605 postet
1025 4523 1122 4600 10000,
1175 4523 1241 4589 0101
1263 4522 1436 4589 obstinatis
1453 4521 1664 4587 constitutam
1681 4521 1781 4588 fuisse
1800 4527 1946 4606 apparet
1974 4522 2025 4588 Et
2043 4534 2150 4591 000000

147 4613 181 4671 00
202 4606 361 4687 ebriosos,
389 4617 423 4673 00
444 4607 638 4685 maledicos,
667 4614 701 4672 et
723 4628 855 4686 avaros,
879 4616 913 4673 00
934 4608 1067 4687 molles,
1090 4616 1124 4674 et
1175 4610 1323 4693 praecisa
1354 4608 1462 4673 100000
1491 4608 1712 4673 denunciatio:
1747 4629 1785 4674 ac
1819 4608 1847 4673 si
1874 4608 2064 4676 revocabile
2090 4628 2151 4674 non

144 4690 344 4776 prodigiosis
383 4694 517 4777 flagitiis
561 4693 700 4760 infectos
738 4693 839 4759 fuisse
879 4702 1122 4775 commemorat,
1175 4703 1264 4762 esset
1296 4694 1473 4761 decretum.
1530 4693 1598 4759 Sed
1630 4701 1804 4777 postquam
1838 4694 1909 4760 irae
1944 4715 2027 4762 suae
2060 4713 2150 4763 sensu

146 4775 250 4843 donee
272 4778 406 4861 spiritus
427 4779 685 4846 sanctificatione
705 4780 839 4864 purgati
859 4780 968 4845 100000
988 4780 1021 4863 (l
1047 4780 1122 4847 000.
1174 4782 1296 4847 terruit
1317 4802 1356 4847 ac
1377 4779 1580 4859 humiliavit,
1609 4780 1666 4864 qui
1688 4800 1755 4846 non
1777 4800 1913 4864 prorsus
1938 4788 2021 4848 sunt
2042 4781 2149 4865 000οο-

147 4866 184 4941 6,
218 4866 263 4940 9).
319 4863 437 4945 Qualis
475 4865 517 4931 ad
552 4866 804 4949 promerendam
845 4865 1123 4932 illuminationem

148 4969 263 5014 eorum
289 4951 397 5034 potuit
425 4972 497 5017 esse
518 4972 688 5032 occursus,
720 4974 801 5035 quos
822 4951 917 5018 Deus
946 4953 986 5018 00
1008 4952 1123 5018 1010010
1243 5001 1259 5055 1
1291 5000 1341 5056 lib
1369 5002 1384 5055 1
1420 5002 1477 5057 dB
1515 5002 1536 5057 ‘f
1638 5001 1672 5056 19

146 5035 229 5118 10010
257 5035 423 5103 extraxit?
467 5038 514 5104 Et
544 5039 623 5122 quid
655 5038 754 5124 10000
781 5039 958 5105 verborum
984 5039 1122 5105 circuitu
1243 5070 1262 5125 2
1289 5019 1366 5126 3¹4,
1384 5018 1642 5126 ,igmgffpfflg
1660 5040 1689 5126 s}
1706 5072 1785 5127 pam

146 5140 230 5205 opus
251 5121 323 5188 0001
353 5121 499 5207 Spiritus
520 5124 577 5208 qui
599 5125 693 5191 nobis
715 5126 810 5211 00001
831 5124 981 5193 coelestis
1003 5146 1123 5193 arcana
1245 5139 1275 5207 3)
1295 5155 1326 5195 cs
1345 5137 1408 5211 000
1427 5138 1609 5195 0100000000
1628 5139 1756 5196 datare.
