4590 5902
967 275 1338 345 PROLEGOIOENA.
2071 282 2165 349 XIII

305 465 454 530 Titulnm
477 466 600 548 excipit
622 487 695 549 pag.
715 468 799 528 2-4
817 465 976 548 praefatio
1000 464 1152 544 ἀνώνυμος
1174 465 1232 531 scd
1250 467 1322 532 sine
1345 465 1444 531 dubio
1463 467 1598 532 editoris
1617 467 1763 550 Crispini
1781 421 1914 533 nomino
1932 470 2063 552 scripta,
2084 491 2168 554 quae

146 581 310 658 quatenus
333 577 536 643 calvinianae
559 577 744 663 theologiae
766 576 917 644 concinet
935 577 1070 660 eiusque
1092 577 1235 644 indolem
1259 579 1389 658 referat,
1412 579 1484 661 ipsa
1505 578 1650 663 perlecta
1670 579 1766 644 facile
1787 578 1966 665 intelliges:

948 798 1142 866 dormiente
1163 799 1305 865 amitibus
1327 798 1360 864 S.

307 969 370 1052 Qui
394 972 427 1035 in
442 972 745 1051 praedestinationis
767 970 894 1036 diuinae
921 973 1016 1054 aena
1037 971 1209 1055 praenpiti
1230 972 1371 1053 quadam
1399 970 1585 1053 malidentis
1601 978 1770 1055 penetrare
1790 973 1920 1054 audent,
1944 975 1971 1038 ii
1992 974 2072 1040 milri
2092 997 2164 1043 cnm

145 1077 338 1146 Phaethonte
360 1087 387 1146 et
408 1078 502 1147 Icaro
524 1085 635 1148 rncrito
655 1084 798 1148 ciderdm·
819 1082 1034 1164 comparandi.
1080 1083 1145 1148 Hic
1167 1084 1250 1148 enim
1270 1083 1368 1167 sapae
1383 1088 1536 1167 palnnm
1557 1104 1669 1165 comm,
1699 1106 1796 1166 quum
1813 1085 1941 1151 oomndi
1956 1092 2166 1170 praecepta‘a

137 1197 235 1273 patre
258 1194 432 1275 accepisset,
454 1214 562 1276 nempe
583 1200 617 1259 ut
633 1195 771 1260 mediam
791 1195 878 1260 viam
900 1195 1057 1261 insisteret
1077 1200 1106 1260 a
1125 1194 1166 1259 al>
1188 1215 1225 1259 ea
1243 1194 1341 1260 latum
1361 1215 1499 1280 nnpuem
1520 1215 1581 1260 non
1599 1196 1784 1263 discederet:

875 1396 910 1406 -
936 1377 974 1422 ne
996 1357 1027 1422 si
1050 1356 1194 1441 (dicebat)
1218 1358 1387 1423 demissior
1409 1357 1479 1437 ilis,

726 1468 817 1535 torae
837 1474 947 1553 mara
965 1489 1104 1551 pennas:
1125 1470 1156 1534 si
1175 1469 1294 1548 eclam,
1316 1469 1403 1553 ipris
1422 1469 1549 1537 admei.

715 1579 806 1646 Inter
827 1587 993 1663 utrumque
1015 1580 1086 1646 nola
1107 1617 1148 1628 -

137 1741 352 1823 praescriptis
373 1741 491 1824 finitus
512 1745 665 1809 continere
685 1762 751 1808 sese
772 1764 833 1809 nors
849 1745 967 1826 potnit:
988 1745 1051 1824 sed,
1075 1749 1108 1808 nt
1123 1747 1219 1826 poeta
1240 1742 1343 1825 refert,

600 1908 604 1915 '
719 1899 801 1964 Tum
817 1918 901 1980 puer
922 1899 1039 1964 audaci
1056 1899 1153 1981 coepit
1171 1899 1310 1982 paudere
1327 1897 1440 1977 volatu,

717 2008 926 2090 Deseruitque
946 2010 1069 2075 domm:
1086 2010 1219 2092 coelique
1235 2010 1382 2092 cupidine
1399 2013 1499 2075 taetus

712 2120 824 2186 Altius
845 2123 906 2205 epit
927 2122 995 2202 iter,

142 2276 171 2336 et
193 2270 376 2353 liquefactis
398 2275 495 2340 cereis
510 2275 626 2356 pennis
647 2275 683 2341 in
704 2295 792 2340 mare
807 2294 961 2357 praeceps
982 2276 1144 2341 demersus
1165 2279 1217 2340 est.
1264 2274 1289 2338 I
1292 2273 1330 2339 lle
1352 2275 1447 2355 alter,
1476 2276 1553 2340 dum
1571 2276 1681 2357 patris
1705 2274 1790 2343 Solis
1810 2297 1904 2360 equos
1924 2279 2072 2363 rependas
2093 2299 2163 2346 stes-

141 2384 227 2464 cipit,
253 2384 477 2469 mandatisque
498 2388 568 2452 eins
589 2407 651 2452 rimi
662 2392 765 2470 paret,
786 2387 903 2453 relictis
920 2387 1054 2453 essedis
1076 2385 1183 2452 orbitis
1200 2408 1261 2470 per
1282 2388 1371 2452 invia
1394 2386 1526 2468 Mans,
1548 2407 1644 2471 qnnm

867 2578 910 2589 —
931 2541 1066 2606 multum
1086 2541 1161 2608 coeli
1175 2546 1249 2624 post
1269 2546 1357 2623 torpa
1373 2540 1524 2620 relictum,

712 2653 798 2718 Auta
819 2654 922 2719 oculos
937 2653 1017 2734 plns
1039 2690 1082 2700 —

140 2811 284 2884 cerneret,
306 2825 403 2871 curru
425 2806 550 2871 tandem
571 2825 721 2874 mensem
738 2807 920 2873 metatis
940 2827 1018 2873 suae
1032 2827 1155 2889 poenas
1175 2807 1267 2873 dedit.
1298 2762 1487 2873 Smeuriosi
1503 2808 1560 2873 isti
1575 2807 1722 2888 domines,
1742 2807 1798 2889 oni
1814 2809 2004 2890 affectatione
2019 2812 2159 2894 quadem
2264 2878 2283 2903 .-

137 2920 336 2998 portentom,
370 2917 455 2982 nerlii
476 2917 542 2982 Dei
561 2918 679 2999 finitus
700 2940 761 2984 non
782 2920 929 2998 malenti,
961 2920 998 2983 in
1019 2918 1219 2984 abditissima
1246 2925 1465 2985 sacrosanctae
1485 2920 1663 2985 maiestatis
1685 2918 1750 2984 Dei
1770 2922 1920 3001 mysteria
1930 2931 2158 3006 perrumpunt:

139 3035 307 3110 potquam
328 3049 362 3093 se
383 3030 441 3094 diu
463 3032 556 3095 variis
577 3032 650 3096 istis
677 3032 836 3096 meatibus
863 3031 976 3095 mnne
1004 3035 1079 3096 totos
1101 3032 1334 3110 eceruciarunt,
1363 3031 1445 3096 lenna
1466 3031 1592 3096 tandem
1615 3031 1757 3096 laborum
1780 3051 1911 3097 suorum
1930 3033 2069 3114 fractum
2090 3055 2159 3101 eon-

142 3148 323 3222 sequuntnr,
346 3147 381 3205 nt
402 3163 499 3224 quum
520 3144 594 3209 iude
607 3144 719 3226 pedem
735 3143 852 3225 referre
873 3142 974 3222 uelint,
996 3142 1105 3208 nudus
1120 3147 1231 3223 pateat
1247 3142 1367 3207 caitus:
1388 3143 1451 3206 imo
1468 3143 1568 3208 meeis
1590 3141 1784 3224 amdapibus,
1806 3142 2067 3227 densissimisque
2081 3147 2159 3228 fea

143 3251 218 3317 lium
243 3255 459 3336 quaestionum
474 3254 588 3339 plapis
609 3256 742 3333 obsessi,
769 3260 797 3318 et
817 3255 856 3320 de
874 3259 958 3320 aaa
979 3254 1104 3331 dimoti,
1134 3252 1272 3318 δαίαηαε
1292 3254 1453 3336 sunnone
1476 3255 1545 3320 eius
1562 3253 1703 3336 praedae
1721 3252 1811 3334 finnt.
1859 3254 1999 3335 Qucum
2019 3258 2158 3339 eennplo

143 3367 260 3444 moniti,
287 3365 428 3446 Fratres,
451 3366 612 3447 dammas
632 3388 695 3432 non
709 3367 788 3448 plus
808 3386 918 3448 sapere
939 3387 1035 3448 quam
1052 3370 1184 3448 oportet:
1203 3370 1232 3430 et
1252 3386 1331 3447 quae
1352 3365 1572 3430 imbecillitatis
1589 3370 1713 3430 nostrae
1733 3370 1860 3446 captum
1881 3369 2038 3447 ecmdmd
2059 3388 2097 3434 ea
2117 3389 2158 3433 ne

145 3499 162 3541 a
188 3479 353 3543 diuinitate
381 3480 455 3561 ipsa
486 3479 610 3545 uiribus
644 3481 761 3543 nostris
790 3484 971 3560 cetorqreere
998 3477 1226 3543 eontmtdamns.
1278 3476 1404 3561 Erpone
1430 3477 1521 3560 (dicet
1543 3476 1674 3558 aliquis)
1710 3498 1732 3541 a
1755 3478 1972 3559 procidentiae
1993 3478 2060 3546 Dei
2086 3500 2156 3546 com

145 3591 333 3656 oduuino
354 3591 540 3657 mortalibus
560 3591 597 3654 in
617 3592 800 3656 universum
817 3589 1036 3655 abstinendum
1057 3609 1123 3654 esse
1144 3589 1270 3654 censes?
1316 3587 1450 3653 Minime
1471 3609 1557 3653 vero:
1588 3589 1644 3654 sed
1665 3608 1763 3670 quum
1784 3588 1851 3654 Dei
1873 3588 1992 3672 Optimi
2014 3589 2157 3657 Maximi

145 3699 271 3781 torrites,
300 3705 477 3786 scripturas
493 3724 571 3768 suas
594 3703 642 3781 (in
663 3703 776 3784 mribus
796 3701 879 3767 nuru
893 3722 1032 3783 prorsus
1053 3702 1135 3784 quod
1155 3701 1236 3766 scire
1257 3705 1366 3765 nostra
1383 3702 1552 3780 interesset,
1575 3702 1725 3766 onasum
1742 3703 1800 3785 est)
1822 3701 1994 3768 immortali
2013 3702 2157 3785 beneficio

145 3813 324 3881 evolvendos
344 3813 435 3878 nobis
450 3815 647 3895 permiserit,
674 3816 710 3880 in
730 3816 775 3879 iis
796 3835 852 3880 nos
873 3815 941 3880 dies
961 3818 1118 3894 mdesque
1138 3831 1351 3890 manemus,
1380 3817 1409 3876 ct
1430 3832 1510 3894 quae
1536 3813 1572 3877 in
1594 3814 1707 3878 occulta
1728 3814 1889 3879 recondita
1911 3812 2071 3879 Dominus
2092 3834 2158 3880 csse

126 3925 247 4007 poluit,
268 3944 309 3993 ne
328 3930 520 3992 scrutemur:
542 3947 621 4008 puae
640 3948 712 3992 acro
729 3928 765 3992 in
788 3931 931 4009 apertum
946 3925 1089 4008 protulit,
1110 3945 1149 3990 ne
1165 3924 1366 4009 neplipamus.
1414 3923 1531 3989 Verum
1552 3925 1701 4006 qnoniam
1717 3925 1881 4006 peculiare
1901 3926 2037 4007 spiritns
2057 3926 2159 3991 saneti

145 4035 259 4102 dmum
278 4018 335 4119 ire,
354 4058 395 4102 en
415 4039 459 4103 iis
478 4037 560 4120 apsis
581 4040 750 4121 scripturis
771 4044 837 4103 tam
857 4037 1041 4121 difficilium
1058 4038 1273 4118 quaestionum
1297 4036 1344 4118 (ut
1365 4041 1439 4100 sunt
1454 4036 1491 4100 de
1502 4037 1788 4118 praedestinatione
1810 4036 2057 4118 etprooidentia
2079 4035 2157 4119 Dei)
2216 4036 2221 4045 '

145 4166 258 4216 eomas
281 4132 435 4231 nodosque
456 4151 601 4231 expedire
616 4171 721 4231 posse,
743 4149 824 4214 lrnne
843 4151 913 4214 cius
933 4150 1110 4233 arqumenti
1129 4149 1274 4227 libellum,
1297 4149 1328 4212 si
1349 4148 1510 4231 noandum
1528 4148 1616 4213 nodis
1633 4146 1815 4227 noanon,
1836 4167 1898 4212 nen
1914 4148 2075 4231 inpratum
2091 4147 2159 4228 fore

146 4263 339 4326 existimavi:
361 4260 482 4326 brenen
504 4263 601 4341 enim,
624 4263 679 4327 scd
700 4261 852 4340 sobriam,
874 4263 929 4327 sed
943 4282 1066 4343 puram
1084 4261 1122 4324 de
1137 4260 1430 4341 praedestinatione
1451 4259 1694 4341 disprtmenem
1714 4260 1862 4324 continet:
1886 4262 1922 4321 ut
1942 4258 2099 4338 quidquid
2120 4257 2158 4322 de

145 4391 178 4437 ea
199 4373 321 4439 donini
342 4373 514 4438 christiano
535 4375 677 4457 eopnosci
697 4373 751 4454 fas
772 4373 915 4452 retinete
935 4373 1022 4438 nullo
1038 4373 1155 4455 nepotis
1169 4371 1304 4453 possitis
1320 4369 1437 4434 elicere.
1459 4369 1655 4436 Persuasum
1675 4370 1861 4435 enimvobis
1882 4388 1948 4435 esse
1968 4368 2158 4436 solemmter

144 4487 245 4570 nepio,
278 4484 360 4550 nidil
382 4485 432 4551 liic
461 4485 500 4550 ab
528 4490 635 4550 autore
652 4485 808 4566 positam,
841 4485 922 4566 quod
943 4504 1044 4549 none
1072 4502 1161 4549 sacro
1188 4481 1274 4547 anot
1296 4481 1360 4547 Dei
1384 4481 1469 4564 fonte
1490 4481 1640 4546 hauserit.
1688 4480 1777 4563 Qcmd
1803 4481 1834 4545 si
1858 4479 2082 4546 munusculum
2102 4480 2158 4548 lice

144 4603 281 4664 nemmem
305 4601 433 4681 aratam
462 4597 548 4663 vobis
568 4596 672 4678 fnisse
692 4596 882 4676 intellexere,
911 4597 947 4661 in
975 4595 1118 4661 divinam
1142 4593 1270 4659 Iesaiae
1292 4593 1496 4676 prophetiam
1516 4592 1656 4658 mecedem
1676 4592 1800 4658 autoris
1821 4593 2057 4675 commentaria,
2079 4613 2159 4676 pre-

141 4711 262 4791 pediem
283 4713 462 4792 aespcetate.
515 4708 627 4775 Valete.
675 4707 827 4787 annae,
851 4712 881 4774 8.
906 4706 972 4775 Cal.
995 4706 1088 4772 Iulii.
1112 4708 1213 4769 1550.

299 4845 528 4913 Sabiioinntur
550 4847 629 4912 huic
651 4845 848 4930 praefationi
865 4845 1061 4930 epigraphes
1087 4845 1159 4910 rice
1177 4842 1243 4907 dno
1264 4841 1335 4908 loca
1351 4841 1449 4907 Rom.
1467 4841 1530 4906 IX.
1552 4843 1677 4905 11-16
1701 4847 1734 4906 et
1754 4842 1853 4907 Prov.
1875 4840 1989 4907 XXV.
2014 4845 2071 4920 27,
2100 4843 2157 4909 ubi

147 4962 300 5025 nimirum
324 4960 430 5023 versio
455 4960 594 5041 vulgata
612 4958 725 5022 habet:
750 4958 829 5039 Qui
851 4969 1063 5022 scrutator
1086 4965 1149 5022 est
1170 4955 1401 5021 maiestatis
1422 4954 1680 5037 opprimetur
1702 4976 1721 5017 a
1743 4954 1886 5037 gloria.
1923 4953 1991 5034 Qui
2009 4956 2158 5038 sequitur

147 5078 249 5137 textus
271 5092 346 5154 pag.
373 5074 478 5133 5-89
503 5070 615 5135 nullus
639 5071 723 5134 alius
746 5082 797 5134 cst
818 5071 881 5133 nisi
904 5070 960 5133 ille
981 5071 1050 5152 ipse
1072 5089 1171 5151 quem
1193 5066 1327 5132 exhibet
1347 5063 1460 5147 Caput
1479 5064 1566 5130 XIV
1588 5065 1821 5143 Institutionis,
1844 5086 1886 5130 ex
1908 5085 1948 5129 ca
1969 5067 2157 5131 recensione

148 5184 386 5249 recentissimo
407 5181 592 5264 descriptus
616 5202 713 5263 qnam
736 5179 849 5246 eodem
873 5202 960 5246 anno
981 5182 1026 5246 Io.
1051 5178 1220 5246 Gerardus
1242 5176 1405 5242 ediderat·
1432 5176 1577 5260 Incipit:
1600 5176 1619 5241 I
1627 5198 1687 5242 am
1710 5198 1809 5242 vero
1830 5175 1931 5260 quod
1952 5196 2033 5241 non
2052 5175 2156 5259 apud
