4620 5894
185 183 246 248 111
302 162 307 169 “
985 179 1116 247 vans
1136 179 1400 249 necuusmn
2134 185 2198 251 esa

181 370 340 455 aquibus
362 369 570 454 exagitandis
592 367 673 434 adeo
696 370 854 447 abstineo,
882 367 959 453 quia
980 375 1050 434 tam
1071 369 1166 436 foeda
1216 367 1282 434 Dei
1303 367 1448 434 fundata
1493 368 1592 434 Nune
1614 369 1804 449 ostendant,
1832 368 1888 434 ubi
1910 390 1970 435 nos
1993 369 2110 437 doceat
2130 370 2200 456 spi·

181 457 356 524 christiani
389 456 532 522 neminis
565 454 708 521 ludibria
739 456 930 522 meminisse
960 457 1058 539 piget
1102 456 1163 522 Isti
1216 454 1301 521 ritus
1322 454 1424 521 ullius
1446 453 1500 520 vel
1522 455 1701 538 prophetae
1728 455 1783 523 vel
1803 455 1941 540 apostoli
1962 456 2018 522 vel
2039 458 2201 542 martyris

181 563 260 609 vero
285 540 482 620 nebulones,
515 550 554 606 ut
581 548 660 607 sunt
686 542 864 625 prostituti.
880 541 1029 624 pudoris,
1063 542 1164 607 etiam
1215 541 1435 624 patrecinium
1452 539 1525 606 Dee
1545 561 1718 624 oppenere.
1752 542 1826 608 Hoc
1847 542 2045 625 principium
2067 563 2138 609 sem
2182 564 2201 610 r

182 649 390 696 summarum
416 627 656 693 absurditatum
669 627 693 710 ¹)
726 628 900 693 minimam
927 628 1164 695 correctionem
1215 635 1402 705 teneamus,
1431 646 1491 692 nos
1513 646 1582 691 nen
1609 636 1699 694 recte
1721 648 1816 694 orare
1840 628 1904 694 nisi
1930 635 2112 713 praeeunte
2133 562 2201 697 Ciu

181 722 353 799 respuunt.
397 713 496 780 Unde
525 724 676 797 apparet,
705 713 791 778 nihil
819 734 873 780 ecs
902 713 992 778 aliud
1020 724 1162 796 captare,
1215 711 1325 778 verbe.
1369 711 1408 778 Si
1441 732 1519 796 ergo
1553 723 1745 780 sanctorum
1778 715 2065 795 intercessionem,
2100 736 2202 799 quam

182 822 283 885 quam
303 808 342 865 ut
363 800 595 877 breviitemm,
619 799 775 883 quidquid
792 800 874 865 lucis
893 807 1004 864 nostre
1022 799 1164 885 temperi
1215 818 1282 863 non
1298 798 1444 878 dictavit,
1467 797 1516 863 illi
1533 799 1724 897 ingerimus,
1747 800 2201 884 prefananostraeratieest.

182 885 318 964 affulsit,
342 886 541 951 exstinctum
562 892 683 968 pereat.
727 885 794 950 Hic
815 906 915 969 perro
939 884 1164 968 impudentiae
1301 884 1485 950 Audiamus
1528 883 1607 968 qurd
1644 894 1761 953 eontra
1798 885 2005 953 mediatores.
2060 887 2200 955 Rationi

182 971 334 1041 cumulus
351 980 416 1050 est,
445 970 530 1054 quod
557 971 677 1036 missae
704 969 882 1038 hodiernae
910 972 1012 1036 ritum
1030 972 1070 1038 ab
1093 972 1163 1036 Au·
1215 977 1472 1036 consentaneum
1493 991 1566 1055 esse
1587 970 1709 1051 dicunt,
1732 980 1771 1038 ut
1791 993 1851 1056 pro
1860 971 2065 1039 nobiscrent
2081 974 2198 1056 anau,

182 1059 316 1144 guetino
337 1059 506 1142 perspicue
523 1058 701 1123 monstrari
711 1058 844 1123 iactant.
878 1058 1010 1124 Citatur
1031 1056 1164 1141 quidem
1216 1056 1274 1140 qui
1295 1055 1367 1122 Deo
1395 1062 1491 1122 extra
1517 1057 1677 1123 mundum
1698 1059 1831 1125 vivunt:
1858 1059 1964 1124 teneri
1990 1058 2081 1125 enim
2108 1060 2200 1144 ipsos

182 1142 225 1211 ab
245 1144 310 1210 illis
323 1143 474 1227 Epistola
494 1141 737 1223 adPaulinum,
761 1165 844 1227 quae
863 1151 915 1209 est
931 1143 1045 1209 ordine
1067 1143 1164 1226 quin·
1215 1141 1325 1208 Iaeobi
1346 1152 1535 1227 praecepte:
1568 1142 1672 1209 Orate
1693 1166 1753 1227 pre
1773 1145 1925 1224 invicem,
1951 1144 2008 1210 alii
2035 1166 2096 1229 pro
2124 1146 2201 1215 aliis

182 1230 373 1315 quagesima
393 1250 489 1295 nona.
534 1229 608 1313 Ege
629 1237 751 1308 autem,
774 1238 813 1294 ut
834 1230 988 1314 perpicue
1005 1235 1164 1312 appareat
1216 1227 1297 1307 (Iac.
1318 1232 1347 1306 5,
1370 1228 1433 1312 16).
1479 1229 1592 1312 Atqui,
1615 1229 1777 1297 haetenus
1797 1240 2001 1315 putaveram,
2024 1232 2201 1315 epistolam

181 1336 281 1400 quam
301 1315 486 1400 improbam
508 1315 690 1380 mentiendi
701 1314 869 1381 licentiam
883 1317 945 1382 sibi
958 1314 1162 1400 indulgeant,
1214 1313 1300 1380 hane
1323 1314 1408 1379 vivis
1431 1315 1589 1397 scriptam
1611 1336 1696 1396 esse,
1726 1338 1794 1382 nen
1818 1318 1967 1383 mortuis.
2011 1317 2088 1384 Hce
2109 1326 2200 1385 certe

181 1423 224 1471 ox
245 1402 385 1469 lectione
407 1402 480 1487 ipsa
502 1401 574 1467 fieri
594 1401 753 1468 iudicium
775 1402 890 1485 patiar.
1216 1400 1368 1464 acumine
1399 1401 1566 1465 neminem
1598 1401 1732 1481 ferient,
1771 1402 1835 1469 nisi
1867 1402 1966 1469 valde
1995 1404 2162 1471 obtusum.
2175 1404 2199 1485 ¹)

1215 1487 1285 1551 Eos
1307 1486 1459 1550 hortatur
1479 1486 1633 1564 Iacobus,
1663 1488 1720 1571 qui
1747 1508 1817 1553 non
1843 1489 1994 1555 doctrina
2019 1489 2119 1556 medo
2140 1489 2200 1557 sed

268 1571 462 1657 Sequuntur
490 1593 612 1656 genera
645 1571 711 1638 duo
739 1581 949 1638 mortuorum
977 1574 1164 1653 memoriae,
1216 1571 1357 1636 fratrum
1380 1592 1507 1655 queque
1533 1571 1683 1655 precibus
1710 1574 1771 1639 sub
1800 1576 1908 1642 earnis
1934 1576 2130 1642 infirmitate
2150 1576 2200 1644 la·

181 1679 266 1743 quae
286 1671 326 1725 nt
347 1659 528 1741 antiquitus
550 1659 686 1724 fuerunt
706 1659 809 1739 culta,
837 1660 886 1725 ita
912 1681 1001 1725 nnnc
1028 1659 1164 1725 retineri
1216 1655 1369 1723 herentes
1390 1657 1550 1743 indigent.
1595 1658 1637 1723 In
1664 1680 1729 1743 qne
1757 1680 1896 1725 numero
1927 1681 1997 1726 non
2024 1669 2107 1727 sunt
2133 1662 2200 1727 iarn

180 1745 300 1815 volunt
318 1744 524 1811 mediatores.
568 1746 643 1810 Mos
665 1746 823 1828 antiquus
844 1746 920 1821 fuit,
943 1745 1031 1810 inter
1052 1765 1165 1811 sacrae
1216 1743 1355 1826 apostoli
1377 1752 1436 1809 aut
1464 1750 1631 1828 martyres
1658 1745 1726 1810 suis
1754 1746 1989 1813 certaminibus
2016 1746 2199 1830 perfuncti:

106 1901 117 1920 ‚
181 1851 302 1899 coenae
329 1831 597 1910 celebrationem,
633 1832 796 1915 apostolos
823 1824 1062 1915 primariosquo
1090 1835 1164 1910 [pag.
1217 1850 1351 1895 cursum
1373 1830 1463 1895 enim
1484 1829 1631 1896 fidelium
1642 1838 1749 1897 morte
1771 1830 1897 1898 absolvi
1909 1832 2036 1898 Paulus
2057 1839 2199 1899 testatur

185 1923 259 1996 168]
282 1925 446 2002 martyres
468 1928 501 1983 et
521 1917 664 1982 maxime
683 1917 783 2001 vulgo
807 1924 901 1983 notos
924 1919 1104 1995 nominare,
1126 1924 1166 1981 ut
1216 1915 1355 2065 3211111.
1375 1924 1405 1982 4.
1426 1918 1470 1998 7).
1516 1914 1585 1982 Sed
1605 1937 1665 2000 par
1692 1925 1742 1984 est
1768 1939 1824 1984 ecs
1851 1918 1975 1984 nestris
1995 1917 2095 1984 malis
2122 1939 2198 1986 eon·

180 2003 301 2069 talibus
323 2002 483 2087 exemplis
503 2005 703 2070 excitaretur
724 2003 871 2068 emnium
888 2004 981 2069 fides.
1013 2000 1165 2070 Secundo
1239 2000 1391 2067 cleseere.
1440 2001 1539 2068 Unde
1566 2004 1666 2067 etiam
1695 2011 1729 2068 et
1757 2024 1817 2086 pro
1845 2004 1938 2069 nobis
1971 2003 2061 2088 apud
2089 2005 2200 2072 Deum

181 2088 252 2156 loeo
279 2088 462 2155 recitabant
488 2110 602 2155 eorum
628 2090 779 2170 nomina,
816 2090 873 2173 qui
900 2111 1015 2156 reeens
1043 2089 1165 2154 mertui
1216 2087 1420 2153 intercedere
1453 2089 1617 2170 sequitur:
1647 2090 1722 2171 quia
1744 2111 1805 2156 nee
1833 2089 1985 2156 voluntas
2006 2089 2076 2156 illis
2098 2089 2198 2172 deest,

182 2174 349 2258 specimen
376 2195 455 2241 suae
475 2176 608 2258 pietatis
635 2175 677 2240 ad
705 2181 891 2241 extremum
913 2174 1099 2242 ediderant:
1128 2183 1166 2238 ut
1217 2174 1448 2239 neofacultas.
1493 2174 1704 2256 Respondee,
1734 2176 1834 2240 nimis
1857 2177 1984 2242 curiose
2003 2176 2114 2243 fecere
2133 2197 2199 2257 eos,

182 2259 231 2325 ita
257 2259 394 2326 solenne
426 2261 585 2326 haberent
615 2281 693 2326 suae
723 2262 989 2345 perseverantiae
1017 2260 1164 2326 testimo-
1216 2259 1273 2342 qui
1295 2259 1562 2324 demortuorum
1584 2267 1675 2326 statu
1697 2260 1857 2340 divinant,
1878 2261 1964 2345 qued
1984 2261 2079 2329 nullo
2096 2264 2200 2348 serip-

181 2346 286 2411 nium.
335 2345 428 2412 Haec
456 2347 567 2411 omnia
592 2367 694 2429 quum
728 2345 769 2412 ad
797 2346 995 2412 christianae
1028 2346 1165 2411 unitatis
1217 2351 1312 2410 turae
1333 2345 1520 2411 testimonio
1540 2345 1707 2429 proditum
1728 2356 1787 2413 est.
1832 2348 1969 2414 Temere
1991 2369 2072 2416 vero
2093 2350 2200 2416 faeere

182 2431 501 2498 commendationem
521 2431 685 2511 valerent,
715 2433 866 2516 vivisque
893 2432 1043 2498 stimules
1065 2430 1164 2497 adde-
1216 2452 1280 2510 eos,
1303 2432 1359 2514 qni
1380 2432 1556 2497 affirmant
1585 2433 1829 2517 Regandisunt
1850 2433 2073 2502 moderatores
2094 2435 2201 2502 nostri

181 2526 259 2584 rent
280 2517 322 2584 ad
343 2517 538 2583 imitandam
559 2524 765 2583 mortuorum
787 2517 896 2598 fidem,
918 2525 952 2586 et
973 2518 1066 2583 nulla
1087 2516 1165 2585 sub·
1217 2515 1305 2582 unde
1324 2517 1391 2583 illis
1418 2518 1603 2583 revelatum
1623 2520 1739 2599 fuerit,
1768 2521 1920 2587 vivorum
1948 2522 2202 2589 necessitatibus

181 2612 269 2670 esset
290 2602 398 2670 adhuc
410 2605 616 2688 superstitio:
640 2605 849 2670 nesminime
870 2603 1103 2705 improbemus,
1126 2610 1166 2669 ut
1217 2603 1362 2670 conscios
1385 2625 1473 2682 esse,
1501 2625 1581 2686 quos
1603 2605 1644 2670 ab
1673 2626 1787 2671 eorum
1815 2607 1971 2672 societate
1992 2626 2084 2673 mors
2107 2627 2204 2693 sepa·

181 2689 266 2757 nihil
286 2710 370 2773 opus
391 2690 493 2755 fuerit
514 2690 774 2756 testimoniorum
791 2711 951 2776 congerie,
974 2711 1074 2774 quam
1095 2711 1165 2756 me·
1215 2690 1310 2754 ravit.
1355 2690 1469 2755 Verba
1501 2688 1597 2755 Pauli
1631 2698 1710 2756 sunt
1742 2690 1829 2776 apud
1857 2693 1999 2771 Lucam,
2033 2693 2205 2761 Davidem

182 2774 335 2856 diatores,
357 2775 588 2841 ostentationis
608 2777 718 2860 potius
739 2798 837 2859 quam
865 2777 1032 2842 doctrinae
1055 2797 1163 2854 eausa,
1215 2796 1318 2857 quum
1349 2776 1449 2841 aetati
1483 2797 1561 2841 suaa
1601 2778 1771 2844 serviisset
1802 2799 1874 2844 esse
1907 2785 2076 2843 mortuum
2109 2779 2205 2861 (Act.

181 2868 387 2929 coacervant.
432 2861 537 2927 Panlo
565 2869 641 2946 pest
662 2863 807 2946 obrepsit
829 2864 1001 2946 utrobique
1029 2882 1163 2944 eorrup-
1220 2864 1268 2940 13,
1288 2860 1353 2946 36).
1399 2860 1527 2943 Quibus
1549 2863 1744 2943 subindicat,
1770 2864 1875 2949 nenl)
1897 2864 2091 2930 ministrare
2112 2886 2208 2932 nunc

181 2947 257 3014 tela.
302 2946 390 3012 Nam
412 2956 447 3012 et
476 2970 539 3014 usu
565 2954 733 3032 receptum
756 2949 832 3029 fuit,
859 2955 898 3014 ut
920 2969 955 3014 se
976 2954 1164 3032 martyrum
1216 2969 1237 3012 a
1266 2951 1577 3027 [pag.170]merte
1606 2951 1840 3033 suaposteris.
1887 2948 1978 3030 Quin
2007 2952 2106 3035 regni
2136 2953 2209 3019 Dei

179 3033 332 3119 precibus
360 3034 467 3101 iuvari
495 3033 632 3100 ecelesia
663 3042 806 3118 peteret,
842 3055 982 3119 suasque
1016 3033 1163 3101 vicissim
1215 3033 1492 3116 complementum
1514 3041 1680 3117 expetant,
1703 3037 1889 3120 quicunque
1911 3044 1992 3102 sunt
2012 3057 2055 3101 ex
2074 3035 2211 3106 Christi

179 3140 293 3205 preces
315 3120 543 3203 interponeret
563 3141 623 3204 pro
642 3119 848 3205 impetrando
869 3121 1009 3186 mortuis
1025 3121 1163 3206 refrige·
1216 3139 1361 3202 corpore,
1384 3139 1452 3184 nen
1474 3140 1572 3204 nege:
1596 3121 1655 3186 sed
1675 3122 1741 3188 ilbs
1764 3122 1900 3188 affeetns
1914 3121 2061 3189 tribuere
2075 3126 2209 3193 nostris

179 3207 240 3286 rio,
263 3207 319 3290 qui
340 3206 376 3270 in
397 3205 462 3272 fide
484 3205 612 3272 Christi
634 3205 889 3293 decesserant.²)
932 3207 986 3272 Ita
1003 3204 1126 3290 duplex
1134 3205 1163 3288 ³)
1215 3205 1347 3284 similes,
1368 3205 1461 3287 quasi
1483 3207 1594 3271 emnia
1614 3215 1752 3272 cernant
1773 3229 1856 3292 quae
1877 3208 1913 3273 in
1930 3207 2055 3275 mundo
2077 3230 2212 3296 gerun-

180 3299 249 3357 tam
269 3298 457 3378 martyrum
480 3312 578 3376 quam
600 3293 740 3359 aliomm
751 3295 910 3360 memoria
930 3292 1067 3360 inducta
1088 3292 1161 3358 fuit.
1215 3298 1279 3371 tur,
1301 3291 1515 3356 temerarium
1537 3299 1596 3372 est,
1619 3293 1986 3378 nisiclarisscripturae
1999 3296 2209 3364 testimoniis

179 3377 250 3443 Nee
270 3398 350 3442 vere
372 3377 550 3457 dissimulo,
574 3379 655 3463 quin
676 3399 696 3443 a
717 3379 831 3446 multis
848 3379 988 3446 saeculis
1010 3379 1163 3445 obtinue-
1213 3385 1423 3442 monstretur.

179 3462 226 3528 rit
256 3471 395 3546 utraque
432 3465 631 3547 superstitio.
685 3463 753 3531 Sed
785 3467 822 3531 in
854 3466 1032 3550 religione,
1067 3467 1161 3530 cuius
1301 3462 1369 3530 Sed
1397 3464 1460 3529 hoe
1487 3484 1615 3547 quoque
1644 3472 1766 3549 urgent
1791 3465 2022 3532 moderatores.
2076 3467 2211 3536 Oniam

180 3548 316 3615 unicum
345 3557 396 3614 est
421 3550 676 3616 fundamentum
711 3559 846 3618 aeterna
874 3551 1000 3618 Christi
1026 3552 1161 3629 veritas,
1215 3551 1303 3615 enim
1324 3548 1491 3616 adducunt
1512 3559 1546 3615 et
1567 3551 1742 3616 Ieremiam
1772 3553 1828 3635 qui
1853 3554 1974 3618 mertui
2001 3572 2063 3636 pro
2092 3556 2211 3623 salute

180 3654 248 3700 non
268 3633 412 3699 multum
433 3635 545 3702 valere
568 3635 665 3702 debet
687 3657 851 3702 annerum
879 3658 1045 3702 numerus.
1089 3636 1162 3700 Iam
1214 3635 1325 3719 pepuli
1347 3635 1550 3718 protendunt
1571 3637 1613 3701 ad
1623 3637 1736 3702 Deum
1757 3659 1884 3704 manus.
1919 3638 1960 3703 Id
1971 3637 2093 3705 Iudam
2105 3641 2210 3710 Mae·

181 3720 222 3786 de
243 3719 352 3804 priore
379 3719 558 3788 videamus.
602 3720 678 3788 Non
706 3724 838 3789 recitari
867 3728 999 3786 tentum
1028 3721 1162 3788 honoris
1213 3723 1370 3788 eabaeum
1398 3723 1578 3788 somniasse
1607 3732 1737 3802 narrat,
1766 3725 1882 3802 fateor,
1912 3724 2080 3791 secundus
2105 3727 2210 3794 Mae-

180 3828 281 3877 cansa
302 3808 438 3872 nomina
459 3818 660 3892 martyrum,
691 3815 788 3891 atque
815 3817 855 3872 ut
875 3828 935 3890 pro
958 3808 1162 3958 e⁰mm0ffli⁰'
1214 3808 1410 3874 sabaeorum
1431 3806 1528 3872 liber:
1553 3806 1610 3872 sed
1632 3817 1793 3891 qnantum
1815 3809 1891 3875 fidei
1913 3811 2211 3881 mereatur-Indae

179 3895 248 3960 tate
270 3893 395 3978 gratias
412 3914 549 3977 agamus
570 3893 659 3973 Dee,
681 3892 878 3960 mediatores
898 3894 1023 3970 iubent,
1046 3915 1061 3956 s

179 4000 296 4046 eorum
325 3978 476 4062 precibus
507 3980 608 4046 etiam
640 3981 803 4047 iuvamur.
853 3980 925 4064 Ego
958 3989 1071 4044 antem
1103 3978 1163 4042 tali
1214 3985 1370 4060 precatur
1387 3977 1544 4044 historiae
1561 3978 1651 4045 illius
1669 3982 1818 4064 scriptor,
1847 3981 1993 4065 siquid,
2021 3982 2210 4053 hominum

179 4066 499 4143 commemoratione,
519 4067 761 4149 quasiprofano
776 4066 1036 4149 inquinamento,
1060 4064 1160 4147 polhri
1214 4084 1314 4143 mere,
1338 4063 1449 4130 minus
1471 4064 1639 4131 commode
1662 4065 1833 4133 scribendo
1858 4067 2042 4152 deliquerit.
2089 4071 2207 4139 Detur

179 4151 252 4219 dieo
272 4173 400 4218 sacram
423 4150 550 4218 Christi
571 4172 714 4218 coenam.
747 4151 835 4218 Nam
856 4173 960 4236 quum
981 4151 1089 4216 omnis
1110 4150 1161 4215 in-
1214 4170 1291 4233 ergo
1312 4149 1371 4227 illi,
1394 4171 1493 4232 qnam
1514 4152 1611 4234 petit,
1634 4152 1747 4218 venis:
1775 4153 1871 4219 modo
1900 4176 1942 4220 ne
1962 4176 2063 4237 quem
2083 4178 2206 4225 seeum

178 4239 309 4303 vocatio
330 4243 464 4320 puroet
485 4237 639 4321 religiosa
659 4259 731 4304 esse
753 4237 878 4316 debeat,
902 4245 974 4303 tum
986 4258 1067 4303 vere
1088 4258 1161 4322 my·
1214 4257 1325 4302 errare
1352 4243 1456 4320 cogat
1501 4237 1604 4303 Nobis
1625 4244 1735 4303 autem
1758 4239 1998 4323 qualiacunque
2021 4241 2203 4311 hominum

179 4323 318 4389 sterium
339 4324 400 4390 hec
414 4342 515 4406 quum
537 4324 731 4404 celebratur,
754 4325 975 4392 reverentiam
985 4322 1161 4390 invocandi
1213 4323 1337 4406 scripta
1357 4321 1543 4388 discernere
1564 4323 1699 4388 liceata
1721 4326 1818 4391 certis
1835 4325 1900 4391 Dei
1918 4326 2068 4394 craculis.
2103 4327 2205 4396 Scire

179 4408 245 4475 Dei
277 4411 348 4475 eius
381 4418 558 4493 conspeetu
590 4411 706 4496 augeri
739 4410 840 4477 decet.
896 4411 1016 4488 Porro,
1050 4407 1160 4474 Deum
1213 4416 1325 4475 tamm
1346 4409 1463 4486 velim,
1488 4431 1547 4474 eur
1577 4430 1644 4474 nen
1668 4408 1776 4476 Oniae
1810 4423 1845 4477 et
1866 4413 2026 4479 Ieremias
2053 4416 2203 4497 patroci-

179 4493 243 4560 rite
265 4495 354 4560 erari
373 4505 476 4580 negat
496 4495 635 4576 Paulus,
665 4496 768 4563 denec
790 4496 897 4563 edocti
925 4501 999 4575 [pag.
1021 4499 1094 4573 169]
1116 4495 1160 4561 si·
1212 4495 1321 4574 nium,
1350 4493 1437 4578 qued
1465 4494 1528 4561 sibi
1556 4515 1599 4560 ex
1626 4496 1790 4580 scriptura
1816 4507 1933 4563 notum
1961 4520 2033 4564 esse
2060 4501 2201 4582 iactant,

179 4599 254 4645 mus
280 4581 352 4646 eius
381 4581 481 4647 verbe
507 4581 776 4668 (Rom.10,14).
821 4583 918 4650 Unde
943 4586 1073 4649 constat
1094 4602 1160 4646 non
1211 4581 1319 4662 potius
1348 4580 1579 4646 commendent
1605 4582 1841 4662 moderatores,
1876 4605 1976 4668 quam
2002 4585 2114 4668 Petri,
2146 4589 2202 4656 vel

179 4685 251 4732 esse
269 4665 451 4750 legitimam
463 4668 739 4748 orandisormam,
761 4669 826 4735 nisi
847 4689 931 4753 quae
952 4669 995 4733 sit
1014 4669 1049 4733 in
1060 4666 1160 4733 verbe
1211 4666 1319 4745 Pauli,
1343 4666 1384 4732 de
1405 4688 1469 4750 que
1491 4667 1574 4733 nihil
1597 4669 1662 4734 tale
1679 4669 1845 4753 preditum
1865 4676 1924 4736 est.
1969 4671 2084 4754 Atqui,
2106 4689 2201 4757 post-

1124 3899 1164 3957 ut
1215 3893 1393 3969 somnium,
1423 3891 1526 3969 unde,
1556 3914 1691 3975 quaeso,
1721 3897 1927 3961 statuemus?
1972 3896 2120 3965 Veniam
2145 3899 2209 3967 de-

182 4815 386 4823 *—

250 4904 279 4970 1)
303 4904 351 4959 des
373 4906 436 4974 plus
459 4907 569 4964 lourdes
597 4909 751 4966 absurditas
781 4913 826 4980 qui
853 4911 912 4965 leur
938 4909 1056 4978 depaent
1082 4907 1160 4975 quasi
1283 4904 1312 4971 1)
1331 4903 1411 4959 Ceste
1435 4907 1554 4961 subtihte
1580 4905 1660 4976 qu‘ilz
1683 4910 1818 4964 ameinent
1842 4917 1885 4966 est
1907 4918 1970 4980 trop
1998 4911 2096 4968 leurdo
2125 4930 2198 4983 pour

180 4989 274 5031 prover
290 4973 331 5028 les
348 4989 427 5043 yeux,
1212 4973 1327 5027 toucber
1350 4973 1397 5027 des
1420 4976 1521 5043 espritz
1544 4980 1631 5044 aigun.
1666 4977 1689 5031 11
1712 4978 1808 5033 sendra
1832 4980 1903 5036 donc
1925 4997 1977 5049 que
2001 4979 2037 5034 ila
2061 4981 2103 5037 les
2121 4990 2196 5039 trou-

248 5041 280 5107 2)
300 5041 442 5097 Postrema
460 5043 526 5098 boec
542 5046 625 5100 verbo
642 5047 794 5103 1111111111
811 5047 962 5118 exemplari
976 5045 1083 5115 pateo.
1212 5048 1278 5096 vent
1295 5042 1350 5095 fort
1366 5044 1457 5111 espais
1493 5061 1543 5098 our
1561 5054 1729 5102 reneentrar.

248 5111 279 5179 3)
297 5112 397 5181 triplex
415 5111 492 5167 Bere
509 5120 533 5167 et
551 5113 638 5170 Amet.
920 5168 924 5181 ,
1279 5107 1310 5176 2)
1329 5108 1391 5165 Non
1408 5061 1535 5167 mendose
1552 5130 1602 5168 om.
1621 5113 1697 5170 Besa
1715 5122 1740 5171 et
1758 5115 1845 5172 Amet.
