4620 5894
177 225 219 287 11
1000 218 1069 313 Ι11
1090 213 1365 289 1111111111.
2154 172 2196 283 rc

176 408 366 488 adversarii,
388 406 467 471 dum
488 428 562 473 eam
584 406 762 472 dissolutae
779 405 931 473 licentiae
952 405 1157 485 insimulant,
1209 404 1317 488 magis
1340 412 1595 469 consentaneam
1618 424 1690 469 esse
1713 411 1862 470 vetemm
1884 404 2069 471 doctrinm
2092 424 2194 491 papa-

174 502 350 579 propterea
382 492 470 576 quod
503 499 574 558 tam
613 492 778 557 ottonibus
818 491 914 559 malis
955 491 1158 576 corrigendis
1211 496 1266 554 tus
1288 488 1499 572 corruptelis,
1526 508 1625 572 quam
1653 489 1724 557 ovis
1752 490 1830 575 lupo
1852 491 1968 559 similis
1991 498 2057 557 eet:
2091 511 2195 574 quae-

176 585 252 661 [pag.
271 580 326 663 97]
348 578 531 662 legitimum
549 578 738 663 coniugium
755 577 937 660 permittat.
982 577 1158 660 Rumpan-
1211 574 1288 639 dam
1310 582 1422 641 tamen
1444 595 1558 641 eorum
1580 574 1721 641 dictaeo
1744 576 1878 643 voculas
1900 577 2001 643 etiam
2021 576 2196 645 interdum

176 673 232 732 tur
249 665 333 744 lieet,
353 665 409 748 qui
427 674 577 730 coactum
594 663 721 747 papalis
739 662 819 730 cleri
833 662 1029 729 caelibatum
1047 685 1158 729 emen·
1211 683 1276 725 non
1294 662 1404 726 minus
1421 681 1577 744 perverse
1594 681 1694 744 quam
1711 662 1859 745 improbe
1873 664 2045 746 arripiunt,
2059 664 2085 747 ¹)
2103 663 2195 731 unde

176 751 247 817 titis
267 750 419 816 laudibus
437 769 554 815 ornare
576 771 644 814 non
662 756 802 828 cessant,
825 750 859 814 in
878 748 1024 815 maxima
1046 757 1158 814 tamen
1211 745 1357 826 rudibus,
1381 762 1414 811 et
1435 746 1469 810 in
1492 767 1606 812 eorum
1622 745 1762 813 lectione
1783 768 1849 813 non
1872 748 2061 815 exercitatis
2081 749 2197 817 fucum

175 844 270 921 parte
298 835 519 902 foedissimam
553 836 660 899 omnis
691 835 867 918 spurcitiae
899 834 1056 919 abyssum
1088 854 1159 901 esse
1211 833 1341 898 faciant.
1387 830 1526 915 Quoties
1552 839 1685 915 patrum
1712 832 1779 898 illis
1800 834 1990 901 testimonia
2010 834 2194 911 obiicimus,

177 931 318 989 constat:
348 923 385 986 in
405 922 446 987 iis
468 928 579 986 autem
601 921 657 1003 qui
678 922 886 987 continentes
908 920 1079 1000 videntur,
1107 920 1159 985 ni-
1211 918 1312 983 etiam
1340 918 1369 984 si
1395 916 1539 1000 pondere
1567 924 1601 982 et
1627 939 1767 984 numero
1796 941 1832 985 se
1853 920 1952 985 obrui·
1969 919 2124 997 videant,
2156 928 2195 987 ut

176 1009 355 1074 hilominus
381 1008 547 1090 impuram
580 1006 734 1072 lacunam
745 1008 770 1090 l)
793 1028 865 1072 esse
895 1006 975 1072 dieo.
1021 1006 1157 1072 Talibus
1211 1006 1362 1087 tamen2)
1380 1024 1624 1087 supraomnem
1641 1004 1700 1068 teli
1717 1004 1841 1071 iactum
1860 1004 1921 1071 sibi
1943 1004 2099 1073 videntur
2116 1026 2194 1073 eon-

176 1095 309 1173 soilicet,
333 1114 435 1176 quum
457 1091 595 1158 occultis
616 1091 793 1158 libidinum
815 1092 966 1171 flammis,
994 1102 1066 1157 tum
1088 1113 1159 1157 ma·
1212 1090 1330 1169 stituti,
1349 1110 1462 1155 secure
1474 1096 1688 1154 contemnunt
1699 1111 1737 1156 ac
1748 1090 1865 1156 rident.
1889 1088 2097 1159 Sedesenim
2114 1113 2193 1178 apo-

176 1177 463 1263 11111111111111111
490 1177 685 1245 diabolicam
713 1178 808 1244 illam
834 1176 1004 1244 audaciam
1030 1178 1158 1244 ulcisci-
1211 1175 1335 1255 stolica,
1363 1174 2193 1327 1111111111111111111111113)]111111111111111111

176 1276 232 1331 tur
254 1265 355 1345 Deus,
378 1263 465 1347 quod
487 1272 675 1348 contempto
696 1264 841 1349 coniugii
861 1263 1028 1342 beneficio,
1052 1264 1159 1331 instar
1211 1197 1549 1328 suefacdeabsorbet.
1572 1260 1854 1346 Neequidquami
1879 1262 1986 1331 ishac
1999 1264 2192 1347 exceptione

176 1352 350 1437 gigantum
370 1349 582 1434 babylonicas
611 1350 713 1417 moles
741 1358 931 1429 exstruunt,
960 1349 1079 1433 quibus
1099 1371 1158 1414 na·
1210 1348 1393 1431 promptius
1416 1355 1474 1427 est,
1498 1348 1632 1430 quaevis
1655 1355 1789 1430 patrum
1810 1348 1930 1415 iudicia
1956 1349 2041 1415 nihil
2063 1369 2100 1415 se
2122 1369 2191 1415 mo-

174 1446 287 1502 turam
309 1451 343 1501 et
364 1437 474 1502 Deum
504 1444 704 1520 expugnent.
750 1438 862 1520 Atque
894 1436 942 1500 ita
968 1435 1041 1500 fieri
1063 1455 1159 1519 opor·
1211 1435 1288 1514 rari,
1310 1434 1366 1499 ubi
1389 1454 1408 1498 1
1431 1442 1545 1499 sancta
1562 1432 1639 1498 sede
1653 1434 1807 1500 Romana
1824 1434 1921 1501 aliter
1937 1434 2192 1518 pronunciatum

175 1522 248 1603 tuit,
271 1531 311 1586 ut
333 1522 449 1587 saltem
470 1520 633 1588 discerent
654 1521 813 1601 homines,
836 1542 910 1587 eam
933 1525 1066 1586 11111111
1088 1542 1160 1586 esse
1210 1520 1281 1585 fuit
1327 1519 1417 1603 Ergo
1439 1519 1528 1603 apud
1553 1518 1628 1585 illos
1655 1541 1698 1585 ne
1726 1520 1784 1603 pili
1807 1519 1940 1604 quidem
1961 1520 2191 1587 aestimabitur

176 1628 291 1674 veram
313 1609 514 1687 castitatem,
538 1630 639 1690 quam
659 1606 752 1674 nobis
774 1607 840 1672 Dei
861 1607 978 1691 regula
998 1607 1158 1692 praescri·
1211 1612 1300 1671 totus
1329 1613 1461 1689 patrum
1487 1606 1621 1685 chorus,
1656 1604 1722 1671 nisi
1749 1608 1796 1671 ite
1823 1606 1954 1672 libitum
1981 1606 2099 1673 fixerit:
2132 1627 2189 1673 nos

174 1694 233 1759 bit.
278 1693 348 1760 Nos
376 1701 487 1760 autem
515 1694 593 1776 quia
621 1693 784 1759 belluinos
818 1693 984 1772 lascivias,
1017 1714 1160 1777 quarum
1211 1699 1322 1757 autem
1344 1690 1502 1776 quidquid
1531 1690 1588 1755 uni
1616 1712 1731 1756 eorum
1753 1692 1888 1758 cuilibet
1908 1693 2020 1760 minus
2042 1692 2190 1759 consida-

175 1779 290 1846 nullus
310 1788 360 1845 est
381 1777 497 1845 modus
518 1779 554 1844 in
575 1787 708 1862 papatu,
738 1778 927 1845 cohibemus
948 1780 1061 1845 fraeno
1082 1799 1159 1846 con-
1211 1786 1282 1844 rate
1304 1776 1441 1855 excidit,
1469 1776 1601 1860 tanta⁴)
1632 1778 1782 1860 protinus
1809 1777 1969 1862 religione
1998 1778 2188 1864 obstringat,

175 1866 211 1931 iu
236 1864 288 1944 ali,
312 1864 479 1948 proposita
501 1866 592 1930 carni
614 1866 780 1944 libertate,
811 1864 1006 1931 modestiam
1028 1886 1160 1931 omnem
1211 1872 1249 1929 ut
1276 1863 1329 1930 111
1357 1861 1525 1927 tantillum
1554 1861 1738 1946 discrepare
1767 1863 1811 1928 sit
1838 1865 1939 1930 nefas.
1985 1863 2115 1930 Iterum
2141 1885 2190 1931 re·

175 1886 305 2017 solvere
328 1950 477 2015 dicimur.
522 1951 568 2015 Et
590 1951 668 2034 quid
690 1951 824 2017 mirum:
848 1973 950 2035 quum
972 1960 1007 2017 et
1025 1950 1158 2017 Christo
1211 1957 1296 2034 peto,
1319 1949 1492 2014 confusum
1513 1947 1602 2013 istud
1625 1955 1659 2013 et
1680 1949 1904 2034 prodigiosum
1932 1959 2073 2034 papatus
2095 1950 2190 2017 chaos

175 2045 210 2103 11
230 2037 334 2103 Ρ1111
356 2035 464 2103 simile
488 2035 643 2120 quiddam
665 2039 900 2121 exprobratum
923 2038 1036 2103 fuerit:
1072 2058 1109 2103 ae
1131 2037 1159 2101 si
1212 2036 1345 2119 antiquo
1373 2033 1529 2100 ecelesiae
1557 2035 1710 2117 regimini
1733 2040 1808 2115 [pag.
1828 2041 1883 2115 99]
1907 2044 1974 2100 tam
2000 2057 2075 2102 esse
2098 2035 2191 2102 dissi·

176 2120 256 2188 data
277 2143 376 2206 opera
392 2123 423 2187 11
449 2123 476 2188 ’1
494 2123 611 2207 iugum
630 2123 807 2199 solverent,
831 2134 868 2188 ut
890 2143 949 2189 sua
968 2121 1159 2187 hominibus
1211 2121 1298 2198 mile,
1321 2128 1448 2185 utnon
1469 2120 1575 2203 magis
1597 2120 1684 2205 ignis
1706 2122 1746 2187 ab
1773 2142 1859 2205 aqua
1880 2120 2047 2187 dissideat
2094 2120 2192 2204 Quod

176 2208 331 2274 voluntas
349 2229 408 2290 pro
425 2144 503 2292 ddge
526 2208 636 2273 esset?
682 2209 796 2291 Neque
818 2210 907 2273 enim
928 2221 999 2273 tam
1021 2208 1159 2273 sollicite
1211 2207 1296 2271 siin
1319 2226 1357 2271 eo
1385 2204 1571 2271 damnando
1600 2226 1692 2271 acres
1721 2208 1860 2272 nimium
1887 2207 2040 2277 videmur
2067 2207 2192 2275 11111-

176 2303 358 2377 purgarent
380 2314 475 2359 suam
493 2292 675 2359 doctrinam
693 2314 712 2357 1
730 2295 912 2371 calumniis,
931 2295 995 2359 nisi
1014 2293 1159 2358 hostium
1211 2293 1304 2369 mosi,
1325 2292 1423 2376 longe
1440 2292 1545 2355 maior
1563 2299 1648 2357 esset
1660 2300 1791 2375 patrum
1810 2294 2027 2373 vehementia,
2045 2294 2075 2359 si
2096 2292 2191 2359 hodie

176 2380 387 2461 improbitate
406 2390 439 2442 et
457 2379 623 2444 virulenta
642 2380 808 2461 protervia
828 2380 938 2446 coacti.
970 2380 1158 2458 Caeterum,
1211 2379 1372 2444 viverent.
1418 2376 1514 2443 Adde
1536 2376 1622 2461 quod
1642 2378 1719 2443 boni
1740 2379 1794 2444 isti
1816 2378 1885 2459 filii,
1909 2383 1963 2462 qui
1986 2388 2120 2463 patrum
2137 2400 2192 2446 no-

177 2466 365 2548 quicunque
388 2480 466 2529 sunt
486 2464 659 2542 sanabiles,
683 2465 1159 2532 11111111111111111111111
1212 2485 1289 2529 men
1300 2465 1406 2529 instar
1417 2463 1503 2546 pilae
1514 2463 1656 2528 ludendo
1668 2465 1802 2542 iactant,
1814 2466 2035 2532 crassissimos
2046 2487 2192 2551 quosque

177 2549 324 2634 placatos
346 2570 417 2615 1111
436 2550 571 2627 confido,
593 2572 635 2615 ne
654 2550 846 2615 scandalum
864 2551 986 2617 1111111
1005 2551 1157 2617 tamlevi
1211 2571 1340 2614 errores
1363 2547 1517 2615 videntur
1539 2547 1615 2614 data
1636 2570 1735 2632 opera
1757 2551 1892 2636 eligere:
1915 2551 2033 2635 quibus
2056 2553 2123 2617 nisi
2145 2572 2194 2618 es-

177 2636 362 2718 frivolaque
383 2636 522 2701 materia
543 2635 712 2702 fabricent.
1212 2637 1411 2714 sentimur,
1442 2656 1502 2701 nos
1523 2636 1625 2701 totius
1654 2640 1828 2702 vetustatis
1850 2638 1961 2703 hostes
1984 2659 2055 2703 esso
2079 2637 2192 2705 elami-

264 2721 376 2787 Habet
396 2720 486 2786 istud
514 2742 642 2805 quoque
665 2720 789 2805 aliquid
810 2721 941 2787 coloris:
977 2721 1159 2787 doctrinam
1211 2730 1293 2789 tant.
1338 2720 1471 2787 Obtulit
1493 2719 1647 2786 Abrahae
1670 2743 1711 2787 11
1732 2723 1855 2806 proelio
1877 2723 2030 2789 redeunti
2052 2723 2193 2792 Melchi-

177 2816 327 2873 nostram
348 2828 424 2874 eum
446 2814 611 2874 vetustate
634 2816 667 2873 et
688 2808 894 2873 saeculorum
915 2809 1063 2873 omnium
1084 2829 1160 2874 con·
1212 2807 1307 2873 sedec
1329 2828 1451 2891 panem
1473 2816 1507 2872 et
1527 2807 1658 2873 vinum:
1682 2810 1879 2875 sacrificium
1901 2831 1972 2876 esse
1993 2817 2116 2894 putant
2137 2832 2194 2879 ve·

178 2915 279 2960 sensu
304 2913 461 2978 pugnare.
506 2893 625 2977 Itaque
653 2893 690 2958 in
712 2914 750 2959 eo
778 2915 813 2960 se
841 2894 985 2959 maxime
1013 2893 1160 2977 papistae
1213 2892 2192 2977 11111111111111111110111111111111111111111111111

177 2980 301 3044 1111111
310 2979 337 3065 ²)
360 2979 558 3062 praesertim
585 2980 641 3045 ubi
671 2980 797 3045 inflatis
819 2980 907 3045 tibiis
936 2979 1003 3045 alta
1023 2979 1082 3043 illa
1103 3000 1159 3062 pa·
1212 2979 1356 3044 Puerilis
1378 2980 1446 3044 fere
1466 2979 1688 3047 hallucinatio.
1733 2982 1836 3064 Atqui
1859 3003 1900 3046 11
1923 2991 1993 3047 tam
2014 2982 2195 3067 praeclaris

177 3065 846 3131 1111111111111111111111111111111.
892 3063 1058 3147 Quoniam
1080 3066 1160 3131 satis
1213 3086 1327 3131 eorum
1348 3065 1632 3132 lucubrationibus
1654 3067 1738 3132 nihil
1765 3088 1867 3151 aeque
1897 3070 2035 3152 papistis
2059 3067 2193 3137 arridet.

176 3158 294 3217 notum
317 3162 375 3230 est,
399 3172 498 3234 quam
521 3151 633 3217 odiosa
655 3151 699 3218 sit
720 3160 753 3217 et
771 3162 923 3235 suspecta
944 3152 982 3216 in
1002 3151 1160 3236 religione
1213 3151 1264 3217 Ne
1286 3152 1348 3216 hac
1369 3151 1406 3216 in
1426 3162 1520 3237 parte
1542 3174 1630 3217 nune
1648 3155 1711 3218 sim
1728 3154 1867 3238 longior,
1891 3156 1948 3239 qui
1968 3157 2094 3222 versati
2115 3162 2195 3222 sunt

176 3238 317 3316 novitas,
339 3238 508 3320 imperitos
532 3259 552 3302 a
574 3236 721 3303 doctrina
740 3245 853 3304 nostra
871 3239 1058 3304 absterrent
1074 3240 1160 3304 eius·
1214 3238 1249 3302 in
1277 3247 1410 3322 patrum
1438 3237 1584 3321 seriptis,
1620 3244 1653 3303 11
1680 3239 1889 3306 mediocriter
1916 3239 2080 3323 iudicant,
2113 3242 2193 3309 satis

177 3322 268 3388 modi
290 3329 472 3405 praetextu.
517 3324 563 3388 Et
584 3324 688 3389 fateor
708 3332 811 3403 certe,
841 3324 870 3390 si
899 3324 1078 3408 quidquam
1100 3345 1160 3390 no·
1212 3324 1405 3410 intelligunt
1426 3346 1485 3390 nos
1506 3324 1641 3389 illorum
1662 3326 1844 3407 autoritate,
1869 3327 1911 3393 ad
1932 3329 2193 3414 oppugnandum

177 3430 258 3474 vum
281 3409 446 3487 afferatur,
469 3408 604 3474 minime
622 3432 694 3475 esse
716 3409 925 3476 audiendum.
971 3409 1039 3476 Sed
1060 3410 1160 3478 huius
1213 3418 1379 3495 papatum,
1402 3433 1473 3477 esse
1495 3410 1681 3476 instructos.
1727 3411 1864 3492 Verum,
1888 3420 1927 3478 ut
1946 3421 2138 3481 statuantur
2158 3417 2193 3481 in

178 3493 326 3560 criminis
348 3493 441 3558 nulla
464 3500 538 3574 [pag.
558 3499 612 3574 91]
634 3495 752 3561 melior
780 3504 830 3561 est
859 3504 916 3561 aut
938 3498 1058 3563 certior
1079 3519 1159 3581 pur·
1212 3497 1335 3575 medio,
1352 3500 1380 3580 ὃ)
1414 3498 1547 3579 propius
1576 3504 1689 3561 tamen
1724 3496 1765 3563 ad
1799 3519 1860 3564 nos
1886 3500 2049 3567 accedent
2095 3500 2192 3569 Unde

179 3579 282 3663 gatio,
311 3600 409 3662 quam
431 3579 517 3661 quod
539 3580 623 3644 nihil
646 3582 748 3663 recipi
776 3581 946 3663 volumus,
974 3585 1039 3648 nisi
1062 3585 1159 3649 claris
1213 3605 1291 3669 ergo
1312 3589 1406 3663 tanta
1424 3580 1567 3648 scandali
1586 3582 1725 3668 1111116)
1747 3585 1908 3649 struitur?
1942 3587 2053 3670 Atque
2076 3597 2115 3654 ut
2137 3588 2192 3655 de·

178 3662 355 3748 solidisque
388 3666 570 3747 scripturae
598 3668 796 3732 testimoniis
821 3666 1004 3749 probatum.
1050 3671 1159 3751 Atque
1212 3690 1303 3747 mus,
1331 3688 1399 3732 non
1426 3689 1520 3751 posse
1548 3669 1652 3734 asseri
1681 3691 1701 3734 1
1728 3671 1824 3737 nobis
1851 3679 1885 3736 11
1912 3673 2044 3738 restitui
2073 3694 2192 3758 puram

177 3751 214 3815 in
236 3750 300 3817 hoc
322 3749 425 3814 bobus
450 3758 484 3814 et
507 3750 622 3829 asinis,
652 3752 708 3834 qni
731 3773 887 3835 praesepe
916 3753 1033 3818 saltem
1061 3775 1158 3819 suum
1212 3754 1277 3818 Dei
1306 3755 1493 3832 veritatem,
1529 3754 1611 3836 quin
1643 3777 1678 3821 se
1711 3763 1825 3821 contra
1860 3758 1975 3824 efferat
2008 3759 2066 3824 ille
2094 3781 2193 3844 quem

178 3844 378 3921 agnoscunt,
414 3835 613 3919 stupidiores
645 3858 715 3902 esse
743 3839 890 3921 papistas
917 3848 1068 3921 apparet:
1103 3841 1160 3922 qui
1213 3838 1403 3922 praedicant
1424 3840 1604 3904 multorum
1627 3842 1832 3908 saeculorum
1854 3865 2036 3911 consensus
2066 3849 2193 3931 (quem-

176 3943 280 4006 quum
302 3920 554 3988 novitiumsibi
575 3920 687 3989 Deum
709 3924 952 4002 fabricaverint,
974 3925 1023 3989 ita
1044 3946 1158 4003 unum,
1213 3923 1390 3989 admodum
1412 3926 1453 3989 ab
1481 3925 1578 3990 annis
1608 3927 1697 3992 mille
1725 3929 1771 3994 sic
1793 3929 1936 4012 collapsa
1958 3932 2061 3998 fuisse
2084 3933 2194 3999 omnia

176 4030 293 4075 verum
315 4016 349 4073 et
377 4018 549 4073 aeternum
577 4009 672 4075 obliti
694 4020 787 4089 sunt,
816 4018 855 4074 ut
881 4010 974 4074 nulla
999 4009 1065 4075 illis
1087 4032 1159 4076 eoe-
1211 4011 1330 4088 fateor,
1359 4017 1398 4074 ut
1419 4030 1508 4075 nova
1530 4011 1670 4078 subinde
1693 4034 1843 4081 errorum
1866 4026 1900 4080 11
1921 4019 2194 4100 superstitionum

176 4094 311 4161 lestium
344 4093 552 4159 oraculorum
590 4097 771 4179 antiquitas
804 4095 919 4178 sapiat.
975 4096 1160 4179 Excipiunt
1210 4104 1359 4162 monstra
1379 4095 1592 4180 pullularint)
1621 4098 1699 4181 quid
1721 4101 1887 4166 tamenin
1911 4103 2076 4169 eiusmodi
2098 4103 2193 4171 dissi·

176 4190 290 4247 tamen
312 4182 509 4265 scripturam
531 4178 614 4246 falso
638 4201 657 4244 1
679 4180 773 4246 nobis
796 4180 944 4259 obtendi,
974 4183 1029 4265 qui
1052 4189 1159 4247 totum
1212 4182 1266 4247 dio
1296 4182 1473 4248 inveniunt
1499 4189 1594 4247 tanta
1627 4185 1809 4251 offensione
1850 4187 2009 4271 dignum?
2068 4191 2107 4257 Si
2135 4192 2194 4257 fiat

176 4269 298 4333 veteris
311 4267 467 4334 ecclesiae
485 4287 682 4333 consensum
700 4274 848 4332 evertere
866 4288 1033 4333 conemur.
1067 4269 1159 4332 Trita
1212 4270 1421 4352 comparatio,
1442 4268 1541 4351 primi
1560 4279 1649 4334 certe
1672 4271 1720 4335 illi
1738 4272 1798 4337 sub
1817 4274 1934 4355 quibus
1957 4276 2070 4340 floruit
2092 4277 2192 4345 eccle-

176 4352 311 4435 qnidem
332 4354 422 4418 inter
444 4374 500 4417 eos
522 4353 701 4431 calumnia,
733 4351 792 4418 sed
814 4361 882 4417 tam
903 4353 1034 4435 putida,
1064 4355 1159 4418 utin
1212 4354 1276 4434 sia,
1307 4355 1360 4419 111
1383 4355 1445 4420 soli
1472 4355 1612 4439 legitimi
1639 4364 1750 4440 patres
1779 4358 1894 4424 haberi
1923 4368 2111 4442 merentur,
2140 4363 2193 4430 vel

177 4439 247 4502 eius
268 4439 468 4503 refutatione
486 4439 628 4504 multum
647 4440 805 4523 temporis
823 4459 1016 4505 consumere
1038 4441 1157 4523 pigeat
1211 4441 1425 4525 praecipuum
1444 4440 1560 4506 saltem
1578 4441 1712 4508 honoris
1729 4443 1869 4528 gradum
1887 4446 1977 4511 inter
1994 4455 2108 4531 patres
2125 4451 2193 4515 iure

178 4522 308 4586 Deinde
330 4523 372 4587 ad
395 4546 469 4590 eam
498 4547 569 4589 rem
590 4525 729 4610 longum
757 4525 914 4591 volumen
936 4526 1160 4590 necessarium

177 4615 274 4671 esset.
320 4609 365 4672 Et
386 4609 460 4674 libri
482 4612 586 4677 nostri
606 4610 736 4676 abunde
758 4617 930 4688 testantur,
959 4610 988 4675 si
1010 4618 1161 4676 veterum

179 4701 381 4776 quaerantur
403 4695 569 4779 SUfffflgiar
592 4696 658 4763 illis
683 4717 815 4763 causam
838 4705 986 4761 n⁰⁸tmm
1008 4696 1158 4763 adiuvari
1282 4730 1312 4794 1)
1331 4732 1371 4785 les
1390 4731 1513 4786 Caffards
1532 4740 1560 4787 et
1578 4740 1670 4787 autres
1686 4734 1823 4789 zelateurs
1841 4736 1878 4791 du
1896 4737 1969 4807 siege
1988 4737 2114 4793 Romaim

179 4777 288 4862 magis
321 4800 421 4861 quam
460 4783 573 4864 premi.
630 4781 745 4863 Quum
777 4784 857 4849 satis
895 4789 1025 4849 constet
1057 4782 1159 4847 nihilo
1280 4798 1311 4864 2)
1331 4807 1490 4854 1111111111.
1510 4801 1586 4856 Besa
1604 4808 1630 4856 et
1645 4803 1734 4857 Amat.

1280 4867 1311 4931 3)
1331 4874 1407 4923 toute
1426 4869 1565 4924 l'antoriti
1584 4871 1632 4925 des
1650 4871 1769 4942 lllartprs
1787 4878 1816 4926 et
1833 4872 2022 4929 Confesseurs.

1281 4935 1399 4999 411111
1418 4952 1513 4992 serens
1530 4947 1644 5008 reputer
1662 4941 1817 5009 heretiquss
1836 4947 1914 4996 11111.
1933 4958 1984 4997 cm.

1280 5003 1312 5070 b)
1331 5004 1369 5057 Et
1386 5022 1469 5061 encor
1487 5024 1539 5075 que
1556 5024 1625 5064 nous
1648 5009 1775 5065 laissions
1793 5010 1835 5066 les
1853 5011 1937 5066 Pares
1961 5027 2065 5067 comme
2083 5024 2193 5071 1111111

250 5069 280 5134 1)
297 5086 350 5123 une
369 5085 485 5123 cavente
503 5069 640 5126 d’ordures
659 5078 799 5127 secrettes.
1213 5089 1277 5128 sans
1295 5089 1363 5127 nous
1382 5089 1414 5128 en
1434 5074 1518 5130 nider.

250 5136 281 5205 2)
300 5138 341 5194 les
359 5139 482 5208 papistes
500 5154 534 5192 en
553 5146 649 5193 serent
665 5140 727 5194 bien
744 5141 813 5196 faire
830 5140 904 5195 leurs
923 5143 1013 5197 111111
1030 5158 1102 5212 gras.
1281 5141 1311 5208 6)
1330 5141 1404 5196 Add.
1424 5143 1491 5199 dont
1507 5145 1541 5199 ils
1561 5145 1670 5200 venient
1688 5163 1782 5201 crever
1800 5148 1841 5202 les
1858 5164 1930 5219 yeux
1946 5165 2003 5204 111
2021 5151 2143 5221 simplas
