4590 5902
106 263 168 326 ets
844 260 1205 330 REFORMANDAE
1228 261 1383 331 RATIO.
2064 268 2129 334 6⁷4

105 453 217 533 turba,
240 450 293 516 sui
313 451 427 529 oblita,
457 452 610 518 alaeriter
630 473 665 518 se
687 452 729 518 ad
750 458 891 517 mortem
913 452 1083 518 offerebat:
1136 452 1295 518 ooneidat.
1329 451 1509 519 curenno
1532 453 1765 520 inaestimabili
1787 453 1851 518 Dei
1871 453 2028 519 beneficio
2050 454 2124 520 diu-

106 547 230 608 utnon
250 538 315 604 uisi
337 560 396 622 per
418 548 564 623 stragem
576 558 750 621 corporum
768 559 903 604 suorum
923 537 977 603 via
998 537 1085 603 idolo
1109 500 1112 627 Ι
1137 539 1203 626 tius
1235 539 1438 618 fruerentur,
1471 540 1528 623 qui
1556 560 1616 623 pro
1650 539 1754 605 nihilo
1787 541 1896 623 ipsum
1930 538 2121 606 duxerunt?

127 633 242 692 steret
276 624 322 689 ut
344 645 404 689 nos
426 643 493 689 non
515 622 682 707 lapideum
692 624 758 690 iam
771 624 942 707 templum,
965 624 1085 707 inquo
1136 624 1229 690 Haeo
1250 624 1324 690 ideo
1350 623 1436 703 dieo,
1464 632 1502 690 ut
1524 626 1711 709 quiounque
1733 625 1843 710 aliquo
1865 625 1998 709 pietatis
2021 647 2124 693 sensu

158 733 198 778 us
226 712 412 789 inroretur,
441 709 615 790 habentes,
646 709 704 776 sed
727 710 833 775 filium
855 708 935 787 Dei,
964 710 999 773 in
1022 731 1085 793 quo
1138 714 1212 789 [pag.
1239 715 1313 789 203]
1342 718 1541 795 tanguntur,
1571 713 1664 795 quasi
1693 718 1829 777 extenta
1856 711 1921 777 Dei
1950 732 2053 778 manu
2080 710 2125 779 ed

104 805 175 867 tota
194 797 299 881 patris
320 797 474 863 maiestas
491 795 628 873 habitat,
650 795 785 861 silentes
795 796 905 879 ipsum
922 795 1087 879 patiemur
1137 803 1280 861 mortem
1308 818 1343 862 se
1371 798 1483 863 vooari
1508 799 1729 864 meminerint.
1774 798 1826 863 Ao
1847 818 1890 863 ne
1918 797 2020 863 animi
2043 797 2126 863 defi-

104 885 185 953 sdeo
209 883 352 967 turpiter
379 880 515 949 violari?
560 882 690 948 Idolum
719 886 809 947 euim
835 881 989 966 erigitur,
1016 901 1086 946 non
1138 882 1235 961 ciant,
1257 883 1385 948 beatius
1407 882 1588 949 multosibi
1609 904 1759 950 essenon
1777 882 1939 965 dubitent,
1961 882 2127 950 laboranti

104 968 192 1058 quod
213 977 386 1034 externam
408 968 543 1035 saorarii
565 969 706 1052 speeiem
727 968 895 1046 deformet,
919 967 977 1033 sed
1000 965 1086 1051 quod
1136 967 1371 1053 peroulsaeque
1406 968 1562 1035 ecelesiae
1594 991 1629 1035 se
1661 970 1750 1035 ultro
1785 969 1968 1055 adiungere
2006 970 2121 1050 sooios,

104 1065 209 1124 totam
235 1055 391 1122 eeclesiae
422 1055 630 1121 sanctitatem
658 1053 809 1139 inquinet
836 1076 872 1119 oo
899 1061 1084 1135 pervertat:
1137 1074 1236 1136 quam
1258 1055 1398 1120 nimium
1419 1055 1482 1121 sibi
1503 1056 1664 1134 cavendo,
1693 1056 1905 1138 privataeque
1936 1054 2122 1139 tranquilli·

104 1141 191 1228 quod
213 1140 385 1209 labefactet
402 1148 507 1206 totum
518 1140 583 1206 Dei
605 1140 742 1220 enltum,
765 1140 850 1205 nihil
871 1141 907 1204 in
929 1140 1088 1224 religione
1137 1141 1196 1204 tati
1218 1140 1431 1220 consulendo,
1459 1148 1582 1207 sortem
1605 1152 1758 1225 appetere
1779 1163 1799 1207 a
1819 1141 1898 1208 filiis
1919 1141 1986 1207 Dei
2008 1162 2121 1227 segre-

105 1237 221 1296 nostra
246 1228 458 1310 impollutum
485 1226 658 1311 relinquat.
704 1227 743 1293 Si
764 1226 806 1292 ad
827 1226 981 1309 propiora
1002 1235 1084 1291 tem·
1181 1234 1257 1291 tam.
1304 1227 1446 1294 Dioobat
1468 1226 1533 1307 ille,
1547 1228 1571 1313 ¹)
1595 1249 1697 1312 quum
1720 1248 1809 1294 mors
1831 1234 1920 1293 esset
1940 1247 2020 1310 prae
2042 1247 2122 1294 oon·

104 1336 184 1400 pora
205 1313 445 1381 deseendimus:
474 1320 553 1398 quot
579 1324 766 1399 mamyrum
793 1312 899 1378 millia
926 1310 1085 1378 adversus
1136 1247 1188 1389 fii,
1212 1334 1247 1378 se
1269 1312 1374 1379 nihilo
1395 1313 1507 1380 minus
1530 1314 1708 1380 seneotutis
1730 1313 1851 1380 fidueia
1872 1333 1945 1380 esse
1964 1312 2120 1380 liberum:

104 1400 390 1488 praesentissimos
421 1401 538 1465 mortis
569 1407 710 1464 terrores
738 1398 862 1466 inviota
893 1397 1085 1464 fortitudine
1137 1399 1238 1464 etiam
1255 1399 1310 1464 ubi
1329 1421 1395 1465 non
1414 1406 1485 1466 erat
1504 1406 1573 1465 tam
1590 1400 1775 1466 neeessaria
1792 1398 1935 1465 libertas.
1965 1397 2123 1483 Anapud

104 1487 340 1574 perstiterunt?
386 1485 475 1568 Quid
496 1484 536 1551 de
555 1486 736 1552 terroribus
758 1484 897 1569 loquor?
943 1489 999 1550 An
1017 1505 1084 1550 non
1137 1505 1197 1550 nos
1227 1506 1286 1569 pro
1340 1485 1439 1551 lorias
1465 1483 1592 1552 Christi
1624 1485 1807 1569 patrocinio
1839 1484 1950 1551 minus
1988 1486 2123 1550 futuras
2218 1504 2223 1515 ·

104 1581 210 1641 morte
231 1573 304 1656 ipsa
323 1570 487 1656 intrepide
508 1571 619 1637 testati
636 1579 728 1651 sunt,
751 1570 850 1636 eham
871 1592 907 1637 se
929 1571 1032 1636 vitam
1054 1578 1087 1637 et
1136 1571 1225 1637 vitae
1247 1507 1369 1638 valeffiit
1390 1571 1580 1651 aeternitas,
1603 1593 1702 1655 quam
1719 1570 1808 1655 opud
1824 1569 1920 1636 illum
1937 1571 2123 1655 praesentis

104 1679 261 1745 quaerere
283 1665 317 1725 et
337 1666 426 1724 oerto
455 1657 607 1742 sperare?
652 1660 703 1723 Ao
724 1667 804 1722 tuno
832 1655 965 1741 quidem
986 1656 1086 1723 simul
1137 1657 1224 1722 vitae
1261 1657 1407 1724 brevitas
1445 1657 1571 1723 valuit?
1616 1657 1746 1724 Pudeat
1776 1678 1836 1723 nos
1868 1657 1996 1740 quoties
2028 1655 2122 1723 illam

104 1745 332 1831 etqueexigua
352 1743 437 1812 lueis
454 1743 598 1810 seintilla
615 1744 802 1810 hominibus
820 1743 1010 1822 eminuerat,
1033 1749 1084 1807 to-
1136 1741 1284 1809 mulieris
1306 1763 1421 1811 voeem
1442 1743 1594 1810 audimus
1622 1765 1706 1828 quoe
1734 1742 1902 1810 induoitur
1924 1743 1965 1809 ab
1989 1742 2121 1810 ethuioo

105 1841 179 1898 tum
204 1851 263 1898 oor
283 1831 511 1897 inflammabat
528 1838 621 1895 tanto
639 1829 788 1895 eoelestis
807 1829 895 1894 vitae
913 1827 1083 1909 desiderio,
1134 1839 1246 1912 poeta:
1281 1829 1418 1913 Usque
1441 1827 1597 1895 adeone
1618 1830 1720 1895 mori
1748 1831 1943 1895 miserum
1972 1827 2057 1895 est?
2092 1827 2123 1895 si

105 1925 142 1984 ut
173 1917 278 1985 vitem
298 1920 304 1934 '
321 1916 408 1983 hano
450 1916 545 1983 faoile
583 1924 787 2000 mortemque
825 1924 1082 1982 oontemnerent
1136 1913 1173 1979 in
1202 1915 1355 1983 testanda
1382 1915 1447 1981 fide
1473 1925 1602 1996 nostra,
1632 1916 1689 1981 ubi
1716 1915 1893 1981 disonmen
1922 1913 2056 2000 aliquod
2085 1934 2121 1981 se

104 2003 203 2070 Nune
223 2023 327 2087 quum
346 2001 464 2086 plenus
485 2001 724 2087 intelligentiae
752 2001 860 2086 fulgor
887 2000 981 2067 nobie
1007 2000 1084 2066 illu·
1135 2001 1289 2081 ostendit,
1318 2001 1470 2085 suspensi
1495 2000 1707 2068 haesitamus.
1752 2002 1825 2086 Ego
1852 2021 1945 2079 vero,
1973 2007 2011 2066 ut
2038 1999 2124 2066 mihi

104 2098 191 2170 eset,
219 2088 304 2154 nihil
327 2089 395 2155 lere
417 2086 523 2155 sordis
551 2095 696 2172 apparet.
740 2088 787 2154 Et
809 2087 951 2154 salutem
972 2107 1085 2173 spera·
1135 2088 1216 2152 satis
1238 2089 1389 2155 oonsoius
1410 2108 1484 2154 sum
1505 2107 1600 2154 meae
1621 2087 1863 2166 imbesillitatis,
1886 2087 1933 2152 ita
1954 2086 2021 2153 Dei
2043 2086 2122 2153 sub·

105 2197 179 2241 mus
200 2197 243 2242 ex
265 2175 446 2260 evaugelio,
467 2196 526 2259 pro
540 2173 788 2242 oniusveritate
799 2173 977 2240 asserenda
988 2194 1084 2239 nemo
1136 2173 1219 2239 sidio
1231 2173 1343 2255 fretus,
1367 2174 1496 2258 reipsa,
1515 2194 1618 2257 quum
1635 2195 1716 2240 usus
1728 2173 1916 2258 postulabit,
1938 2191 1993 2239 me
2010 2179 2121 2239 osten·

105 2261 178 2329 vult
200 2260 404 2361 periolitari?
448 2261 583 2346 Itaque,
617 2260 698 2327 haee
725 2259 800 2344 plus
832 2281 931 2343 quam
958 2256 1086 2342 perfida
1136 2280 1254 2326 surum
1275 2258 1417 2341 oonfido,
1445 2280 1545 2344 qnam
1571 2261 1656 2326 serio
1684 2257 1881 2326 erediderim
1909 2280 1947 2325 ao
1975 2256 2120 2339 erodam,

108 2347 115 2362 '
183 2368 251 2428 vm,
280 2367 379 2431 quam
408 2347 487 2414 anni
512 2348 613 2412 unius
639 2347 903 2430 experimentum
931 2344 1084 2430 prodidit,
1136 2343 1250 2413 beatos
1271 2366 1353 2427 esse,
1376 2347 1432 2430 qui
1453 2347 1489 2412 in
1510 2346 1654 2412 Domino
1675 2346 1874 2412 moriuntur.

106 2368 342 2500 ffimentnm
363 2441 414 2500 est
441 2433 542 2499 nimis
563 2432 770 2498 luoulentum
792 2440 924 2498 nostrae
944 2432 1086 2518 ingrati-

106 2518 243 2586 tudinis:
265 2519 387 2586 utiam
404 2540 473 2585 non
492 2518 635 2603 amplius
651 2518 838 2620 quaerenda
855 2519 899 2585 sit
914 2520 1008 2597 ratio,
1027 2537 1087 2582 our

108 2605 141 2670 in
161 2614 211 2672 tor
227 2603 365 2672 urbibus
385 2612 484 2690 atque
504 2604 683 2688 provintiis
704 2605 831 2689 puritas
850 2603 1086 2672 ohrnthnnmi
1209 2620 1239 2686 1)
1257 2621 1298 2676 On
1315 2627 1428 2678 meante
1447 2619 1509 2676 d’un
1527 2622 1622 2677 ancien
1639 2609 1732 2691 Psyeu
1750 2625 1798 2676 etc.
1929 2628 1934 2636 ’

110 2996 239 3070 Exiguum
256 2999 417 3056 fermentum
435 3006 521 3055 totam
539 3016 657 3055 massam
675 2999 831 3068 corrumpit
867 2997 883 3051 l
901 2998 962 3053 Gor.
982 2995 1008 3052 ὃ.

112 3136 253 3208 Quousque
270 3136 428 3193 moriem
441 3138 468 3192 in
486 3146 627 3206 unamque
647 3136 855 3206 cogitationem?
881 3134 910 3190 Si
920 3135 1050 3191 Dominus
1068 3134 1201 3203 ertDeus,
1219 3137 1360 3206 sequimini
1376 3137 1471 3206 ipsum
1499 3133 1527 3190 Si
1545 3141 1636 3191 sutem
1645 3133 1722 3203 Bosl,
1739 3135 1881 3205 sequimini
1898 3135 1994 3205 ipsum
2025 3133 2124 3192 nemo

260 3206 327 3262 nihil
344 3205 485 3276 respondit
501 3207 628 3276 populus.
664 3203 680 3258 1
697 3204 765 3275 Reg.
785 3202 827 3257 18.

112 3340 206 3400 Saltem
224 3359 290 3416 ergo
307 3344 384 3398 taciti
400 3350 517 3413 gemant,
535 3359 603 3413 quos
623 3359 672 3398 sus
690 3341 857 3398 conscientia
875 3342 1011 3396 condetos
1029 3347 1118 3397 tonet:
1136 3358 1187 3398 nee
1205 3341 1387 3411 obstrependo
1405 3341 1506 3398 ndum
1522 3341 1585 3411 plus
1604 3341 1671 3396 satis
1688 3355 1771 3410 grave
1789 3348 1917 3411 augeant.
