4620 5894
146 218 211 285 655
1055 217 1260 287 SERVE'PI
2110 222 2171 291 ibi

146 407 348 505 elemmitmes
367 405 498 506 scilicet:
524 426 586 472 non
607 406 751 472 baberdes
772 426 898 507 carnem
925 412 954 472 ει
972 411 1126 506 ossatcr·
1176 406 1318 507 ritalisf)
1336 406 1479 473 aetbuca
1495 405 1801 508 snbstantiaterrae
1819 409 1904 476 nibil
1921 412 2166 491 commemorans,

145 497 297 643 ltlia’inlbb
313 490 553 660 ldirdffiffis,
576 491 1127 659 alllbllllnlrbbblallllersublmcbbbls
1178 493 2168 678 bbbscvlrdatiselrrmelbtfluldbcpalldlplblbrumlflhonrlbblardmlldt

145 663 298 743 lentiores,
320 665 481 744 acutiores,
514 664 658 729 babentes
672 665 753 746 plus
774 665 938 748 apilitatis,
967 663 1128 729 tenuitatis
1179 685 1299 749 quoque
1320 684 1441 746 semper
1463 665 1546 747 ipses
1560 669 1674 745 potior.
1720 665 1898 751 Imapinem
1921 667 2066 735 mutuis
2087 674 2168 735 mue

146 751 380 831 etsplendoris.
397 748 420 833 ¹)
464 750 538 816 Alii
559 749 670 816 babent
685 750 766 831 plus
786 751 953 830 crassitiei,
975 756 1003 815 ει
1019 750 1127 815 mineus
1179 751 1325 833 armatum
1345 749 1475 830 Daniel,
1507 770 1574 831 cap.
1600 755 1653 815 10.
1709 750 1765 817 Ad
1794 754 1923 838 ampelos
1953 755 2078 821 dictum
2109 760 2166 820 est:

145 836 326 901 intellectus.
373 834 485 901 Grassi
506 836 583 902 adeo
611 842 640 902 et
661 837 839 901 neamriales
867 841 940 901 sunt
960 836 1126 918 inferiores
1181 836 1356 902 Faciamm
1376 834 1531 902 bominem
1550 841 1694 912 terreum
1721 838 1763 903 ad
1793 838 1936 919 fornmm
1967 846 1998 906 et
2028 840 2166 925 fipuram

144 922 295 1005 spiritus,
327 926 370 986 ut-
383 923 418 987 in
439 921 620 987 muliebrem
640 922 807 988 lasciuiam
826 923 916 1001 moti,
950 942 1020 987 eam
1039 922 1127 1004 panii
1179 927 1319 989 nostram
1336 920 1518 987 aetheream.
1566 920 1700 988 Terreus
1721 923 1822 990 dictus
1839 925 1953 991 Adam
1973 926 2017 993 ab
2040 928 2165 1008 εᾱεειε,

145 1012 371 1089 exsequantur,
391 1008 474 1073 velut
494 1009 613 1091 satyri,
636 1012 665 1072 ει
687 1006 802 1073 irimbi.
848 1007 924 1072 Ima
945 1006 981 1072 ab
1001 1007 1037 1072 id
1054 1010 1128 1072 sunt
1178 1014 1215 1073 ut
1243 1006 1331 1072 leonio
1359 1007 1399 1072 ab
1426 1007 1529 1087 lcumo,
1562 1009 1677 1088 cucepit
1708 1029 1779 1075 cere
1809 1030 1990 1092 supernam
2021 1013 2164 1095 fanniam

145 1092 266 1160 dilucio
287 1094 322 1158 in
345 1093 452 1176 abyssi
479 1097 636 1158 tartarum
664 1114 736 1159 cum
761 1092 941 1176 pipantibus
961 1091 1125 1170 deturbati,
1180 1094 1254 1176 Ipsi
1275 1099 1376 1158 terrac
1397 1094 1475 1159 data
1496 1098 1540 1159 εει
1568 1098 1641 1159 tunc
1662 1116 1699 1160 ea
1719 1096 1834 1178 forma,
1861 1118 1945 1179 auae
1975 1099 2047 1163 iam
2077 1103 2166 1165 ardea

144 1178 200 1245 ubi
221 1180 311 1263 lipati
331 1181 368 1244 in
387 1178 486 1260 finale
507 1179 662 1244 iudicium
683 1185 850 1244 servaretur
865 1178 1035 1260 puniendi.
1072 1177 1127 1243 Ita
1178 1185 1246 1248 erat
1280 1179 1316 1243 in
1350 1176 1479 1259 aetbere,
1518 1180 1658 1245 omnium
1695 1181 1876 1263 forncarum
1917 1185 2165 1266 meciosissima,

144 1286 184 1331 εε
223 1265 465 1347 antiquitatibus
500 1265 639 1330 iuclaicis
676 1265 773 1346 refert
801 1264 963 1345 Iosephus.
1014 1261 1068 1327 Ita
1098 1267 1127 1327 et
1178 1285 1275 1349 quam
1319 1263 1461 1345 reliquae
1505 1284 1610 1330 munes
1656 1267 1767 1331 mundi
1804 1267 1929 1349 formae
1968 1275 2164 1350 veneratum,

144 1350 289 1430 Henacb,
319 1356 355 1416 ut
381 1372 403 1415 a
425 1350 588 1433 plerisque
614 1351 738 1416 citatur.
782 1349 837 1415 Ita
865 1349 961 1415 Plu'lo
983 1348 1127 1414 Iudaeus
1178 1371 1274 1434 quarn
1312 1355 1341 1415 ει
1376 1350 1447 1430 filio
1485 1371 1542 1416 suo
1576 1350 1667 1416 Deus
1706 1352 1804 1435 clepit.
1860 1353 1905 1420 In
1926 1355 2021 1422 verba
2043 1358 2113 1421 iam
2132 1376 2165 1421 ea

143 1438 180 1502 in
198 1437 279 1502 libro
296 1438 335 1503 de
350 1435 539 1521 pipantibus.
563 1436 617 1502 Ita
634 1456 755 1519 quoque
771 1436 972 1519 septuapinta
989 1436 1128 1501 seniores
1176 1438 1282 1520 forma
1302 1436 1413 1502 multis
1433 1436 1506 1515 aiis,
1539 1456 1595 1502 seu
1621 1438 1731 1504 multis
1751 1438 2000 1520 inductionibus,
2035 1442 2166 1508 ostendi·

145 1522 363 1589 Hebraeorum
394 1524 590 1604 interpretati
616 1527 700 1601 sunt,
731 1527 759 1586 ει
790 1522 852 1588 alii
879 1520 1026 1586 Hebraei.
1072 1519 1127 1585 Ita
1178 1529 1240 1602 tur,
1262 1523 1294 1587 si
1313 1520 1369 1588 boc
1389 1522 1461 1587 bene
1476 1521 1575 1602 prius
1596 1527 1709 1604 tereeas,
1742 1544 1791 1589 nce
1811 1545 1873 1590 non
1893 1526 2000 1593 dicem
2022 1528 2059 1591 in
2079 1527 2165 1593 aerbo

144 1630 216 1675 cerm
236 1608 385 1689 apostolis
405 1608 497 1689 ipsis,
522 1607 624 1686 Petro,
648 1607 742 1687 Inda,
763 1613 791 1673 et
808 1607 930 1672 Ioanne
951 1606 1127 1691 intellipunt
1176 1609 1315 1691 formam
1335 1627 1521 1691 mrpoream,
1551 1607 1605 1673 sed
1620 1609 1840 1690 prolationem,
1868 1611 2098 1680 ecbibitionem
2118 1613 2165 1679 di·

145 1694 308 1773 Iustinus,
353 1693 523 1774 Irenacus,
577 1693 717 1759 annuus
757 1693 937 1768 Romanus,
984 1691 1126 1758 Clemens
1176 1696 1293 1773 uiuam,
1316 1693 1419 1759 instar
1438 1694 1561 1776 formae
1582 1713 1753 1776 corporeae.
1798 1696 1891 1761 Audi
1909 1719 1997 1765 rrunc
2015 1699 2165 1765 inductio·

144 1780 403 1860 Alexandrinus,
449 1780 680 1857 Tertullianus,
728 1778 922 1864 Cyprianus,
966 1777 1124 1862 Oripencs,
1176 1801 1232 1846 nes
1260 1785 1334 1858 [pag.
1354 1784 1430 1858 585]
1458 1799 1553 1859 meas,
1585 1785 1620 1844 ut
1647 1781 1683 1845 in
1703 1780 1794 1847 uerba
1815 1781 1980 1868 iutellipas
2000 1785 2165 1867 formalem

144 1866 345 1946 Lactantius,
369 1864 541 1944 Eusebius,
570 1870 598 1930 ει
626 1865 743 1946 reliqui
770 1871 891 1931 ueteres.
938 1863 982 1928 In
1007 1884 1125 1947 aquam
1177 1867 1319 1948 aliquam
1358 1866 1517 1932 rationem.
1585 1865 1731 1931 Inductio
1768 1868 1883 1949 prima
1926 1876 1976 1935 cst
2014 1891 2055 1935 eu
2096 1872 2164 1953 ipsa

143 1957 215 2020 sunt
236 1954 400 2018 daemones
422 1952 530 2015 rerer-ito
546 1952 763 2032 praecipitati,
786 1953 868 2018 sicut
889 1954 917 2015 et
932 1970 994 2030 per
1008 1970 1125 2031 aquom
1147 1988 1152 2047 Ι
1176 1953 1350 2034 sapientiae
1378 1951 1577 2033 omniformis
1603 1953 1779 2036 capnitione.
1826 1952 1864 2018 sc·
1886 1957 2089 2038 sapientiam
2110 1978 2164 2022 cre·

138 2038 318 2123 peccabant.
365 2037 453 2103 Nam
480 2037 562 2102 uelut
584 2059 685 2118 aquea
712 2057 844 2118 corpora
865 2036 1004 2119 pedatura
1025 2037 1124 2117 specie
1175 2040 1228 2103 dis
1261 2037 1484 2119 omniformem,
1516 2038 1621 2103 credes
1653 2044 1681 2102 ει
1711 2041 1746 2102 in
1779 2060 1816 2103 ea
1843 2040 1994 2125 forma²)
2029 2042 2164 2108 leominis

141 2125 281 2206 filiorum
312 2123 378 2188 Dei
410 2122 596 2222 mulieribus
628 2125 834 2221 imponebant,
868 2129 897 2188 et
925 2122 1123 2221 ¹penerabant,
1170 2125 1352 2224 pmincipern
1366 2124 1516 2248 formiam.
1561 2122 1708 2226 brductio
1733 2126 1872 2191 emunda
1895 2132 1950 2207 est,
1974 2148 2016 2192 ee
2031 2130 2162 2210 proprio

144 2230 436 2363 ttttmtbt.
461 2210 559 2376 tlt
589 2210 897 2376 tttttrtttt
917 2212 1125 2376 §nem
1175 2210 2163 2377 tttttttt.”ttttmtfflrduttmttt

143 2383 284 2465 inperitia
310 2385 459 2445 monstra.
506 2380 560 2444 Ita
590 2381 674 2460 flios
700 2380 765 2446 Dei
802 2384 890 2447 cocat
919 2379 989 2458 Iob,
1025 2379 1126 2444 malos
1176 2384 1249 2465 ipsa
1271 2382 1346 2447 luce.
1394 2379 1432 2445 Si
1450 2381 1595 2447 riaturale
1614 2387 1643 2446 ει
1657 2383 1830 2463 proprium
1848 2390 1975 2450 creatae
1997 2391 2027 2451 et
2048 2387 2162 2451 incrca

144 2464 1126 2632 mtttzttt'ttttt,tltttcttuSitit.
1177 2466 2160 2639 ttitttttttttctt'tttfflttt'ttttttt

144 2642 216 2718 tote,
237 2638 301 2704 loca
320 2603 557 2720 deciumbuarto.
593 2637 667 2702 Non
689 2658 759 2721 erpo
780 2644 808 2703 ιε
828 2638 934 2703 debuit
952 2636 1007 2703 boc
1027 2641 1125 2705 tanto
1172 2641 1294 2724 primn,
1316 2640 1490 2722 opprimere
1514 2637 1681 2719 Obristum,
1704 2661 1725 2704 a
1746 2643 1945 2721 quaomnia,
1972 2648 2001 2708 et
2023 2645 2082 2725 qni
2101 2643 2159 2724 pri

139 2745 217 2809 pere
256 2724 422 2805 offendere,
467 2723 550 2805 quod
583 2728 657 2806 post
696 2724 865 2807 propbetas
903 2729 932 2788 et
971 2724 1126 2806 apostotos
1179 2747 1251 2791 mus
1272 2731 1340 2791 mat
1360 2726 1498 2806 scriptus
1528 2726 1565 2789 iu
1596 2726 1696 2808 capite
1727 2726 1811 2790 libri.
1863 2727 1907 2792 In
1940 2727 2009 2795 luce
2044 2732 2160 2795 atrimae

144 2810 281 2877 unanimi
302 2809 515 2875 Hebraeorum
533 2830 570 2875 ac
594 2808 848 2875 Glrristianorum
868 2809 999 2893 tbcolapi
1019 2810 1127 2876 decue
1178 2818 1252 2877 tuae
1274 2831 1369 2893 arnam
1392 2812 1443 2876 ais
1465 2810 1664 2889 invisibilem,
1694 2812 1834 2876 concedis
1866 2834 1935 2879 esse
1958 2836 2074 2881 rerum
2094 2815 2157 2880 oisi-

144 2902 237 2977 runt,
270 2916 307 2962 ac
334 2897 430 2962 etiam
452 2894 641 2978 pbilosopbi.
692 2894 897 2978 Pbilosopbas
924 2902 1020 2974 taceo,
1049 2896 1127 2977 quia
1178 2899 1291 2964 billum
1310 2898 1446 2979 fumus:
1478 2915 1536 2961 cur
1561 2896 1661 2980 ipitur
1690 2897 1866 2979 offenderis,
1896 2901 1930 2964 si
1952 2901 1990 2965 in
2006 2902 2078 2967 luce
2099 2902 2158 2983 ipsc

144 2983 305 3049 innumeri
326 2986 408 3062 sunt,
438 2981 600 3063 Cleolduei,
626 2979 785 3065 Acppptii,
819 2981 934 3048 Graeci
955 2987 984 3045 ει
1006 2981 1126 3060 Latini,
1179 2983 1243 3048 Dei
1263 2984 1369 3049 dicam
1389 3003 1442 3065 epo
1463 3002 1528 3047 esse
1548 2982 1671 3063 formas
1692 2983 1793 3048 tales?
1838 2985 1895 3049 An
1927 3005 1994 3052 nan
2023 2989 2098 3054 inde
2116 2986 2157 3051 bc·

144 3071 201 3153 qui
222 3069 388 3135 daemones
416 3088 482 3135 esse
511 3072 604 3133 cirea
626 3087 756 3150 corpora
776 3072 851 3148 [pig.
876 3071 951 3146 585]
972 3067 1126 3132 dicerunt.
1178 3070 1326 3135 eluantur
1358 3069 1433 3133 ibae
1465 3068 1501 3132 in
1528 3069 1670 3133 aninmm
1697 3069 1811 3135 tuam?
1867 3069 2022 3139 Inductio
2056 3076 2159 3157 quoda

144 3155 244 3222 Abrei
265 3155 446 3235 daenmnes,
472 3173 528 3218 seu
548 3154 633 3218 velut
653 3154 755 3234 airci,
782 3159 857 3219 sunt
878 3153 970 3218 initia
986 3174 1049 3236 pcr
1067 3157 1126 3217 ter·
1178 3161 1231 3235 cst,
1265 3155 1427 3221 arrisione
1447 3159 1476 3219 ει
1495 3153 1578 3235 facie
1599 3153 1672 3219 Dei.
1719 3155 1793 3220 Non
1825 3161 1895 3221 crat
1927 3157 2103 3239 falsum,⁴)
2131 3155 2158 3221 id

143 3262 234 3321 reum
255 3239 357 3307 cibum
367 3241 487 3322 puniti,
508 3240 621 3306 deinde
638 3239 675 3304 in
691 3259 809 3322 aquam
819 3239 982 3320 sbmcrsi,
1001 3240 1127 3304 denium
1178 3241 1260 3324 quod
1297 3241 1401 3306 videre
1439 3238 1582 3321 cupiebat
1621 3239 1736 3305 Moses.
1799 3240 1874 3306 Luce
1914 3250 1987 3309 erat
2022 3245 2090 3313 Dei
2121 3242 2156 3308 ibi

144 3329 181 3393 in
202 3327 306 3410 ipnem
327 3331 496 3392 adurcmn.
548 3325 642 3390 Varii
667 3331 741 3391 suut
767 3327 852 3392 modi
877 3325 991 3408 quibus
1013 3347 1034 3390 a
1055 3326 1128 3391 dae
1177 3327 1366 3407 abscondita,
1389 3326 1477 3391 uobis
1496 3325 1708 3408 manifestata.
1755 3326 1902 3394 Inductio
1924 3331 2044 3412 quintu
2066 3327 2156 3397 estol

143 3413 287 3479 monibus
310 3413 455 3496 peuerari
485 3415 655 3491 potuerunt
684 3413 841 3495 pipautes,
875 3433 914 3477 ee
935 3413 1072 3496 propria
1099 3416 1127 3476 et
1178 3415 1263 3480 omui
1282 3413 1410 3491 semine,
1443 3412 1524 3477 sum
1544 3410 1672 3477 uerbum
1693 3417 1762 3480 eret
1782 3432 1894 3492 senen,
1932 3436 2006 3480 vere
2028 3415 2154 3500 formale

144 3499 313 3580 multiplici
340 3498 526 3563 damianum
547 3498 676 3577 uirtute,
699 3519 738 3562 eu
759 3500 969 3566 obseruatione
990 3498 1127 3564 locorum
1178 3500 1235 3566 Ad
1256 3499 1347 3564 illius
1369 3498 1559 3580 exemplaris
1577 3499 1689 3578 instar,
1716 3500 1751 3563 iu
1773 3501 1890 3565 seruirce
1914 3505 1983 3565 tam
2006 3501 2154 3579 animalis,

145 3586 182 3649 in
209 3584 320 3663 astris,
352 3603 470 3668 mapna
497 3602 628 3664 corpora
654 3583 852 3665 facientium,
888 3604 928 3648 eu
955 3589 1078 3666 sumpta
1106 3605 1127 3648 a
1179 3605 1275 3668 quam
1302 3585 1416 3666 stirpis
1448 3584 1607 3666 cuiusque,
1641 3589 1685 3655 est
1703 3585 1850 3667 formulis
1871 3587 1979 3653 virtus
2003 3590 2153 3671 quaedam¹

145 3670 271 3753 nmpnis
287 3669 464 3735 bominibus
480 3669 606 3748 semine,
629 3674 658 3733 ει
676 3691 716 3734 eu
732 3671 831 3736 oietrcs
848 3670 977 3750 ratione,
997 3690 1127 3752 corpora
1178 3673 1253 3738 talis
1284 3671 1332 3735 rei
1363 3671 1548 3754 piperativa:
1590 3689 1652 3734 non
1683 3671 1784 3736 solum
1814 3671 1891 3737 talis
1926 3674 2026 3740 lucta
2058 3680 2154 3741 metam

144 3756 316 3821 roborante.
1179 3758 1321 3839 speciem,
1346 3756 1403 3821 sed
1422 3757 1514 3822 iuxta
1535 3761 1652 3821 certmn
1671 3757 1880 3838 iudioiduum,
1914 3760 2014 3841 quale
2036 3767 2081 3827 εει
2100 3762 2155 3843 ipsc

1182 3842 1334 3908 Ultristus.
1382 3842 1456 3907 Non
1487 3843 1590 3908 solum
1622 3848 1689 3908 erat
1710 3843 1745 3907 in
1766 3843 1856 3907 aerbo
1878 3848 2050 3914 naturalis
2071 3849 2155 3912 cirtm

1177 3928 1352 4012 fipnratica
1371 3927 1499 4007 Olcristi,
1526 3928 1582 3992 sed
1601 3927 1708 4012 fipura
1729 3930 1803 4010 ipsa
1823 3930 1976 4012 visibilis,
2008 3935 2047 3999 ob
2061 3949 2153 4015 pecca

414 4008 649 4078 EPISTOLA
672 4009 859 4093 QUINTA.
1180 4020 1246 4080 tum
1267 4015 1391 4080 reddita
1411 4013 1592 4079 invisibilis.
1621 4014 1765 4079 Inductio
1785 4021 1876 4080 scuta
1899 4024 1946 4082 est
1968 4018 2012 4084 ab
2034 4016 2153 4085 tunnis

1177 4102 1373 4183 formatione,
1405 4101 1462 4182 qui
1482 4100 1526 4165 ad
1552 4099 1674 4181 formae
1704 4100 1793 4166 illius
1813 4121 1975 4184 supernae
1998 4107 2153 4190 imapincm

231 4184 327 4250 Illud
344 4184 376 4248 le
391 4183 518 4264 pariter
539 4182 674 4264 affundit,
707 4184 789 4264 quod
822 4184 917 4250 ueluti
951 4185 1128 4252 natmalem
1180 4187 1471 4252 ctsimilitudinem
1500 4190 1546 4251 est
1572 4206 1698 4268 corpore
1718 4192 1745 4251 et
1766 4188 1877 4252 anima
1898 4189 2070 4271 formatus.
2110 4187 2152 4253 Iri

143 4271 233 4338 uerbo
264 4276 293 4335 ει
324 4269 445 4353 anpctis
477 4269 614 4335 dixerim
646 4269 819 4335 bumanam
842 4269 962 4337 Oleristi
992 4273 1128 4354 fornoum
1179 4273 1281 4338 ductio
1311 4273 1448 4353 septima
1480 4276 1524 4336 est
1557 4273 1596 4337 ab
1630 4273 1788 4338 essentiali
1819 4274 2077 4356 conformatione.
2123 4271 2151 4336 Si

144 4358 328 4435 actleercam,
360 4355 533 4421 seeundum
559 4361 744 4436 enumerat
774 4358 843 4437 ipse
869 4357 905 4422 in
924 4357 1032 4439 farma
1053 4357 1124 4423 Dei.
1179 4359 1386 4424 essentialiter
1401 4378 1485 4423 rcunc
1502 4363 1548 4422 est
1567 4359 1693 4424 uerbum
1719 4358 1755 4422 in
1777 4358 1913 4441 borniree,
1947 4368 1976 4428 et
1998 4359 2152 4429 essentiali·

145 4443 209 4510 Sed
237 4443 405 4531 paulisper
440 4442 583 4506 animum
611 4442 755 4523 adtende,
792 4448 820 4507 ct
858 4449 886 4508 te
922 4445 1033 4510 multis
1063 4445 1127 4509 uiis
1179 4450 1225 4509 ter
1262 4449 1307 4508 est
1343 4444 1470 4508 ambrum
1504 4443 1601 4525 bomo,
1641 4445 1849 4510 essentialiter
1883 4447 2101 4530 conformatur
2131 4446 2151 4507 d

145 4530 366 4595 manuducam.
405 4526 495 4593 Sicut
515 4547 598 4594 nunc
619 4532 664 4594 εει
683 4549 753 4594 uere
775 4530 868 4609 reale,
890 4531 971 4611 quod
992 4531 1038 4596 ibi
1059 4536 1128 4596 erat
1179 4534 1345 4611 coaptatur
1387 4531 1509 4613 formae
1553 4536 1583 4595 ει
1623 4529 1744 4614 fcpurae
1787 4530 1946 4600 bonci-rtis:
1991 4542 2081 4619 atoue
2115 4532 2149 4595 ito

145 4617 181 4680 in
200 4616 321 4699 fipura:
341 4615 389 4678 ita
409 4633 490 4678 nunc
511 4618 555 4678 cst
576 4615 697 4679 bomini
722 4614 844 4681 Obrista
871 4636 939 4681 vere
967 4616 1127 4681 reaturalis
1179 4616 1219 4683 ab
1246 4621 1367 4682 aeterua
1399 4615 1508 4681 babuit
1541 4618 1748 4699 aptitudinem
1776 4622 1805 4682 et
1833 4626 2015 4700 respectum
2047 4624 2149 4706 forum

145 4720 183 4766 ea
203 4703 314 4781 furna,
337 4721 417 4782 quae
438 4700 513 4766 olim
533 4700 740 4783 dispositione
751 4701 817 4768 Dei
825 4703 854 4786 ²)
874 4701 1074 4785 fipurabatur
1092 4704 1127 4769 in
1179 4704 1349 4786 etfipurae
1370 4701 1515 4768 bominis.
1568 4703 1713 4770 Inductio
1746 4709 1856 4771 actam
1891 4712 1937 4773 εει
1970 4729 1994 4774 a
2027 4701 2147 4776 rcaturcli

145 4787 235 4851 uerbo
257 4792 286 4850 et
307 4786 435 4869 appetis.
458 4785 593 4868 Arrpelis
614 4787 672 4854 bac
694 4789 817 4855 ratione
838 4808 901 4854 non
921 4793 966 4854 est
986 4788 1128 4856 bumana

144 4873 251 4954 forma
272 4872 319 4936 ita
338 4873 505 4951 naturalis,
527 4877 561 4936 ut
582 4874 677 4940 nobis.
727 4875 831 4956 Quum
859 4875 943 4941 enim
972 4875 1036 4941 sint
1061 4877 1127 4958 spi-
1249 4945 1264 4996 1
1332 4945 1362 4957 ,,
1412 4944 1421 4998 1

1247 4950 1279 5079 ei
1296 4951 1460 5068 lilim

216 5075 245 5135 1)
266 5081 294 5128 et
311 5075 463 5142 splendoris
482 5091 532 5131 am.
1249 5082 1280 5146 3)
1300 5080 1459 5150 significato.

213 5141 244 5210 2)
263 5142 474 5212 dispensatione.
1250 5149 1280 5217 4)
1300 5151 1374 5206 Aac.
1391 5158 1536 5220 spectrum.
