4620 5894
147 241 209 303 687
1049 237 1253 305 SERVETI
2104 240 2159 306 688

146 445 212 491 esse
233 445 315 490 nunc
334 422 426 505 tilios,
454 444 582 506 uaeque
604 426 789 507 participes,
822 427 907 492 dccet
927 426 974 490 ibi
997 426 1128 506 Paulus,
1177 425 1316 509 pelorum
1332 447 1452 509 pupna.
1498 425 1644 490 Caelestis
1664 428 1737 491 item
1757 427 1952 509 repereratio
1965 428 1992 501 ¹)
2012 427 2092 508 facit
2109 446 2158 493 nos

146 517 175 575 et
196 510 239 575 ad
264 511 372 576 Galat.
398 516 428 574 4.
503 509 579 574 Vere
608 511 651 575 ad
677 531 734 575 nos
763 511 878 576 adtulit
902 510 1047 577 cunnus
1067 532 1129 577 coe
1180 513 1302 595 armetis
1318 533 1424 593 pares,
1447 514 1483 576 in
1499 510 1676 576 melestibus
1692 518 1868 594 pupnantes
1885 517 1999 578 contra
2015 513 2160 592 spirhua

145 596 219 662 leste
240 617 378 679 repaum,
399 601 428 660 et
450 596 605 660 coelestem
626 597 796 662 aetenam.
852 596 941 662 luter
968 598 1049 662 lianc
1070 598 1129 679 ipi-
1180 597 1224 662 les
1244 599 1411 678 nequitias.
1461 597 1577 662 Annon
1603 598 1698 676 uides,
1732 596 1779 662 ibi
1810 599 1864 681 api
1901 598 1940 662 de
1974 599 2159 664 restitutione

145 688 199 746 tur
219 681 387 758 ecetesiam,
409 703 430 746 a
452 681 571 761 spiritu
592 688 698 746 saneto
715 682 930 764 puberrmtam,
952 689 979 747 et
996 684 1127 763 scriptu
1180 683 1323 748 ecclesiae
1349 682 1501 765 stipatae?
1546 683 1664 747 Annon
1684 683 1723 748 de
1744 704 1778 748 re
1802 685 1917 764 sedura
1938 688 1987 749 est
2007 683 2055 748 ibi
2075 684 2158 763 nno,

145 789 226 847 ram,
261 789 282 833 a
313 769 432 848 spiritu
459 771 566 831 sancto
588 767 744 845 dictatam,
776 768 901 832 stallum
927 773 1029 848 potest
1061 789 1128 833 esse
1179 773 1216 832 ut
1235 770 1363 848 ipsemet
1386 768 1522 832 Ioannes
1542 769 1697 844 undar?
1718 772 1792 848 [pag.
1814 775 1892 848 629]
1918 768 2003 834 Rmn
2022 770 2159 851 futuram

145 854 332 920 dissidium:
353 853 416 916 imo
429 855 451 931 ¹)
476 872 541 932 par
563 859 606 917 est
628 855 783 918 autoritas
804 855 840 917 in
862 854 1041 936 dopmatum
1062 853 1129 918 dis·
1180 859 1284 935 aperte
1304 854 1386 919 docet
1407 852 1536 931 Daniel,
1570 855 1605 917 in
1637 874 1767 919 numero
1796 875 1955 919 annorum
1984 860 2014 920 et
2034 855 2157 937 reliquis

145 940 294 1004 cussionc.
347 937 441 1004 Illud
474 958 581 1002 oerum
612 944 667 1015 est,
701 939 783 1018 quod
816 940 885 1004 sine
918 940 1088 1019 scripturis
1098 940 1127 1017 ²)
1179 940 1282 1022 sipnis
1300 959 1370 1004 cum
1392 938 1512 1003 Ioanne
1533 942 1722 1017 cononicus,
1758 946 1787 1004 et
1807 946 1930 1005 sanctas
1952 940 2157 1024 altissimosl)

145 1030 231 1090 stare
265 1029 364 1105 potest
398 1023 527 1088 ecclesia
558 1024 678 1087 Christi
706 1045 795 1088 cera:
834 1030 862 1088 et
899 1031 969 1090 erat
1002 1025 1128 1089 nclesia
1174 1031 1373 1106 pupnaturos
1394 1025 1508 1090 dicum
1562 1026 1641 1105 Quis
1674 1025 1720 1090 ibi
1753 1031 1915 1091 aimanor
1944 1026 2010 1106 ille,
2042 1028 2097 1106 qai
2126 1027 2158 1091 ab

148 1108 276 1188 Christi,
307 1115 473 1190 antequam
500 1109 635 1190 apostoli
656 1110 830 1175 scriberent.
876 1110 1037 1175 Ecclesiae
1054 1130 1128 1191 pro-
1152 1082 1155 1161 l
1179 1110 1330 1191 lepumet
1359 1115 1597 1193 praeceptorum
1630 1131 1759 1175 nminem
1792 1114 2077 1194 transprassionem
2108 1132 2159 1176 nos

138 1197 258 1277 phetia,
281 1195 502 1276 interpretatio,
530 1198 638 1259 duan
657 1196 731 1258 nina
745 1197 931 1277 praefertur
951 1197 1128 1276 scripturae
1180 1200 1252 1260 ante
1280 1194 1468 1260 accusabat?
1524 1197 1608 1261 Ante
1636 1217 1789 1279 propriam,
1829 1199 1878 1263 ait
1913 1196 2064 1276 Ioonrtes,
2100 1218 2159 1262 esse

145 1286 293 1359 nnrtuae,
326 1287 354 1345 et
384 1280 512 1346 eeclesia
545 1280 664 1344 iudicat
693 1301 773 1360 quae
800 1283 918 1364 scripta
939 1284 1002 1346 sint
1024 1301 1126 1359 sacra,
1180 1283 1408 1348 accusationem
1429 1282 1521 1347 illam
1542 1287 1570 1345 et
1591 1282 1675 1347 orbis
1696 1283 1919 1349 seductionem.-
1953 1303 2029 1365 erpo
2055 1282 2159 1364 futura

144 1368 225 1434 sicul
246 1367 373 1432 ecclesia
400 1367 521 1431 iudicat
540 1367 578 1430 de
598 1365 774 1447 spiritibus,
811 1387 854 1431 an
887 1365 925 1430 ei
951 1367 1021 1433 Deo
1055 1367 1126 1431 sint.
1179 1371 1223 1430 est
1238 1388 1360 1450 peyna,
1386 1371 1415 1431 et
1436 1373 1556 1448 tempas
1572 1389 1671 1449 prope
1692 1374 1745 1447 cst,
1773 1374 1808 1432 ut
1828 1370 1883 1433 ait.
1929 1368 2160 1433 Revelationan

146 1452 210 1518 Sed
231 1451 286 1516 ubi
308 1457 352 1517 est
372 1471 455 1516 nunc
482 1451 608 1516 ecclesia
629 1451 726 1516 haec?
780 1451 823 1515 In
855 1453 1032 1517 melestibas
1061 1453 1127 1532 spi·
1179 1451 1269 1517 illam
1296 1458 1390 1517 totam
1411 1474 1476 1518 esse
1497 1455 1546 1518 ait
1567 1453 1605 1518 dc
1627 1454 1679 1531 iis,
1713 1474 1793 1535 quae
1824 1460 1917 1518 nam
1952 1455 2016 1518 cito
2043 1453 2159 1536 satura

144 1538 268 1616 ritibus,
308 1542 336 1600 et
367 1538 524 1602 beatorum
555 1537 673 1600 animis
706 1539 887 1618 assumptis,
928 1543 973 1602 est
1008 1554 1128 1618 semper
1184 1539 1246 1618 Qui
1275 1543 1349 1603 snrit
1376 1539 1435 1617 illi,
1470 1540 1527 1620 qui
1556 1539 1719 1605 uictoriam
1750 1539 1957 1621 reportabunt
1989 1539 2028 1603 de
2062 1539 2158 1613 bestia,

146 1622 266 1689 Christi
288 1623 431 1701 ecclesia,
457 1623 539 1688 dicto
560 1643 627 1703 cap.
651 1621 728 1687 Heb.
754 1627 812 1704 12,
842 1644 864 1687 a
897 1625 990 1688 terris
1024 1629 1127 1687 auton
1181 1625 1320 1702 quirion
1342 1625 1496 1704 conplent
1521 1623 1727 1690 cliaraetcrem
1753 1624 1846 1689 eius?
1893 1625 2080 1690 Innumero
2099 1624 2158 1688 elia

143 1710 257 1792 sapato
284 1713 329 1774 est
354 1708 397 1774 ad
425 1728 524 1773 artnos
550 1707 635 1772 mille
660 1708 803 1773 ducentos
824 1710 988 1792 senapinta
1014 1709 1126 1791 (Apte.
1179 1715 1253 1773 sunt
1273 1709 1376 1791 sipna,
1398 1729 1437 1774 ec
1458 1709 1572 1791 quibas
1593 1731 1646 1793 epo
1666 1711 1832 1794 senapinta
1853 1710 1974 1793 cohepi,
1997 1731 2081 1793 quae
2100 1710 2158 1775 iau

148 1798 217 1878 12).
263 1793 405 1860 Ecclesia
439 1794 484 1857 ibi
515 1813 585 1858 uere
620 1794 792 1858 ostentetur
825 1795 940 1859 mulier
960 1795 1029 1874 illa,
1065 1794 1128 1858 sole
1180 1795 1223 1858 ad
1244 1801 1273 1858 tc
1295 1795 1419 1876 misi.³)

148 1878 270 1946 Christo
292 1886 320 1945 et
342 1884 417 1958 [pag.
439 1884 515 1958 628]
553 1879 650 1943 stellis
676 1880 843 1944 duodecim
872 1885 993 1944 ornata.
1041 1880 1128 1960 Quae
1204 1924 1209 1933 ·

146 1967 222 2032 olim
254 1967 343 2031 amic
375 1964 583 2043 cruciabatur,
620 1971 654 2028 ut
681 1970 809 2046 pareret
839 1964 1014 2030 Christum:
1050 1967 1128 2045 qnia

146 2053 255 2117 inultis
275 2052 377 2117 inanis
393 2071 498 2134 passa
520 2056 564 2116 est
581 2051 716 2128 eeclesia,
736 2057 772 2114 ut
787 2071 897 2116 nornen
917 2050 1037 2117 Christi
1053 2072 1128 2133 pro-
1334 2048 1569 2116 EPISTOLA
1590 2050 1819 2117 VICESIMA
1840 2051 2009 2116 PRIMA.

139 2144 284 2222 papa-ret,
323 2143 352 2201 et
386 2139 422 2201 in
456 2137 645 2202 ermelinum
679 2135 821 2201 cordibus
861 2135 1020 2201 Christum
1059 2157 1128 2200 rere

143 2227 312 2308 peneraret.
376 2222 502 2302 Peperit
533 2241 603 2304 erpo
635 2224 753 2293 nunti)
794 2223 922 2287 molesia
956 2221 1123 2300 Christum,
1214 2227 1218 2237 '
1270 2222 1332 2301 Qui
1351 2222 1428 2303 hdei
1448 2224 1615 2287 essentiam
1637 2243 1698 2287 non
1721 2223 1833 2287 hahent
1847 2229 2070 2302 pnspntam,
2097 2223 2158 2287 ltin

145 2311 200 2390 qui
221 2314 348 2391 arpenta
380 2328 442 2387 per
481 2306 714 2372 Antichristum
752 2308 886 2372 dracone
925 2312 1037 2387 raptus
1075 2314 1127 2385 est,
1180 2313 1208 2372 et
1231 2307 1304 2372 inde
1325 2327 1395 2372 eam
1413 2308 1482 2388 ficte
1503 2313 1694 2389 coraponunt,
1717 2308 1876 2389 etfalsrcm
1892 2308 1932 2373 de
1952 2310 2028 2388 ipsa
2040 2310 2158 2389 poesin

147 2401 176 2460 et
197 2395 323 2461 eeclesia
344 2394 456 2475 lupata
489 2395 524 2456 in
558 2393 659 2456 locum
695 2391 734 2455 ab
767 2392 943 2456 inminibus
964 2394 1126 2470 incultum,
1179 2393 1404 2476 imapinontur.
1449 2391 1618 2476 Ιανιανανα,
1647 2399 1682 2457 ut
1703 2395 1805 2470 uideo,
1832 2413 1913 2472 quae
1936 2414 1991 2458 res
2013 2396 2052 2457 iu
2073 2415 2105 2458 se
2124 2394 2158 2457 sit

146 2483 190 2545 ad
212 2500 311 2544 asinos
336 2484 435 2542 teoto.
486 2478 544 2541 Ibi
576 2478 612 2541 in
644 2477 818 2542 melonibus
851 2477 1018 2558 spiritibus
1046 2479 1128 2558 thret
1178 2477 1258 2557 tides
1286 2479 1377 2559 ipsa:
1408 2479 1532 2560 quando
1560 2480 1786 2557 claudicatur,
1819 2480 1950 2559 quando
1972 2485 2109 2556 mortua,
2136 2483 2158 2543 d

148 2563 296 2631 Christus
317 2563 485 2641 entesiam,
518 2583 597 2642 quae
628 2582 690 2627 sua
723 2562 843 2628 molesti
868 2563 972 2646 picria
999 2569 1128 2629 nonest
1180 2565 1328 2645 quomodo
1348 2564 1514 2629 moriahcr.
1559 2564 1713 2647 lpnorartt
1726 2565 1866 2645 pariter,
1889 2566 2021 2645 quando
2043 2565 2158 2630 dicahr

147 2652 292 2731 spoliata,
314 2649 474 2730 aninsole
495 2648 643 2713 cistellis
664 2669 786 2729 semper
807 2654 940 2713 ornetur.
976 2650 1128 2732 Perpetuo
1174 2654 1337 2730 peccatum
1370 2649 1413 2713 ad
1445 2655 1588 2727 morteri,
1621 2651 1745 2731 priartdo
1779 2670 1848 2714 non
1899 2649 1973 2733 Epo
2005 2670 2095 2729 uero,
2131 2653 2158 2714 at

147 2758 219 2819 erpo
239 2735 335 2804 durat
355 2739 383 2800 et
403 2741 514 2816 repunt
534 2734 660 2799 ecelesia
685 2732 813 2810 Christi,
845 2735 927 2799 sieut
941 2740 1128 2815 perpetuum
1180 2735 1288 2799 omnia
1315 2735 1432 2816 paucis
1464 2755 1632 2815 enpmanr,
1674 2736 1768 2815 fidem
1801 2736 1923 2817 accipio
1963 2739 2000 2799 ut
2033 2737 2158 2800 eratin

148 2827 193 2887 est
214 2841 342 2904 repnum
363 2818 490 2898 Christi,
512 2821 657 2901 quamon
677 2819 811 2885 durante
827 2840 919 2902 repno
936 2820 1129 2885 Antichristi
1183 2818 1287 2897 Petro,
1320 2821 1445 2899 ααααᾱα
1466 2821 1598 2884 credidit
1629 2820 1737 2885 Iesum
1763 2841 1829 2886 esse
1852 2820 2035 2892 Christum,
2065 2820 2158 2901 filimi

146 2907 332 2973 discesserit.
379 2905 610 2971 Discessionem
631 2905 775 2971 ecclesiae
803 2905 848 2968 ihi
877 2905 960 2971 docet
983 2905 1126 2970 Ioannes.
1180 2905 1245 2972 Dei
1271 2906 1344 2969 riui.
1389 2905 1502 2969 Aliam
1531 2907 1626 2986 tidem
1659 2926 1730 2970 siim
1756 2926 1921 2987 nunquam
1951 2907 2157 2972 admissurus

146 2992 379 3059 Discessionem
417 2992 494 3071 eius,
533 3011 589 3055 seu
627 2991 827 3072 defectionem
870 2997 956 3056 vocat
992 2990 1127 3068 Paulus,
1182 2990 1325 3072 Simplex
1347 3011 1496 3056 assensus
1517 2998 1563 3056 est
1582 2991 1661 3072 tides
1682 2991 1765 3072 Ιιααα,
1787 2997 1875 3056 actus
1896 2993 2037 3071 quidam
2059 2992 2157 3068 ammi,

103 3111 104 3115 ¹
146 3079 268 3144 sedmite
278 3077 481 3156 Antichristo
504 3082 531 3141 et
552 3081 587 3140 tu
608 3077 675 3158 ipse
697 3078 743 3141 ita
762 3077 958 3158 defectimiem
977 3078 1128 3157 interpre-
1180 3097 1240 3158 qno
1268 3096 1339 3141 cum
1364 3077 1484 3156 hdncia
1512 3077 1676 3142 merlinus.
1720 3077 1820 3142 Estne
1848 3077 1931 3157 fides
1964 3077 2044 3142 haee
2072 3075 2156 3143 uim?

147 3167 237 3230 laris.
290 3165 368 3228 Vere
387 3164 452 3244 fnit
472 3164 508 3226 in
528 3162 621 3226 terris
642 3162 776 3244 defectio
808 3183 864 3226 seu
894 3185 915 3227 α
942 3164 1035 3226 terris
1063 3164 1128 3226 dis-
1180 3161 1243 3226 Est
1262 3163 1343 3242 aiva,
1366 3168 1393 3227 et
1414 3163 1480 3227 cita
1500 3165 1634 3241 animae,
1656 3165 1685 3227 si
1706 3164 1859 3243 spiritum
1880 3163 2045 3228 includas.
2096 3162 2158 3228 Vita

147 3252 260 3316 cessio:
282 3255 316 3313 ut
337 3249 427 3313 inulti
444 3247 614 3330 prophetae
635 3248 851 3313 desolationem
873 3248 953 3314 hane
974 3253 1002 3312 et
1023 3249 1128 3314 awai
1179 3249 1252 3329 ipsa
1272 3247 1347 3328 tidei
1368 3253 1414 3312 est
1435 3249 1569 3328 spiritus
1589 3248 1761 3329 virifica-ns.
1802 3248 1878 3328 Ipse
1899 3248 2048 3328 uimticat
2066 3249 2156 3329 fidem

147 3341 239 3401 tatem
261 3342 363 3401 terrac
379 3334 614 3416 praedixerunt.
663 3333 886 3414 Quanquam4)
912 3335 1010 3417 ipitnr
1029 3333 1128 3416 fuerit
1179 3354 1274 3414 qnam
1296 3333 1416 3397 intendi
1435 3338 1464 3397 et
1482 3335 1594 3416 auperi
1614 3335 1766 3406 diximus,
1788 3335 1871 3398 sicut
1890 3341 1920 3398 et
1942 3336 2086 3417 eureus
2102 3336 2157 3416 ipse

147 3424 183 3487 in
203 3424 296 3486 terris
318 3421 451 3501 defectio,
482 3420 545 3499 fuit
566 3424 668 3482 tamen
690 3439 809 3501 semper
836 3420 971 3484 coelestis
992 3420 1126 3496 ecclesia,
1179 3421 1309 3483 suasim
1330 3418 1420 3484 nobis
1441 3418 1530 3483 habet
1547 3421 1677 3503 pradus.
1708 3420 1780 3484 Vita
1803 3422 1933 3484 artimae
1955 3421 2080 3486 dicitm
2095 3421 2156 3483 tract

147 3528 222 3571 ocra
246 3507 366 3572 Christi
386 3527 510 3587 sponsa,
538 3511 564 3568 et
586 3505 758 3584 aliquando
780 3527 817 3567 ea
840 3506 874 3567 in
895 3506 986 3568 nobis
1012 3506 1125 3586 ernist)
1177 3504 1256 3584 tides
1270 3504 1398 3581 Christi,
1416 3506 1493 3585 qnia
1505 3525 1568 3584 per
1585 3526 1654 3569 eam
1671 3507 1766 3570 datur
1784 3507 1932 3587 spiritus,
1952 3508 2013 3587 qui
2027 3508 2156 3572 aesinion

147 3595 227 3658 sicut
257 3597 285 3655 et
317 3592 381 3672 sitit
413 3612 509 3671 snper
541 3596 666 3654 terram.
726 3591 869 3655 Visibilis
902 3592 960 3653 erit
992 3591 1126 3668 ecclesia,
1152 3634 1154 3655 .
1179 3591 1323 3670 viviticat.
1373 3590 1597 3675 Occupationes
1625 3591 1675 3656 hic
1697 3593 1838 3656 incidunt
1859 3595 1991 3669 variae,
2024 3599 2053 3656 et
2074 3590 2156 3674 quasi

147 3699 228 3759 quae
250 3697 331 3741 ναν-ἀα
354 3682 397 3740 est
419 3676 598 3753 inuisibilis,
622 3680 649 3739 et
670 3695 726 3740 nos
748 3677 811 3757 ipsi
833 3696 903 3739 cum
927 3677 1127 3740 disserimus
1178 3677 1364 3741 contrariae.
1416 3676 1480 3741 Hic
1509 3677 1584 3755 fidei
1618 3682 1763 3741 staturam
1797 3699 1818 3741 α
1848 3674 1976 3742 Chr-isto
2013 3679 2155 3749 aestimat,

147 3763 283 3840 melesio,
307 3763 497 3844 conprepatio
521 3759 646 3824 Christi.
693 3761 736 3824 In
757 3761 854 3825 huius
875 3761 1018 3826 ecclesiae
1039 3762 1127 3824 resti
1152 3804 1155 3831 ,
1179 3761 1358 3842 quidquod
1380 3760 1472 3827 Deus
1499 3763 1588 3825 nobis
1603 3783 1664 3843 per
1688 3762 1849 3827 Christum
1871 3764 1976 3842 offert,
2003 3764 2069 3843 fide
2090 3761 2156 3828 acci·

147 3852 262 3913 tutione
281 3867 333 3929 epo
355 3849 468 3930 iupiter
489 3845 603 3923 laboro,
638 3851 666 3908 et
687 3846 722 3910 ob
744 3848 779 3909 id
801 3851 836 3909 tu
857 3847 937 3910 inihi
959 3867 1126 3923 succenses,
1152 3847 1301 3935 ipimus:
1329 3852 1357 3911 et
1383 3848 1429 3911 sic
1450 3846 1653 3911 translatione
1674 3848 1848 3928 quadam)
1878 3850 1989 3912 oninia
2013 3850 2090 3929 ndei
2109 3847 2155 3911 ad

147 3936 230 4015 qnod
256 3954 384 4016 pnpncc
417 3933 468 3997 illi
492 3931 659 3995 Michaelis
692 3952 740 3994 nic
769 3933 967 4010 immiseram,
1003 3938 1031 3996 et
1052 3933 1127 4011 pios
1152 3948 1155 3979 ⁵
1179 3932 1295 3996 scribit.
1330 3932 1396 3995 Iste
1418 3953 1488 3997 vero
1508 3932 1570 3996 soli
1589 3935 1713 4014 pratiae
1734 3934 1841 3997 omitia
1861 3934 1924 4013 fert
1947 3940 2083 4016 accepto,
2104 3952 2155 3996 nor

147 4040 250 4084 ‹nnitcs
271 4021 397 4084 misceri
418 4018 598 4083 desiderem.
645 4017 706 4081 Sed
727 4017 826 4081 locum
846 4017 938 4080 illum
964 4019 1128 4100 dilipenter
1152 3982 1155 4125 l
1178 4023 1311 4080 staturae
1331 4018 1414 4097 futei.
1458 4023 1532 4096 [pag.
1553 4023 1628 4096 630]
1658 4018 1720 4082 Ille
1739 4018 1825 4082 alius
1845 4020 1958 4099 pratia
1981 4026 2011 4084 et
2031 4020 2094 4098 fide
2110 4036 2155 4082 nos

148 4106 291 4186 expende,
325 4111 352 4168 et
373 4104 497 4183 videbis,
530 4103 668 4167 immines
701 4104 768 4184 sore
789 4104 845 4183 qui
867 4103 913 4167 ibi
928 4103 1126 4186 pupnabnrit,
1152 4148 1155 4165 .
1180 4103 1226 4166 ait
1247 4103 1405 4167 iustitiam
1432 4109 1460 4167 et
1480 4124 1610 4185 reprcunt
1630 4105 1784 4184 accipere,
1811 4104 1867 4167 sed
1883 4125 1948 4185 per
1969 4107 2053 4170 bana
2072 4121 2154 4186 opera

146 4192 274 4255 animas
295 4210 373 4254 suns
394 4192 487 4253 morti
508 4189 694 4269 seponenda,
717 4191 753 4251 in
774 4190 927 4270 sanpaine
948 4194 976 4254 et
997 4189 1127 4252 testimo-
1152 4168 1155 4261 l
1179 4188 1296 4268 rdtro⁵)
1313 4190 1477 4271 propredi,
1506 4194 1534 4252 et
1556 4190 1711 4253 iustitiam
1733 4210 1854 4271 cupere.
1904 4191 2064 4270 Quonim,
2090 4189 2154 4271 qaia

146 4278 200 4339 nio
223 4276 296 4341 Iesu
321 4274 447 4354 Christi,
470 4279 505 4339 nt
526 4279 630 4356 aperte
651 4275 734 4340 docet
754 4273 800 4338 ibi
823 4273 966 4338 Ioaniies.
990 4275 1128 4356 Aripclos
1179 4275 1314 4354 spiritus
1332 4275 1576 4354 repenerationis
1593 4274 1756 4353 vivificans
1773 4294 1833 4353 per
1847 4276 2045 4356 baptismum
2062 4277 2152 4347 datur,

146 4383 218 4426 vero
240 4363 321 4439 dici,
351 4360 472 4424 ebrium
493 4365 538 4424 est
559 4362 594 4423 in
616 4361 791 4439 scripturis.
845 4359 894 4424 Eo
916 4361 1028 4442 mapis,
1051 4361 1125 4440 quia
1180 4361 1286 4422 onmia
1308 4359 1459 4440 baptismo
1481 4359 1598 4436 trilmit,
1621 4361 1716 4424 etiarn
1735 4362 1838 4440 ipsam
1855 4361 1934 4439 haee
1947 4364 2055 4425 sitam.
2080 4362 2151 4440 (ἔνιαι

147 4449 272 4528 inipso
300 4447 377 4510 coelo
405 4451 551 4528 pappant
580 4445 684 4527 aitpeli
712 4446 783 4508 boni
811 4451 918 4509 coritra
952 4445 1125 4524 draconem,
1152 4476 1156 4493 ·
1180 4445 1285 4507 omnia
1307 4465 1381 4508 ocra
1402 4451 1489 4521 sunt,
1518 4446 1549 4508 si
1570 4446 1793 4527 topantachiam
1815 4446 1919 4509 tollas.
1965 4447 2018 4512 De
2037 4448 2096 4527 tide
2115 4447 2150 4506 ita

147 4537 174 4595 et
196 4534 277 4597 alios
299 4532 421 4614 ampelos
438 4536 586 4612 papatus.
629 4533 745 4594 Aterion
766 4532 868 4595 credis
886 4534 1026 4612 papatui
1054 4552 1127 4594 snos
1179 4531 1352 4594 etheredum.
1405 4531 1527 4594 Favere
1558 4529 1675 4594 Christi
1704 4533 1807 4613 pratis
1835 4532 1944 4611 datur,
1979 4532 2150 4616 (eupaterii

143 4640 291 4698 praeesse
313 4618 458 4699 ampelos?
502 4615 588 4699 Erpa
617 4617 738 4680 destrui
770 4637 829 4679 non
862 4622 961 4696 potest
983 4618 1051 4680 sine
1073 4638 1127 4681 ari·

1251 4804 1280 4867 l)
1298 4804 1444 4869 generatio.

218 4872 246 4936 1)
266 4873 335 4925 ideo.
1249 4870 1278 4935 2)
1299 4870 1428 4924 altissimi.

216 4939 246 4997 2t
266 4942 408 5006 scriptur-c.
1188 5010 1192 5021 Ι
1250 4937 1280 5018 3)
1303 4939 1485 4992 Corollarium
1503 4940 1552 4992 hoc
1571 4937 1608 4991 ad
1619 4941 1717 4992 calcem
1729 4939 1878 4992 voluminis
1890 4941 1976 4995 huius
1987 4942 2143 5009 opinamur

215 5009 247 5141 {i
264 5019 392 5144 dilidam.
1180 5023 1349 5142 mve'llisper
1367 5076 1570 5128 translationem
1588 5075 1728 5142 attendam.

217 5146 246 5212 5)
267 5148 325 5199 erit.
1250 5145 1280 5208 5)
1301 5144 1445 5198 diocliam
1463 5146 1493 5196 in
1513 5142 1576 5197 MS.
1620 5143 1686 5197 Vide
1704 5159 1742 5197 an
1760 5145 1904 5213 tepentium
1923 5149 1973 5200 sit.-
1992 5148 2067 5200 ultra.
