4620 5894
144 228 206 293 2⁷1
945 222 1011 290 nh
1033 222 1256 290 Aurum
1277 224 1362 289 DEI
1512 236 1516 243 “
2097 224 2158 287 Ali

142 416 221 501 quia
242 412 459 493 oredidimus,
482 412 554 496 ipse
573 432 635 477 nes
655 411 770 497 elegit,
794 411 852 479 sed
870 417 908 477 ut
929 432 990 477 nos
1007 409 1122 479 ereda·
1145 422 1149 479 1
1173 410 1288 493 Neque
1305 411 1395 477 enim
1412 410 1608 495 simplieiter
1625 410 1705 478 dioit
1722 420 1854 479 voeatos
1872 410 1975 496 (quod
1992 410 2029 477 in
2046 431 2158 497 repro·

142 522 234 569 mus:
256 523 299 566 ne
320 500 446 584 priores
467 497 641 565 videamur
660 498 768 581 ipsum
790 496 937 582 elegisse.
959 497 1123 561 Fruetum
1174 498 1233 563 bos
1255 496 1448 647 plerumque
1469 498 1642 580 competit,
1669 518 1749 580 quos
1767 498 1862 563 Deus
1879 498 2068 581 promiseue
2084 520 2157 565 eum

143 586 280 655 divinae
300 585 471 651 elocutionis
493 592 528 649 et
548 584 704 651 effeetum
724 588 799 663 [pag.
820 589 875 663 eo]
902 582 1029 651 Paulus
1051 601 1123 647 esse
1174 582 1251 647 filiis
1268 602 1379 647 surse
1423 583 1660 665 poenitentiam
1678 588 1819 663 [pegae]
1837 582 2006 667 fidemque
2022 584 2157 665 invitat)

144 672 282 750 elamat,
314 669 401 755 quod
435 670 539 735 sauoti
572 690 644 735 esse
673 668 865 752 inoipimus„
903 668 994 752 Ergo
1024 668 1124 733 nimis
1174 667 1232 733 sed
1254 676 1385 734 voeatos
1406 667 1590 735 seeundum
1606 670 1822 751 propositum,
1843 667 1932 753 quod
1949 668 2072 734 stabile
2089 670 2159 753 ipso

167 766 353 841 raepostere
370 756 504 833 faoiunt,
522 756 578 838 qui
596 753 673 819 fidei
692 754 884 821 electionem
895 753 1082 819 subiiciunt
1098 752 1124 837 ¹)
1174 754 1294 819 affeetu
1326 764 1501 837 ratumque
1533 775 1606 819 esse
1636 760 1776 837 oportet
1825 754 1914 821 Nam
1943 753 1986 820 de
2015 754 2157 821 hominis

143 780 277 911 Alamos
297 863 399 925 quum
415 841 546 905 unicam
565 840 735 907 electionis
752 860 885 907 eausam
902 848 1036 918 statuat,
1058 838 1125 904 Dei
1175 839 1342 922 proposito
1363 840 1488 905 insulse
1511 840 1600 905 hune
1620 839 1730 906 loeum
1751 842 1888 925 exponi,
1909 840 2123 925 Augustinus
2133 842 2157 923 ¹)

143 928 387 1012 beneplaeitum
414 925 501 1009 quod
526 924 643 991 habuit
669 927 705 991 in
727 946 763 992 se
783 926 873 1010 ipso,
901 925 982 991 alias
1009 946 1124 991 omnes
1175 926 1298 1008 optime
1320 926 1480 1009 eoarguit:
1509 927 1640 1009 etipse
1666 932 1842 991 eontextus
1864 948 1997 992 omnem
2019 945 2158 1010 serupu-

144 1034 262 1084 eausas
294 1009 447 1080 excludit
496 1011 576 1077 Ideo
603 1018 693 1077 reete
720 1012 929 1095 Augustinus
959 1033 1020 1076 nos
1046 1010 1124 1075 illue
1174 1010 1245 1076 lum
1266 1010 1391 1088 eximit,
1414 1030 1458 1075 ne
1480 1012 1588 1077 alieno
1609 1032 1690 1094 opus
1712 1012 1757 1075 sit
1777 1013 1973 1095 interprete.
1997 1010 2158 1095 Sequitur

144 1101 291 1167 reroeari
320 1098 488 1176 admonet,
516 1118 559 1162 ne
589 1096 709 1180 plaeito
738 1098 918 1181 gloriemur
944 1096 1124 1163 voluntatis
1176 1096 1280 1161 enim:
1303 1095 1396 1177 Quos
1413 1094 1726 1180 praedestinaverat,
1749 1098 1804 1163 vel
1820 1097 2005 1177 definierat,
2027 1096 2159 1163 eosdem

144 1194 288 1253 nostrae.
317 1183 478 1267 Sequitur
496 1180 584 1266 apud
601 1182 744 1248 Paulum
762 1183 863 1267 (Eph.
879 1189 907 1261 l,
930 1184 981 1265 8):
1005 1182 1124 1248 Gratia
1175 1182 1319 1248 vocavit:
1356 1188 1390 1247 et
1416 1202 1497 1264 quos
1520 1182 1666 1262 voearit,
1694 1204 1751 1248 eos
1777 1184 1982 1249 iustifiearit
2028 1182 2098 1249 Hie
2118 1180 2158 1249 de

144 1294 207 1339 sua
232 1272 343 1336 Deum
374 1270 410 1334 in
438 1289 499 1334 nos
531 1267 716 1333 exundasse
747 1268 785 1333 in
818 1270 909 1333 omni
935 1267 1122 1352 prudentia,
1175 1276 1265 1333 oerto
1286 1288 1424 1332 numero
1452 1289 1487 1332 se
1514 1267 1604 1351 loqui
1626 1267 1830 1335 demonstrat
1851 1290 1951 1353 quem
1980 1268 2045 1334 sibi
2067 1270 2158 1335 Deus

143 1358 308 1441 patefaoto
337 1356 431 1421 nobis
463 1374 584 1420 areano
620 1353 801 1419 voluntatis
830 1374 911 1419 suae
939 1351 1123 1420 seeundum
1175 1354 1211 1418 in
1232 1353 1398 1436 peoulium
1419 1352 1607 1421 destinavit
1651 1354 1739 1419 Nam
1761 1376 1864 1439 quum
1889 1362 1925 1421 et
1945 1354 2021 1419 aliis
2043 1352 2157 1431 modis,

143 1443 387 1526 beneplaeitum
414 1438 503 1523 quod
529 1440 566 1503 in
594 1460 629 1503 se
655 1440 728 1523 ipso
750 1450 972 1523 proposuerat
1016 1438 1123 1504 Audis
1175 1452 1210 1503 et
1242 1438 1437 1522 praesertim
1469 1448 1608 1505 externo
1638 1440 1812 1506 hominum
1844 1440 2032 1506 ministerio
2066 1446 2159 1506 voest

143 1526 397 1595 illuminationis
424 1526 580 1610 gratiam,
611 1526 705 1607 quasi
732 1527 841 1593 rivum
869 1545 940 1591 esse
966 1548 1008 1590 ex
1032 1526 1123 1589 fonte
1175 1524 1370 1607 permultos:
1394 1526 1569 1603 neminem,
1592 1527 1658 1591 nisi
1679 1546 1778 1609 quem
1799 1525 1842 1591 ad
1860 1528 1964 1592 vitam
1981 1526 2156 1601 ordinavit,

144 1614 271 1682 aeterni
299 1612 387 1677 illius
413 1610 542 1677 oonsilii
564 1612 741 1688 fluentem,
773 1609 860 1694 quod
888 1620 965 1677 ante
987 1610 1123 1677 absoon-
1176 1610 1342 1688 iustificat,
1364 1622 1403 1674 ut
1424 1610 1560 1675 tandem
1582 1610 1753 1696 glorifieet.
1796 1614 1861 1679 Est
1880 1614 1985 1695 igitur
2006 1610 2157 1697 speeialis

145 1701 254 1767 ditum
280 1700 397 1764 fuerat.
441 1696 589 1761 Multum
615 1716 693 1779 ergo
722 1697 830 1774 abest,
858 1697 939 1779 quin
965 1696 1059 1761 Deus
1087 1697 1123 1759 in
1176 1696 1337 1779 quaedam
1359 1698 1498 1771 reontio,
1520 1718 1604 1780 quae
1626 1706 1797 1763 aeternam
1807 1700 1873 1764 Dei
1893 1698 2095 1764 alentionem
2112 1698 2158 1763 sio

144 1786 240 1852 nobis
272 1782 432 1867 eligendis
463 1782 605 1864 aliquem
636 1782 714 1846 fidei
745 1792 933 1865 respsotum
960 1781 1123 1859 habuerit,
1176 1782 1329 1864 obsignat
1346 1791 1380 1846 et
1401 1784 1521 1861 sanoit,
1548 1792 1587 1846 ut
1614 1784 1789 1866 patefaciat
1810 1782 1898 1867 quod
1918 1783 2011 1866 prius
2040 1784 2104 1849 fnit
2124 1784 2158 1847 in

144 1892 228 1955 quae
256 1870 350 1935 nulla
376 1888 448 1933 esse
469 1878 612 1950 poterat,
645 1868 710 1933 nisi
737 1888 810 1932 eam
837 1866 1021 1949 adoptionis
1043 1886 1124 1932 suae
1175 1867 1249 1931 Deo
1273 1867 1508 1933 absconditum.

143 1959 252 2043 gratia
281 1955 375 2021 nobis
406 1953 611 2019 destinasset
661 1954 707 2017 Et
736 1953 862 2019 Paulus
894 1955 1016 2019 iterum
1047 1973 1123 2017 oon-
1263 1954 1340 2017 Seio
1378 1954 1457 2035 quid
1494 1954 1549 2020 hio
1592 1956 1743 2020 nonnulli
1783 1955 2000 2021 eavillentur:
2047 1952 2159 2035 Quum

143 2046 269 2119 firmat,
303 2062 372 2105 non
404 2038 536 2104 aliunde
568 2036 742 2104 inductum
775 2040 876 2104 i'uisso
903 2038 1029 2103 Deum:
1066 2036 1124 2103 sed
1177 2038 1436 2121 praedestinatos
1464 2040 1592 2106 Paulus
1618 2040 1707 2106 dieat
1738 2063 1820 2124 quos
1847 2040 1941 2105 Deus
1969 2040 2157 2124 praesoivit,

143 2130 255 2214 ipsum
282 2127 344 2192 sibi
369 2127 469 2191 fuisse
492 2132 640 2189 autorem
661 2134 695 2189 et
715 2146 863 2202 oausam,
893 2146 954 2191 eur
975 2123 1124 2189 nondum
1177 2144 1255 2189 suae
1285 2145 1447 2207 quemque
1478 2124 1556 2191 fidoi
1583 2138 1735 2208 respectu
1762 2127 1848 2211 eligi.
1899 2125 1968 2192 Sed
2000 2146 2064 2211 ego
2095 2124 2159 2191 illis

144 2224 272 2281 ereaws
298 2212 450 2295 eligeret,
478 2211 596 2292 quibus
623 2222 736 2292 postea
763 2224 797 2275 et
823 2210 924 2274 fidem
950 2210 1123 2276 eonferret.
1176 2209 1264 2293 quod
1285 2210 1367 2275 falso
1389 2211 1624 2294 imaginantur,
1647 2233 1716 2277 nori
1731 2213 1881 2291 eonoedo,
1904 2212 2049 2296 intellim'
2066 2210 2159 2295 quid·

146 2298 339 2367 Seeurrdum
360 2296 564 2379 propositum
585 2298 665 2373 eius,
686 2297 801 2378 inquit,
823 2297 880 2377 qui
897 2296 1008 2360 omnia
1025 2296 1125 2360 effioit
1148 2320 1152 2377 Ι
1176 2317 1275 2378 quam
1297 2296 1398 2360 fuisse
1420 2318 1440 2361 a
1461 2298 1534 2361 Deo
1555 2298 1756 2380 praevisum,
1778 2297 1865 2382 quod
1884 2298 2076 2364 ooneiliaret
2096 2297 2159 2361 illis

146 2384 329 2452 seeundum
357 2381 533 2447 eonsilium
560 2380 742 2445 voluntatis
772 2402 851 2446 suae
880 2380 971 2463 (ibid.
1000 2404 1031 2445 v.
1058 2382 1122 2463 ll).
1148 2380 1152 2470 l
1176 2382 1333 2464 gratiam:
1361 2380 1420 2447 sed
1441 2383 1520 2465 quia
1540 2386 1684 2467 gratuito
1712 2384 1809 2451 eleoti
1830 2385 1913 2461 sint,
1943 2384 2048 2449 fuisse
2068 2404 2158 2467 prae-

147 2470 232 2553 Quis
258 2480 430 2533 aeternum
450 2465 516 2529 Dei
544 2467 748 2549 propositum
775 2478 886 2530 nostro
910 2468 1030 2550 opponi
1057 2488 1124 2529 uon
1176 2468 1331 2551 eognitos.
1376 2466 1662 2547 Quemadmodum
1683 2470 1763 2535 alibi
1790 2470 1884 2535 dooet
1909 2469 1999 2534 idem
2023 2470 2158 2539 Pauus

145 2554 281 2623 videat?
325 2551 421 2633 Quod
448 2553 547 2615 otiam
576 2551 618 2616 ab
639 2552 830 2636 Augustino
856 2554 920 2616 rite
942 2572 1125 2635 expensum
1177 2554 1287 2618 Deum
1310 2554 1440 2619 novisse
1462 2554 1519 2636 qui
1540 2556 1607 2619 sint
1628 2556 1679 2621 sui
1702 2557 1736 2635 (2
1756 2557 1841 2621 rim.
1854 2558 1884 2635 2,
1911 2556 1975 2637 19),
1998 2556 2081 2638 quia
2100 2554 2160 2620 soi·

146 2650 213 2709 est:
242 2640 299 2724 qui
320 2636 524 2720 usqueadeo
547 2638 656 2701 Deum
678 2638 806 2721 operari
829 2639 940 2703 omnia
961 2640 1124 2720 interpre-
1176 2638 1255 2703 lieet
1287 2646 1432 2717 notatos,
1472 2648 1506 2703 et
1543 2643 1638 2723 quasi
1669 2643 1704 2705 in
1736 2664 1797 2707 suo
1834 2662 1935 2706 eensu
1970 2650 2159 2707 numeratos

147 2736 245 2807 tatur,
267 2738 304 2790 ut
325 2724 411 2791 velle
432 2744 559 2805 quoque
581 2732 741 2800 nostrum,
770 2744 835 2805 quo
856 2723 1031 2801 oredimus,
1054 2724 1125 2787 elfi-
1177 2724 1306 2790 habeat.
1349 2725 1465 2807 Neque
1493 2725 1555 2792 hoe
1582 2748 1710 2809 quoque
1738 2729 1779 2793 ab
1801 2728 1994 2812 Augustino
2002 2730 2033 2809 2)
2062 2728 2160 2791 omis·

146 2816 220 2880 eiat.
264 2812 338 2876 Iam
366 2810 446 2875 satis
475 2810 622 2874 evictum
652 2830 724 2874 esse
746 2809 904 2887 arbit-ror,
932 2830 1014 2891 quos
1036 2830 1125 2875 nune
1178 2832 1252 2873 sum
1274 2816 1337 2875 est:
1369 2810 1615 2877 Praeseientiae
1646 2816 1805 2895 nomeni)
1833 2835 1893 2895 pro
1915 2814 1981 2879 Dei
2010 2818 2088 2892 [pag.
2107 2816 2158 2891 ³8]

145 2902 240 2967 Deus
266 2918 326 2980 per
354 2894 564 2978 evangelium
593 2896 630 2958 in
663 2915 754 2977 spem
787 2894 904 2960 salutis
934 2902 1028 2961 voeat
1050 2898 1125 2973 [pag.
1178 2895 1312 2960 oonsilio
1340 2897 1459 2977 aeeipi,
1492 2918 1557 2979 quo
1586 2918 1662 2963 suos
1690 2898 1726 2962 in
1753 2900 1894 2963 salutem
1925 2898 2159 2981 praedestinat

148 2992 214 3065 86],
235 3004 316 3066 quos
336 2982 372 3046 in
395 2980 524 3047 Christi
545 3001 665 3063 eorpus
686 2982 811 3056 inserit,
834 3001 915 3064 quos
938 2981 1016 3046 feeit
1037 2982 1126 3045 vitae
1178 2981 1343 3047 Praosoiri
1365 2980 1484 3060 aDeo,
1507 2983 1644 3065 quinam
1665 2984 1769 3048 futuri
1791 2986 1858 3050 sint
1881 2985 1968 3050 vitae
1990 2981 2159 3059 haeredes,

146 3078 300 3137 aeternae
327 3066 501 3145 haeredes,
535 3076 668 3132 aeterno
697 3087 883 3149 arcanoque
904 3066 1041 3132 oonsilio
1063 3066 1126 3131 sibi
1178 3088 1276 3132 nemo
1294 3088 1359 3132 non
1378 3068 1509 3133 fatetur.
1533 3068 1607 3135 Hoe
1620 3069 1716 3135 modo
1733 3071 1768 3135 in
1786 3071 1977 3153 quaestione
1998 3080 2160 3147 versatur,

144 3157 182 3223 in
202 3156 288 3221 filios
310 3154 496 3236 adoptasse:
525 3164 623 3234 atque
645 3160 684 3215 ut
704 3152 890 3237 adoptaret,
920 3150 1126 3235 usqueadeo
1178 3152 1412 3236 praevideatne
1434 3154 1513 3237 quid
1535 3156 1569 3218 in
1592 3156 1672 3237 ipsis
1693 3156 1843 3229 faoturus
1865 3156 1919 3238 sit,
1942 3156 2160 3239 aequalest

145 3263 215 3307 non
235 3242 337 3305 fuisse
359 3260 473 3303 eorum
494 3236 559 3302 fide
579 3246 801 3320 provocatum,
825 3248 863 3303 ut
883 3238 960 3304 fidei
977 3257 1076 3303 eausa
1093 3246 1127 3302 et
1178 3260 1214 3304 se
1249 3240 1331 3320 ipsis
1363 3240 1430 3303 sint
1465 3240 1578 3305 futuri.
1632 3240 1755 3306 Futilis
1791 3252 1904 3307 autem
1939 3244 2075 3325 argutia
2102 3254 2160 3317 est,

145 3327 345 3411 prineipium
375 3325 419 3389 sit
444 3324 517 3405 ipsa
544 3323 672 3390 eleotio:
715 3323 802 3389 unde
835 3323 951 3390 ordine
983 3324 1126 3407 priorem
1178 3334 1312 3408 arrepta
1332 3326 1569 3407 praeseientiae
1591 3348 1684 3405 voee,
1708 3328 1919 3405 electionem,
1948 3348 2052 3410 quum
2072 3327 2160 3393 Pau·

147 3435 219 3479 esse
240 3420 377 3477 constat.
1178 3410 1232 3474 lus
1254 3410 1376 3493 ubique
1397 3412 1432 3475 in
1454 3410 1522 3476 solo
1539 3411 1605 3477 Dei
1627 3416 1792 3496 proposito
1813 3411 1963 3492 ineludit,
1987 3413 2160 3477 hominum

232 3496 347 3561 Nihilo
365 3495 535 3562 obseurius
557 3502 623 3573 est,
647 3494 732 3578 quod
755 3508 871 3562 oetavo
893 3496 935 3561 ad
957 3497 1126 3561 Romanos
1178 3497 1305 3561 meritis
1333 3496 1477 3579 alligare.
1521 3499 1644 3563 Petrus
1671 3499 1790 3564 eleetos
1812 3499 1951 3577 salutat,
1979 3498 2161 3565 seeundum

147 3582 255 3666 eapite
282 3581 430 3647 habetur.
474 3580 562 3645 Nam
589 3601 692 3661 quum
718 3582 870 3661 dixisset,
900 3583 1011 3647 omnia
1032 3581 1126 3646 adiu·
1178 3583 1478 3665 praeeognitionem
1499 3582 1565 3648 Dei
1588 3588 1618 3668 (l
1644 3584 1716 3650 Pet.
1743 3590 1770 3662 l,
1793 3586 1839 3667 2).
1878 3587 1934 3649 An
1957 3584 2046 3667 quod
2067 3605 2161 3667 prae·

146 3676 260 3735 mento
282 3688 354 3733 esse
374 3664 526 3731 fidelibus
553 3667 609 3747 qui
631 3668 742 3730 Deum
769 3666 925 3751 diligunt:
959 3690 1001 3732 ne
1024 3668 1126 3733 fellei·
1178 3669 1251 3733 visa
1283 3669 1318 3731 in
1349 3668 1430 3748 ipsis
1463 3667 1573 3751 aliqua
1605 3670 1713 3735 virtus
1746 3670 1812 3735 Dei
1849 3671 1996 3737 favorem
2031 3670 2074 3735 ad
2107 3689 2161 3734 eos

146 3754 226 3820 tatis
254 3772 333 3819 suae
365 3750 537 3817 exordium
565 3774 585 3815 a
618 3753 760 3835 seipsis
787 3760 938 3834 peterent
967 3753 1125 3829 homines,
1178 3754 1407 3818 inelinaverit?
1453 3756 1556 3837 Atqui
1581 3756 1705 3820 Petrus
1732 3756 1882 3822 homines
1914 3757 2003 3821 inter
2033 3777 2069 3821 se
2094 3776 2161 3821 non

147 3840 242 3923 quasi
263 3860 324 3905 suo
340 3838 451 3903 Deum
469 3857 581 3900 amore
603 3836 645 3901 ad
662 3836 917 3919 promerendum
940 3839 1006 3904 tale
1028 3839 1126 3904 bene·
1179 3840 1315 3916 confert,
1339 3850 1378 3902 ut
1399 3839 1480 3904 alios
1502 3840 1575 3905 aliis
1596 3842 1694 3907 faeiat
1710 3841 1888 3925 digniores:
1913 3840 1971 3907 sed
1993 3842 2163 3908 deoretum

146 3928 258 3993 tioium
285 3921 519 4008 praeveniant,
549 3923 759 3988 eorreetionis
788 3923 858 3990 viee
886 3946 964 3989 mox
993 3925 1126 3989 attexit:
1179 3924 1266 4007 quod
1293 3926 1329 3989 in
1356 3946 1391 3989 se
1420 3926 1511 3990 Deus
1537 3928 1670 4003 statuit,
1703 3948 1803 4009 supra
1835 3948 1950 3994 causas
1983 3949 2101 3993 omnes
2128 3928 2162 3991 in

147 4010 215 4093 Qui
242 4008 425 4077 seeundum
454 4008 659 4091 propositum
694 4012 800 4075 voeati
828 4018 916 4074 sunt.
966 4009 1127 4074 Videmus
1152 4038 1155 4097 ς
1180 4009 1312 4074 sublimi
1333 4010 1434 4077 looat:
1463 4032 1500 4076 ae
1522 4013 1549 4077 si
1572 4012 1704 4091 dieerot,
1726 4035 1817 4079 nuno
1839 4012 1966 4079 eonseri
1987 4015 2077 4079 inter
2099 4012 2163 4079 Dei

146 4108 185 4161 nt
205 4099 332 4180 priores
343 4094 416 4160 Deo
438 4102 549 4176 partes
571 4095 768 4158 nominatim
780 4096 934 4173 vindieat,
958 4096 1015 4178 qui
1032 4116 1127 4161 voea-
1152 4104 1155 4183 ξ
1180 4096 1280 4174 filios,
1316 4097 1393 4178 quia
1425 4098 1619 4181 priusquam
1651 4108 1866 4165 nascerentur
1898 4099 1994 4165 eleeti
2028 4100 2161 4165 fuerint.

148 4184 237 4248 tione
264 4204 324 4247 sua
351 4181 466 4258 effioit,
501 4188 540 4243 ut
574 4180 711 4263 diligere
744 4181 919 4263 inoipiant,
953 4183 1009 4265 qui
1044 4180 1128 4245 nihil
1181 4181 1370 4247 Secundum
1413 4182 1499 4248 hane
1541 4185 1706 4249 rationem
1749 4184 1864 4249 eodem
1907 4187 2015 4267 eapite
2058 4186 2161 4257 doeet,

145 4277 299 4352 poterant
321 4287 421 4351 quam
441 4265 558 4330 odisse.
580 4264 668 4330 Nam
690 4272 728 4330 ut
749 4276 855 4330 totum
873 4266 1017 4331 hominis
1034 4268 1127 4350 ingo·
1181 4267 1354 4334 Ohristum
1375 4278 1452 4334 ante
1474 4268 1590 4333 mundi
1612 4271 1812 4335 ereationem
1841 4271 1943 4336 irrisse
1968 4290 2090 4354 praeeo
2139 4270 2163 4319 ‘-

147 4356 244 4419 nium
266 4353 428 4432 excutias,
455 4372 539 4435 quae
561 4350 603 4415 ad
624 4350 736 4415 Deum
758 4352 936 4417 amandum
963 4352 1031 4419 illie
1052 4373 1127 4435 pro·
1180 4362 1261 4431 tum,
1285 4364 1322 4417 ut
1343 4356 1503 4420 saorifieio
1526 4377 1585 4420 suo
1607 4356 1724 4421 mundi
1746 4367 1881 4440 peecata
1898 4356 2059 4423 ablueret.
2089 4292 2163 4437 Sido

146 4440 263 4525 pensio
284 4436 487 4522 reperietur?
515 4437 588 4502 Imo
609 4437 735 4503 Paulus
757 4437 873 4502 eodem
889 4440 996 4523 eapite
1013 4458 1128 4503 omnes
1180 4440 1295 4523 proeul
1317 4438 1416 4506 dubio
1437 4442 1616 4524 signifieat,
1648 4443 1873 4525 expiationem
1895 4442 1936 4507 ab
1958 4463 1997 4507 oo
2019 4442 2164 4526 eomple-

148 4526 256 4591 earnis
290 4546 407 4590 sensus
434 4524 507 4588 Deo
540 4524 690 4589 inimieos
724 4545 796 4589 esse
830 4526 1038 4607 pronuneiat
1089 4521 1126 4590 si
1180 4538 1250 4590 tarn
1272 4536 1406 4591 aeterno
1416 4526 1482 4592 Dei
1503 4528 1621 4610 soito⁴)
1643 4528 1746 4593 fuisse
1759 4527 1955 4594 ordinatam.
1977 4528 2050 4595 Nee
2067 4529 2164 4593 aliter

148 4631 262 4677 omnes
283 4619 403 4675 natura
422 4610 534 4675 hostes
556 4608 674 4674 etDeo
692 4608 831 4688 adversi,
855 4610 925 4675 sola
942 4611 1013 4676 eius
1030 4630 1128 4675 voea·
1181 4612 1302 4695 exponi
1323 4620 1433 4695 potest
1455 4613 1541 4695 quod
1567 4614 1603 4677 in
1624 4613 1718 4678 Petri
1739 4615 1895 4680 ooneione
1922 4614 2012 4697 apud
2034 4616 2163 4681 Lueam

149 4696 240 4761 tione
258 4694 400 4761 discerni
427 4694 538 4777 palam
560 4704 625 4772 est,
655 4695 711 4779 qui
734 4694 882 4779 deposito
904 4694 977 4761 odio
1000 4696 1128 4760 animos
1180 4697 1337 4762 habetur:
1358 4696 1531 4764 Christum
1550 4698 1685 4764 definito
1696 4700 1761 4765 Dei
1779 4699 1913 4766 oonsilio
1930 4707 1964 4765 et
1974 4702 2163 4783 praeseien-

150 4781 194 4847 ad
238 4802 314 4845 eum
357 4779 536 4845 amandum
582 4788 785 4847 convertant.
847 4782 952 4847 Porro
991 4782 1129 4846 minime

150 4865 289 4932 dubium
310 4873 375 4943 est,
402 4865 484 4947 quin
511 4867 628 4933 effieax
652 4866 707 4934 hie
735 4867 864 4934 voeatio
886 4874 1034 4947 notetur,
1066 4887 1130 4951 qua

149 4959 327 5037 regenerat
348 4952 456 5029 Deus,
484 4972 566 5034 quos
588 4953 648 5019 sibi
671 4953 765 5036 prius
785 4954 822 5019 in
843 4952 928 5019 filios
950 4952 1128 5036 adoptavit.
1251 4936 1886 5077 {31113}-32fflipzrgglgprigptlfg·¹⁰0i8·

151 5090 358 5103 ·--·--
1252 5072 1284 5139 3)
1303 5073 1437 5143 Princeps
1452 5076 1524 5129 orele
1540 5076 1702 5145 scripserat.-
1720 5093 1819 5133 nomen
1836 5094 1891 5132 non
1909 5082 1957 5132 etr.

221 5138 251 5205 1)
269 5152 373 5194 comme
391 5138 415 5193 si
432 5136 488 5193 l’on
505 5142 612 5195 mettoit
629 5140 656 5196 la
673 5142 763 5199 raeine
782 5158 862 5212 apres
880 5142 906 5199 le
922 5142 996 5199 fruit
1252 5142 1284 5209 4)
1303 5143 1414 5199 oonsilio
1433 5142 1518 5199 Bere.
