4620 5894
7 2704 53 2767 hit·

209 239 271 303 nr
785 233 1122 305 oonssnfflons
1142 237 1207 302 Rs
1226 234 1639 305 suonensssssm
1826 202 1829 207 ’
2079 284 2083 289 -
2165 242 2226 309 ns

206 424 388 577 bviiii
398 424 1192 594 ,tttttdtttttdiettelttttt
1216 436 1220 443 ⁴
1243 425 2227 597 ttmttttttttttttt'tttidm

206 616 265 662 nos
291 597 328 661 in
349 596 418 662 Deo
444 602 473 661 et
498 597 628 662 veritate
653 598 842 675 consentire,
869 559 1079 678 rnopnadtque
1105 616 1191 678 spem
1244 596 1385 662 aliarum
1419 616 1540 678 quoque
1574 597 1774 663 eeclesiarum
1803 597 1923 663 Oleristi
1951 621 2014 682 per
2048 536 2227 667 Helvetqtporn

206 682 363 747 uberioris
387 683 513 764 fructus
539 682 576 747 in
602 681 767 763 ecclesio1)
794 683 930 765 polliciti
958 687 1039 746 sunt.
1086 683 1191 764 Quou-
1242 681 1385 745 ministri
1404 682 1500 763 focile
1521 684 1664 766 opnitnri
1684 685 1756 762 sint,
1778 704 1848 749 eam
1868 686 1973 767 ipsam
1994 686 2174 753 doctrinam
2189 688 2227 753 de

208 788 305 851 quom
332 767 475 832 nonnulli
503 768 704 850 copiosiorem
731 769 942 833 tractationem
971 768 1068 833 levius
1096 789 1190 850 orpu-
1242 770 1447 832 socromentis
1472 788 1531 834 nos
1558 769 1748 850 expressisse
1756 812 1775 847 ‚-
1791 791 1871 851 quae
1898 771 2008 837 multis
2033 772 2101 836 ium
2130 774 2227 838 anuis

206 853 302 918 menti
329 852 365 916 ob
397 854 524 936 inpenia
557 854 712 935 quiedam
738 855 969 920 desideravere:
1001 854 1057 935 qni
1082 855 1191 919 audito
1236 854 1356 936 populo
1378 852 1551 920 cliristiano
1579 855 1706 936 culpata
1731 860 1790 920 est:
1819 861 1911 936 macie
1938 858 1971 921 iu
1999 859 2130 924 veritate
2156 879 2225 925 cvn-

206 938 336 1005 cantito
347 944 461 1018 nostro,
483 938 571 1005 baud
586 938 718 1020 difficile
729 940 927 1005 admiserunt
936 939 1188 1021 satisfactionem.
1238 938 1326 1021 {essa
1347 940 1477 1004 minime
1500 941 1639 1023 pontium
1660 962 1681 1004 a
1701 941 1788 1006 nobis
1799 940 1988 1023 discrepent:
2008 943 2045 1007 id
2061 944 2148 1025 quod
2156 944 2226 1025 pol-

211 1024 367 1105 qursum
398 1024 481 1089 enim
513 1025 662 1089 attinebat
693 1027 845 1108 pluribus
876 1026 979 1092 verbis
1010 1026 1189 1105 edisserere,
1241 1024 1370 1089 tiaernur
1391 1025 1490 1104 nobis,
1513 1027 1792 1109 nonsinemapnis
1812 1027 1998 1108 rationibus,
2018 1030 2058 1095 de
2079 1029 2226 1095 omnibus

207 1108 314 1175 Deum
335 1130 404 1175 esse
426 1115 567 1175 autorem
588 1116 872 1192 sacramentorum,
900 1117 928 1177 et
954 1131 990 1176 ea
1013 1112 1190 1177 instituisse
1234 1111 1308 1190 piis
1322 1130 1385 1190 per
1406 1112 1552 1176 ecclesias
1573 1112 1715 1175 aliarum
1735 1113 1905 1177 nationum.

207 1195 354 1278 lepitimis
376 1195 520 1262 emlesiae
546 1196 644 1277 tiliis:
667 1202 797 1278 quotque
822 1199 887 1262 sint
913 1220 934 1263 a
957 1195 1080 1262 Christo
1102 1198 1190 1262 eccle·
1328 1194 1366 1259 st
1388 1197 1460 1277 qvis
1480 1201 1585 1261 tamen
1606 1198 1826 1262 evidentiorem
1846 1203 2113 1264 sacramentorum
2123 1199 2228 1281 expli·

206 1282 275 1346 siae
303 1281 422 1346 tradita
453 1286 669 1360 sacramenta,
704 1289 760 1347 out
793 1304 872 1364 quae
899 1285 1020 1349 ivrvecto
1052 1284 1117 1347 sim
1149 1282 1189 1347 ab
1240 1281 1390 1346 cationem
1412 1282 1597 1363 protulerit,
1630 1283 1792 1347 malumus
1817 1303 1855 1348 ea
1881 1285 1956 1365 ipso
1983 1285 2031 1349 uti
2058 1304 2133 1351 cnm
2156 1285 2228 1367 piis

205 1365 400 1432 bominibus:
419 1388 501 1449 quae
523 1369 587 1432 sint
602 1373 713 1448 partes
737 1375 1017 1447 sacramentorum,
1043 1373 1100 1433 aiot
1128 1389 1188 1450 quo
1240 1366 1389 1447 omnibus,
1411 1388 1505 1449 quom
1526 1366 1648 1432 bertari
1676 1389 1776 1432 unum
1803 1368 1956 1434 ltominem
1982 1375 2018 1434 ut
2045 1370 2228 1436 svrbscrdvat

205 1452 277 1531 laco,
299 1473 360 1535 qno
381 1458 528 1534 tempore,
556 1474 616 1534 quo
637 1454 842 1520 instrumento
863 1474 954 1521 sacro
976 1455 1092 1537 perapi
1119 1474 1188 1520 con-
1239 1456 1365 1518 nvstrae
1392 1453 1601 1532 consensioni,
1632 1455 1668 1517 in
1694 1476 1760 1535 qua
1785 1456 1963 1538 scripturae
1983 1461 2110 1521 sanitae
2131 1456 2228 1523 verba

206 1540 310 1605 veniat
338 1539 514 1622 mysteria?
566 1538 606 1603 ln
635 1540 763 1621 quibus,
796 1545 823 1604 et
858 1541 934 1607 aliis
965 1540 1126 1611 mnrtullis
1153 1540 1188 1604 id
1239 1538 1481 1619 usurpavimus,
1511 1542 1586 1617 [pag.
1611 1543 1664 1618 26]
1694 1544 1722 1604 et
1749 1542 1964 1621 expressimus
1992 1547 2099 1624 aperte
2111 1541 2138 1626 ¹)
2166 1562 2228 1625 qno

203 1624 643 1777 bmdabissiiduidld
658 1626 886 1795 ibim
903 1627 1188 1793 tttlllttttl
1233 1625 1560 1791 tt’ttttlt'ltt
1579 1626 2019 1777 iddfflibffitbbi
2037 1628 2229 1795 litim

628 1760 636 1790 ,
1730 1761 1736 1775 .

204 1794 253 1861 vel
279 1801 496 1880 praeceptores
533 1799 647 1877 nostri,
675 1798 755 1879 piae
793 1803 978 1880 sanctaeque
1010 1799 1187 1876 menmriae,
1238 1796 1391 1874 omnium,
1419 1816 1496 1878 qnos
1523 1796 1700 1861 discordiae
1726 1798 1808 1862 inter
1835 1818 1893 1863 nos
1919 1799 2037 1879 species
2058 1799 2230 1881 impedivit

205 1881 253 1947 vel
275 1883 341 1964 ipsi
360 1883 549 1965 scripsimus
567 1883 606 1948 de
621 1885 835 1950 sacramentis.
877 1885 1001 1965 Verum,
1023 1884 1187 1967 decerpo
1239 1881 1275 1946 iu
1302 1882 1367 1945 viis
1393 1881 1541 1962 Domini,
1574 1883 1727 1961 scriptum
1759 1882 1814 1947 troo
1848 1884 2025 1964 sustulerit,
2053 1886 2230 1967 praeclare

203 1966 270 2034 rali
293 1966 411 2034 Obristi
432 1968 566 2034 Domini
586 1971 786 2050 praeseutia,
817 1974 892 2049 [pag.
914 1975 968 2050 25]
991 1971 1030 2036 de
1048 1971 1188 2052 pennino
1238 1971 1342 2031 tanuen
1363 1987 1421 2031 sno
1448 1988 1576 2032 munere
1595 1968 1739 2049 lanatum
1760 1968 2027 2048 existimabimus,
2057 1969 2145 2052 qaod
2166 1992 2232 2037 non

203 2055 357 2121 nummio
370 2054 533 2120 verboram
542 2055 726 2134 solennium,
744 2057 1035 2122 demanducatione
1045 2057 1188 2138 corporis
1239 2052 1365 2118 obscure
1385 2053 1592 2134 ueqvtefucate
1605 2052 1747 2118 omnibus
1768 2056 1872 2119 testati
1891 2074 2010 2133 sumus,
2031 2076 2090 2121 nos
2111 2056 2233 2138 quibus

207 2134 336 2218 cinisii,
358 2140 396 2205 de
414 2140 479 2221 dne
500 2145 528 2206 et
552 2142 651 2223 usn²)
674 2147 701 2206 et
722 2143 829 2222 effectu
849 2147 1115 2207 sacramentorum
1136 2141 1188 2225 (in
1241 2137 1388 2204 Christus
1408 2139 1492 2204 dedit
1512 2139 1595 2205 mem
1616 2139 1731 2204 sentire
1749 2144 1777 2204 et
1797 2140 1886 2221 loqui
1907 2141 1945 2205 de
1967 2141 2137 2225 reliceris
2158 2143 2233 2227 dop-

206 2222 322 2306 quibus
347 2226 504 2308 capitibus
530 2226 622 2291 multi
648 2228 871 2293 existimarunt
904 2226 1052 2294 bactenus
1084 2227 1186 2306 caulli-
1239 2224 1383 2301 natibus,
1406 2225 1442 2289 iu
1463 2225 1681 2306 mysteriorum
1702 2226 1798 2289 etiam
1819 2225 2031 2306 explicatione,
2059 2227 2234 2310 baudim-

203 2330 277 2394 pere
296 2315 423 2376 nostras
444 2311 624 2390 sententias,
652 2317 709 2376 out
728 2318 807 2378 certe
827 2312 936 2396 verbo)
963 2318 1030 2378 tam
1056 2313 1185 2395 copiose,
1238 2330 1335 2391 quam
1365 2310 1554 2391 discrepare.
1606 2310 1682 2375 Vale
1698 2311 1814 2392 ,frater
1841 2311 2049 2378 diiectissime.
2101 2314 2233 2398 Tipmi,

205 2399 273 2460 tam
294 2396 395 2477 plone
417 2402 446 2461 et
466 2396 650 2478 simpliciter
669 2398 791 2481 loquuti
811 2418 937 2477 sumus,
964 2404 999 2464 ut
1024 2418 1187 2481 speremus
1239 2401 1293 2460 30.
1318 2395 1466 2480 Aupusti
1488 2395 1584 2462 Anno
1606 2396 1741 2462 Domini
1763 2400 1863 2461 1549.
1871 2399 1901 2481 ²)

206 2480 344 2547 homiues
365 2482 521 2548 studiosos
543 2488 610 2548 tum
630 2484 793 2565 fraternae
808 2485 1004 2563 concordiae,
1031 2489 1099 2549 nam
1113 2505 1187 2566 per·
1239 2572 1245 2578 ῃ

205 2620 411 2631 ---

1250 2573 1254 2577 .
1259 2571 1443 2579 ———-—--

276 2686 304 2752 1)
324 2688 467 2744 ecclesiam
488 2688 537 2742 Cri
571 2730 577 2743 .
595 2695 620 2743 ct
640 2688 745 2745 dabas.
1308 2686 1337 2750 1)
1356 2694 1420 2755 epto
1438 2686 1546 2740 eaedem
1564 2687 1611 2752 (ds
1629 2688 1657 2742 la
1674 2688 1755 2756 lacon
1772 2688 1801 2741 lc
1817 2687 1879 2756 plus
1899 2686 2092 2753 convenuhle).

274 2754 305 2823 2)
323 2756 357 2810 de
375 2774 427 2812 usu
446 2756 521 2812 naa.
567 2773 639 2812 enea.
943 2831 949 2838 ¹
1306 2753 1338 2824 2)
1356 2754 1467 2810 lnedd.
1480 2753 1967 2825 (lenedlvaecvocibusiuteqrisnon
1983 2755 2065 2824 sipliv
2085 2772 2234 2828 expressa.

907 5192 1151 5283 ssvssviois,
1173 5212 1277 5270 ems
1294 5212 1332 5268 n
1354 5211 1517 5269 suanno.
