4620 5894
146 229 220 292 315·
947 224 1012 290 DE
1034 222 1256 291 aarum
1277 223 1361 290 DEI
2101 226 2166 293 ale
2188 240 2192 247 '

144 413 181 480 in
208 412 361 481 cordibus
397 412 467 478 suis
494 411 696 497 insculptum
724 412 899 478 retineant.
943 411 1125 477 Hominem
1176 418 1270 476 motu
1284 410 1475 495 impulsum,
1492 411 1611 476 merito
1622 411 1706 477 forte
1719 412 1897 478 insultaret
1908 412 1993 478 mihi
2005 414 2162 498 Pighius:

144 501 157 566 i
183 501 259 578 tur,
280 519 383 583 quem
404 519 467 563 sua
484 498 589 580 ipsius
611 498 811 564 conscientia
832 497 978 576 damnat,
1000 498 1126 563 frustra
1177 518 1265 563 nunc
1288 506 1400 562 autem
1423 517 1524 579 quum
1546 517 1566 561 a
1586 497 1659 563 Deo
1682 499 1901 581 propinquam
1923 500 2065 566 actionis
2086 522 2163 566 can·

145 608 166 652 a
225 585 315 651 lvere
336 582 446 649 tendit
466 583 626 667 impietas.
655 581 753 664 Quod
776 590 886 647 autem
902 584 996 648 Deus
1019 584 1125 648 sciens
1177 603 1249 647 sam
1272 602 1462 661 removens,
1491 582 1590 647 simul
1612 602 1746 648 omnem
1773 584 1813 649 ab
1835 603 1874 649 eo
1897 584 2032 667 culpam
2054 606 2162 652 remo·

144 692 183 738 ac
199 671 314 738 voleus
331 668 500 735 hominem
519 669 629 751 ipsum
647 668 763 734 cadere
777 689 895 751 passus
910 676 973 733 est:
998 668 1125 735 occulta
1177 687 1288 745 ream,
1307 675 1346 731 ιιι
1367 667 1458 733 solus
1480 667 1578 733 homo
1600 676 1728 735 reatum
1747 670 1877 735 subeat:
1902 670 2108 737 calumniose
2129 680 2162 738 et

144 757 230 823 ratio
252 777 323 822 esse
344 761 468 839 potest,
498 754 622 819 iniusta
643 774 711 819 non
734 762 872 838 potest.¹
896 754 971 819 Hoc
993 753 1125 836 quidem
1176 751 1325 834 improbe
1359 751 1484 819 dictum
1523 752 1613 819 istud
1650 756 1686 819 in
1726 776 1780 820 me
1814 762 1961 839 torquet:
2003 756 2161 825 Hominis

144 844 268 925 absque
285 840 507 907 controversia
518 839 716 905 tenendum:
740 861 869 923 semper
887 839 937 904 illi
956 847 1126 922 peccatum
1178 836 1393 903 detentionem
1415 859 1519 903 unum
1542 860 1614 905 esse
1636 861 1678 905 ex
1695 840 1762 905 Dei
1783 841 1945 923 operibus
1987 840 2161 924 Quomodo

145 927 220 993 odio
242 927 352 992 fuisse.
396 925 483 989 Nam
505 947 582 990 vere
604 925 748 1009 elogium
774 925 836 990 hoc
880 947 921 990 uo
943 933 1123 990 ematura
1178 932 1291 989 autem
1314 924 1378 988 Dei
1401 925 1618 1006 praescientia
1644 935 1677 991 et
1704 925 1834 992 decreto
1864 933 2031 992 statutum
2052 928 2160 1009 fuerit,

145 1011 278 1080 Davide
300 1012 369 1090 (Ps.
390 1015 419 1089 5,
444 1012 487 1090 5),
510 1012 545 1075 in
568 1031 647 1075 eum
664 1011 833 1093 competit:
857 948 956 1092 Quod
967 1010 1061 1076 Deus
1082 1012 1127 1076 sit
1177 1007 1264 1093 quod
1297 1008 1337 1074 de
1369 1009 1503 1074 homine
1537 1011 1686 1076 futurum
1720 1018 1802 1089 orat,
1841 1031 1950 1095 nequo
1980 1021 2098 1079 tamen
2126 1015 2160 1080 in

145 1099 354 1183 iniquitatem
386 1116 452 1160 nou
484 1095 606 1161 volens.
623 1102 645 1172 Ι)
695 1095 808 1177 Quum
835 1097 945 1180 potius
975 1098 1010 1161 in
1038 1096 1126 1162 crdi-
1178 1095 1293 1179 culpae
1315 1095 1503 1161 societatem
1525 1097 1706 1162 trahendus
1728 1098 1772 1163 sit
1794 1098 1902 1177 Deus,
1934 1100 2031 1181 quasi
2053 1107 2161 1167 trans·

145 1183 256 1250 nando
277 1181 421 1248 hominis
442 1181 537 1263 lapsu
560 1183 661 1246 finem
682 1182 799 1248 habuit
820 1182 981 1265 optimum
1004 1190 1037 1246 ct
1053 1201 1123 1247 rec·
1177 1181 1356 1265 gressionis
1376 1181 1431 1246 vel
1453 1190 1549 1246 autor
1570 1183 1614 1247 sit
1636 1182 1689 1248 vel
1711 1183 1917 1265 approbator,
1940 1204 2046 1267 quum
2062 1185 2161 1270 longe

145 1270 327 1348 tissimum,
358 1286 469 1349 aquo
497 1267 652 1332 abhorret
679 1267 804 1350 peccati
834 1288 964 1333 nomen.
1009 1267 1124 1348 Quan-
1176 1266 1276 1331 altius
1309 1265 1477 1332 humanae
1510 1267 1632 1333 mentis
1659 1269 1859 1352 perspicacia
1892 1290 1964 1335 esse
1997 1291 2161 1338 areanum

146 1375 244 1440 quam
273 1354 320 1420 sic
343 1351 513 1417 ordinasse
535 1351 621 1430 dico,
652 1362 691 1416 ut
717 1373 794 1418 eum
821 1355 953 1438 proprie
975 1361 1125 1418 autorem
1176 1351 1288 1436 palam
1317 1351 1375 1430 sit,
1405 1371 1448 1416 ne
1475 1353 1697 1435 ignorantiam
1723 1362 1872 1419 nostram
1899 1355 1996 1420 fateri
2026 1356 2160 1439 pudeat

145 1442 247 1506 fuisse
276 1460 342 1504 non
370 1436 555 1504 concedam.
600 1440 650 1503 Ac
670 1459 713 1502 ne
735 1438 864 1523 longior
886 1440 964 1515 sim,
992 1438 1125 1522 penitus
1176 1438 1263 1516 Imo,
1297 1458 1339 1502 nc
1371 1458 1468 1519 quem
1500 1459 1543 1504 ex
1569 1438 1722 1505 fidelibus
1750 1441 1878 1506 nescire
1906 1442 2038 1526 pigeat,
2072 1442 2160 1526 quod

145 1525 232 1612 quod
256 1524 465 1609 Augustinus
474 1527 503 1602 Ιῑ)
533 1523 642 1603 docet,
670 1524 843 1608 impletum
872 1526 972 1589 fuisse
1002 1524 1123 1589 sentio:
1176 1523 1339 1588 Dominus
1372 1522 1455 1589 lucis
1493 1544 1572 1589 suae
1611 1525 1797 1592 inaccessae
1835 1526 1964 1610 fulgore
1994 1528 2157 1595 absorbet

145 1622 185 1679 ιιι
206 1612 292 1675 miro
313 1617 348 1674 ct
368 1608 528 1673 ineffabili
556 1609 653 1674 modo
680 1632 748 1674 non
775 1610 874 1674 luerit
899 1616 1030 1695 praeter
1053 1609 1124 1674 eius
1176 1608 1328 1673 Primum
1350 1608 1433 1672 nihil
1457 1608 1540 1688 aliis,
1562 1611 1628 1675 nisi
1650 1632 1693 1675 ox
1715 1612 1818 1677 animi
1839 1613 1904 1676 mei
1927 1632 2039 1694 sensu,
2061 1634 2157 1697 prae-

147 1697 353 1765 voluntntom
376 1695 514 1772 factum,
546 1695 632 1777 quod
656 1696 755 1761 etiam
778 1707 892 1761 contra
914 1696 984 1760 cius
1005 1695 1125 1760 volun·
1149 1672 1152 1711 ¹
1176 1692 1292 1758 scribo.
1337 1694 1445 1759 Testis
1472 1695 1561 1760 enim
1588 1696 1670 1761 mihi
1700 1697 1764 1761 erit
1790 1697 1970 1778 Dominus,
2004 1700 2060 1765 cui
2083 1720 2159 1767 eon·

24 1800 27 1805 '
147 1788 250 1849 tatem
278 1782 490 1845 factumest:
524 1780 601 1863 quia
623 1803 690 1846 non
710 1784 821 1860 ficret,
851 1783 878 1847 si
902 1802 968 1847 non
990 1782 1123 1846 sineret.
1176 1779 1314 1844 scientia
1335 1799 1409 1844 mea
1430 1779 1622 1859 subscribet,
1641 1782 1688 1847 sic
1705 1803 1758 1847 me
1778 1782 1942 1866 stupenda
1956 1784 2159 1868 haecipsius

146 1869 217 1935 Nec
257 1867 369 1950 utique
409 1865 524 1930 nolcus
557 1866 651 1945 sinit,
694 1867 752 1932 sed
787 1872 861 1946 [pag.
893 1871 966 1946 117]
1002 1867 1123 1937 voleus.
1176 1864 1297 1930 iudicia
1319 1864 1463 1948 quotidie
1486 1864 1654 1945 meditari,
1681 1868 1832 1934 utnulla
1857 1876 1911 1934 me
1933 1869 2011 1953 plus
2034 1869 2159 1954 aliquid

146 1954 272 2039 Negari
306 1953 405 2032 enim,
439 1950 524 2035 quod
564 1952 632 2018 illic
670 1953 868 2036 principium
900 1953 1017 2031 sumit,
1059 1974 1125 2017 non
1177 1949 1301 2016 sciendi
1329 1951 1501 2016 curiositas
1529 1951 1696 2018 sollicitet:
1727 1954 1820 2019 nulla
1852 1954 1936 2019 mihi
1963 1953 2007 2019 de
2033 1957 2159 2022 incom-

146 2047 277 2125 potest:
323 2039 408 2103 Tam
440 2037 608 2103 hominem
643 2058 743 2122 quam
779 2038 913 2123 angelos
948 2046 1125 2121 apostatas,
1150 2090 1152 2109 ,
1176 2036 1315 2119 parabili
1343 2038 1413 2102 eius
1433 2038 1561 2103 iustitia
1580 2039 1717 2121 obrepat
1739 2045 1812 2118 [pag.
1841 2047 1912 2116 119)
1944 2041 2083 2107 sinistra
2104 2064 2158 2108 ιιι-

148 2134 309 2210 quantum
331 2123 373 2190 ad
396 2124 484 2206 ipsos
502 2125 629 2204 attinet,
652 2124 738 2207 quod
751 2126 845 2190 Deus
857 2124 973 2202 noluit,
996 2125 1125 2190 fecisse:
1177 2122 1293 2205 spicio:
1340 2121 1433 2187 nulla
1476 2143 1530 2188 me
1568 2124 1839 2190 obmurmurandi
1879 2125 1982 2191 libido
2023 2148 2159 2211 prorsus

148 2218 310 2296 quantum
339 2230 418 2276 vero
448 2208 489 2273 ad
511 2210 576 2273 Dei
603 2210 889 2293 omnipotentiam,
919 2209 1126 2275 nullomodo
1178 2208 1300 2272 titillet.
1336 2209 1497 2291 Denique,
1521 2210 1556 2273 in
1578 2210 1640 2276 hae
1662 2211 1842 2294 Augustini
1854 2211 1877 2292 1)
1901 2213 2072 2277 sententia
2094 2235 2159 2279 non

148 2298 278 2363 efficere
309 2293 343 2358 id
377 2294 530 2360 valuisse.
584 2295 675 2379 Ergo
704 2296 811 2361 sancti
844 2296 908 2362 viri
941 2295 1126 2361 sententiae
1176 2295 1289 2358 minus
1320 2293 1497 2376 tranquille
1520 2315 1619 2377 quam
1641 2296 1783 2361 libenter
1811 2297 1996 2380 acquiesco:
2036 2299 2158 2375 Deum,

146 2382 327 2448 subscribo:
356 2379 403 2446 sic
430 2380 594 2462 peccando
622 2379 737 2446 fecisse
760 2380 848 2464 quod
869 2380 1001 2447 nolebat
1023 2382 1124 2459 Deus,
1176 2380 1234 2462 qui
1256 2380 1383 2445 creavit
1415 2381 1526 2445 omnia
1555 2379 1643 2446 bona
1668 2379 1780 2462 valde,
1814 2390 1849 2448 et
1875 2383 1964 2448 mala
1998 2404 2041 2449 ex
2064 2385 2159 2451 bonis

147 2474 186 2533 ut
206 2489 266 2553 per
289 2464 411 2530 malam
434 2486 548 2530 eorum
570 2465 775 2531 voluntatem
797 2468 1022 2533 faceretDcu's
1040 2465 1126 2550 quod
1177 2466 1347 2530 exoritura
1367 2465 1552 2548 praescivit,
1575 2473 1609 2532 et
1630 2468 1728 2533 scivit
1745 2469 1851 2553 magis
1873 2468 1916 2533 ad
1938 2489 2034 2534 suam
2053 2472 2159 2536 omni·

146 2552 287 2621 volebat.
332 2548 371 2616 Si
399 2551 472 2634 quie
499 2551 561 2617 boo
588 2552 710 2616 mentis
738 2573 817 2617 suae
847 2561 945 2636 captu
974 2554 1126 2636 superius
1177 2551 1441 2634 potentissimam
1463 2552 1643 2617 bonitatem
1669 2555 1849 2636 pertinere,
1872 2554 1972 2619 etiam
1997 2555 2038 2620 de
2060 2556 2157 2622 malis

147 2660 221 2705 esse
250 2637 400 2719 excipiat,
424 2683 425 2687 η
446 2636 535 2700 idem
568 2646 601 2702 et
631 2637 670 2702 de
702 2658 755 2703 mc
787 2639 898 2704 fateor.
952 2637 1020 2704 Sed
1048 2637 1126 2721 quid
1151 2690 1154 2721 ,
1177 2637 1377 2717 benefacere,
1395 2656 1493 2720 quam
1510 2638 1599 2703 mala
1608 2658 1681 2704 esse
1699 2661 1765 2705 non
1779 2640 1903 2705 sinere:
1926 2641 1972 2705 sic
1984 2639 2158 2708 ordinasse

147 2725 285 2801 mirum,
313 2722 340 2786 si
370 2720 541 2787 ruodulum
569 2731 722 2788 nostrum
751 2724 914 2788 immensa
941 2736 975 2789 ct
1001 2726 1126 2789 incom-
1150 2724 1154 2777 l
1177 2722 1372 2806 angelorum
1396 2733 1429 2786 et
1451 2722 1623 2788 hominum
1646 2725 1758 2804 vitam,
1781 2727 1869 2789 utin
1888 2727 2034 2808 caprius
2048 2736 2158 2793 osten·

146 2807 378 2895 prehensibilis
390 2806 453 2872 Dei
473 2810 627 2874 maiestas
638 2809 835 2892 exsuperet?
864 2811 977 2893 Atqui,
997 2816 1126 2874 tantum
1178 2806 1278 2886 deret,
1302 2806 1381 2890 quid
1400 2816 1512 2891 posset
1532 2809 1672 2875 liberum
1695 2831 1810 2875 eorum
1832 2812 2017 2891 arbitrium,
2039 2813 2158 2879 deinde

147 2895 254 2971 abest,
277 2901 315 2958 ιιι
336 2914 395 2976 pro
418 2895 672 2960 comissatione
694 2895 928 2979 explicandum
951 2896 1127 2978 suscipiam
1150 2936 1154 3005 y
1178 2891 1256 2976 quid
1288 2900 1399 2977 posset
1429 2895 1555 2978 gratiae
1589 2917 1668 2961 suae
1700 2895 1908 2975 beneficium,
1943 2898 2158 2983 iustitiaeque

147 2980 286 3047 sublime
326 2978 416 3045 istud
449 2979 720 3063 reconditamque
755 3002 928 3059 arcanum,
969 2990 1008 3047 ut
1040 2978 1126 3063 quod
1151 3024 1154 3073 Ι
1177 2977 1343 3045 iudicium.
1389 2980 1444 3045 Ad
1466 2980 1561 3058 haec,
1590 2992 1628 3045 ut
1650 2980 1690 3045 de
1713 2983 1834 3049 affectu
1856 3003 1929 3047 meo
1952 2992 2100 3049 mecam:
2130 2985 2157 3050 si

147 3067 243 3133 initio
272 3065 441 3148 praefatus
468 3087 558 3144 sum,
584 3066 713 3132 assidue
740 3067 777 3130 in
799 3067 993 3132 memoriam
1019 3066 1126 3132 redire
1178 3064 1295 3147 quibus
1328 3065 1375 3129 ite
1407 3067 1562 3148 pruriunt-
1593 3087 1705 3143 aures,
1741 3076 1781 3131 ut
1811 3068 1896 3132 nibil
1925 3069 1987 3133 sibi
2022 3090 2066 3135 ex
2095 3070 2157 3136 Dei

146 3153 258 3231 velim,
282 3150 431 3234 desipere
452 3152 507 3234 qui
530 3152 603 3235 plus
626 3154 710 3218 scire
729 3160 900 3237 appetunt,
922 3174 1020 3237 quam
1033 3153 1127 3217 Deus
1178 3151 1344 3235 mysteriis
1379 3150 1526 3216 clausum
1570 3153 1798 3236 obiectumque
1842 3173 1915 3219 esse
1948 3153 2070 3220 velint:
2111 3156 2159 3221 bis

147 3238 355 3305 revelaverit.
412 3233 524 3317 Quare
563 3259 623 3303 nos
662 3238 771 3322 potius
811 3238 908 3304 docta
939 3238 1128 3323 ignorantia
1178 3256 1321 3301 vesanus
1350 3237 1414 3300 erit
1440 3238 1612 3319 magister,
1647 3239 1703 3320 qui
1727 3238 1849 3304 talibus
1872 3238 2042 3321 discipulis
2064 3243 2158 3307 satis·

147 3323 302 3400 delectet,
339 3343 437 3406 quam
464 3324 688 3406 intemperans
716 3332 750 3390 et
781 3324 873 3390 ebria
899 3324 1023 3391 sciendi
1052 3324 1127 3408 plus
1151 3286 1155 3375 i
1178 3323 1284 3386 lacere
1317 3323 1505 3406 tentabit.²)
1555 3324 1672 3388 Potius
1704 3323 1825 3407 trepidi
1858 3323 2049 3405 audiamus,
2083 3325 2159 3410 quid

147 3430 246 3494 quam
275 3408 368 3473 Deus
394 3409 557 3490 permittit
583 3411 768 3475 curiositas:
811 3411 872 3476 sub
901 3411 964 3475 hac
997 3418 1126 3475 tantum
1151 3420 1155 3541 1
1178 3405 1301 3473 Davidi
1333 3406 1501 3486 acciderit,
1534 3431 1637 3491 quum
1670 3411 1704 3474 in
1738 3412 1895 3487 usitata⁸)
1930 3410 1994 3474 Dei
2027 3413 2157 3491 iudicia,

146 3494 334 3560 reverentia
357 3514 392 3558 se
414 3515 528 3560 omnes
550 3516 666 3561 sensus
689 3497 792 3560 animi
813 3498 1018 3574 contineant,
1041 3496 1126 3560 nihil
1178 3493 1318 3577 quaein
1341 3502 1477 3558 externo
1501 3515 1673 3577 corporum
1702 3504 1736 3560 et
1757 3495 1940 3579 praesentis
1958 3498 2050 3563 vitae
2072 3506 2157 3564 statu

145 3579 259 3644 Deum
287 3579 322 3642 in
351 3578 497 3645 hominis
523 3588 657 3661 peccato
677 3581 835 3659 voluisse,
866 3583 929 3646 nisi
957 3581 1043 3664 quod
1066 3603 1126 3647 sua
1150 3548 1155 3698 ἱ
1179 3586 1347 3661 apparent,
1370 3579 1445 3663 plus
1463 3600 1565 3663 aequo
1583 3581 1778 3663 inquireret:
1801 3583 1926 3647 Factus
1944 3604 2028 3662 sum,
2052 3585 2158 3668 inquit

146 3665 277 3730 iustitia
299 3663 437 3746 dignum
459 3674 538 3728 erat.
1151 3702 1154 3751 l
1179 3664 1282 3747 (Psal.
1303 3669 1353 3746 73,
1377 3669 1441 3744 22),
1463 3665 1550 3748 apud
1572 3673 1605 3730 te
1627 3668 1744 3731 similis
1765 3670 1920 3731 iumento.
1950 3667 2027 3733 Non
2050 3670 2158 3753 potuit

232 3750 450 3831 Prosequitur
469 3751 624 3834 Pighius:
649 3751 687 3817 Si
709 3751 774 3816 Dei
796 3775 877 3835 opus
905 3760 957 3818 est
983 3753 1127 3817 bominis
1179 3758 1292 3816 tantus
1315 3751 1476 3833 propheta
1495 3753 1531 3815 in
1552 3753 1652 3817 rebus
1673 3755 1783 3818 minus
1811 3754 1958 3818 obscuris
1986 3764 2021 3818 et
2043 3775 2156 3821 recon-

147 3836 326 3922 apostasia,
349 3833 469 3899 falsum
492 3856 563 3901 csse
585 3836 671 3919 quod
693 3838 856 3919 scriptura
878 3838 994 3917 tradit,
1017 3839 1127 3903 omnia
1179 3835 1257 3900 ditis
1280 3836 1366 3900 ultra
1397 3837 1448 3902 fas
1478 3858 1607 3920 sapere,
1641 3841 1720 3921 quin
1749 3839 1864 3904 brutae
1892 3838 2028 3922 pecudis
2054 3843 2157 3907 instar

147 3944 232 4006 quae
254 3921 333 3986 facit
344 3921 446 3997 Deus,
469 3921 554 3986 bona
577 3943 655 3987 csse.
679 3924 790 4005 Atqui,
814 3931 848 3987 et
869 3932 981 3988 sancte
1000 3924 1124 3999 testari,
1178 3921 1435 4003 obstupesceret:
1459 3943 1519 3987 nos
1541 3941 1621 3988 vero·
1641 3935 1871 4007 praeposterae
1888 3927 2011 3991 mentis
2024 3936 2156 3993 nostrae

147 4018 182 4073 et
202 4009 345 4091 ingenue
366 4007 513 4089 profiteri
532 4029 675 4091 possum,
698 4008 779 4072 mihi
800 4020 1022 4073 commentum
1035 4008 1124 4073 istud
1150 4064 1153 4091 ,
1177 4007 1331 4071 lasciviae
1357 4008 1392 4071 in
1423 4008 1619 4073 excutiendo
1648 4010 1783 4076 consilio
1813 4011 1875 4075 Dei
1903 4012 2055 4077 omnium
2082 4032 2156 4097 pro·

146 4114 318 4176 nunquam
351 4092 481 4158 venisse
513 4095 563 4156 in'
580 4102 735 4159 mentem.
786 4094 949 4159 Naturam
982 4095 1125 4159 hominis
1177 4091 1373 4158 fundissimo
1400 4093 1534 4176 impune
1552 4092 1818 4179 indulgebimus?
1863 4096 2047 4178 Postquam
2071 4098 2156 4163 Pau·

146 4178 219 4244 idco
241 4188 368 4243 rectam
388 4179 495 4260 primo
517 4178 683 4245 conditam
704 4180 805 4246 inisse
824 4186 898 4258 [pag.
913 4186 986 4259 118]
1005 4180 1125 4262 ubique
1177 4176 1241 4257 lus,
1264 4179 1375 4243 Deum
1397 4200 1439 4242 ex
1465 4177 1595 4262 perdita
1622 4202 1732 4247 massa
1764 4182 1885 4265 eligere
1919 4190 1953 4245 et
1981 4185 2156 4266 reprobare

149 4284 270 4342 assero,
294 4285 336 4328 ne
358 4265 514 4346 pravitas,
544 4285 643 4347 quam
665 4267 726 4332 sibi
749 4265 930 4331 defectione
952 4266 1124 4342 contraxit,
1178 4284 1258 4346 quos
1287 4264 1335 4327 illi
1364 4265 1474 4328 visum
1496 4272 1561 4344 est,
1591 4265 1715 4332 docuit:
1746 4287 1848 4351 quare
1874 4275 1909 4332 et
1932 4268 2099 4349 quomodo
2125 4266 2157 4332 id

148 4348 222 4413 Deo
244 4349 347 4431 possit
369 4348 523 4415 adscribi:
547 4359 688 4415 mortem
710 4352 762 4416 cui
781 4372 816 4415 se
834 4350 1044 4433 manciparit,
1068 4350 1125 4433 qui
1178 4350 1237 4413 fiat
1266 4349 1346 4414 adeo
1374 4370 1442 4413 non
1470 4350 1617 4432 expedit,
1646 4361 1685 4416 ut
1711 4354 1820 4436 potins
1848 4357 1923 4432 [pag.
1953 4360 2029 4434 120]
2059 4376 2101 4420 ex
2123 4374 2156 4418 a·

148 4442 225 4499 ante
248 4431 379 4518 comp'os
400 4435 489 4500 vitae
511 4445 597 4515 erat,
627 4438 675 4503 sic
701 4438 880 4520 profectam
899 4457 969 4501 esse
992 4437 1032 4502 ab
1054 4437 1126 4501 eius
1179 4455 1315 4500 vescens
1342 4435 1377 4499 in
1405 4435 1581 4501 clamorem
1613 4437 1707 4502 illum
1740 4446 1904 4520 erumpat:
1938 4436 1970 4503 Ο
1999 4376 2154 4505 altitudo!

149 4519 260 4602 culpa,
283 4542 325 4585 ne
347 4521 438 4585 Deus
461 4528 557 4585 autor
579 4532 758 4587 censeatur.
794 4521 831 4587 Si
854 4543 999 4604 unquam
1021 4521 1126 4587 divini
1178 4520 1288 4595 (Rom.
1314 4525 1369 4598 ll,
1400 4520 1466 4605 33.)
1510 4522 1556 4586 Et
1578 4544 1637 4587 nos
1667 4524 1736 4588 eius
1763 4521 1948 4588 altitudinis
1971 4526 2157 4592 reverentia

148 4605 285 4686 spiritus
306 4606 467 4672 instinctu
487 4606 612 4670 factum
635 4628 706 4673 osse
728 4606 894 4685 dixissem,
913 4616 952 4671 ut
968 4629 1004 4672 se
1022 4606 1125 4672 aDeo
1178 4626 1245 4669 non
1266 4606 1423 4688 perculsi,
1447 4608 1578 4689 penitus
1600 4610 1737 4673 scrutari
1760 4608 1971 4690 audebimus,
1996 4611 2157 4695 quomodo

147 4690 275 4771 primus
297 4690 396 4755 homo
418 4691 592 4755 alienaret:
622 4715 659 4758 ac
681 4714 748 4758 non
772 4695 882 4776 potius
905 4694 1025 4776 ubique
1048 4714 1123 4758 oon·
1180 4765 1196 4771 ..
1219 4766 1287 4770 ..-.
1319 4765 1347 4770 ,,
1376 4766 1383 4771 ,

148 4772 334 4853 tenderem,
358 4773 477 4842 diaboli
500 4777 709 4862 instigatione
737 4787 771 4844 et
792 4780 924 4863 proprio
946 4778 1054 4845 cordis
1075 4779 1126 4844 sui

1250 4863 1281 4929 1)
1299 4863 1340 4917 Dc
1358 4863 1529 4930 correptione
1548 4869 1576 4918 et
1593 4866 1681 4933 gratia
1699 4881 1758 4946 cap.
1778 4865 1818 4920 10.

1250 4930 1281 4996 2)
1300 4932 1378 4986 sinon
1396 4931 1478 5000 qu’au
1496 4933 1549 4987 lieu
1567 4932 1667 4988 d'estre
1686 4942 1795 4990 marstre
1813 4935 1862 4990 des
1880 4937 1992 4992 caneux
2011 4938 2031 4991 il
2051 4954 2080 4994 se
2099 4939 2155 4993 face

219 4996 249 5060 1)
269 4995 342 5051 aad.
367 4997 386 5051 il
411 4998 456 5078 luy
479 4998 595 5053 attribue
620 5017 655 5054 un
678 5001 751 5055 tiltrc
775 5002 820 5069 qui
844 5009 886 5056 cst
903 5001 1074 5070 inseparable
1095 5000 1128 5055 dc
1182 4999 1276 5070 prinae
1293 5000 1342 5054 des
1360 5015 1482 5068 enragea.

149 5079 201 5120 sou
219 5079 331 5120 essence
351 5073 379 5120 et
396 5069 508 5120 maraste
526 5067 624 5122 divine.
1253 5066 1283 5134 3)
1312 5067 1359 5122 Soc
1403 5072 1512 5137 anceps
1537 5076 1563 5124 et
1590 5069 1740 5125 Gallenos.
1782 5071 1956 5127 Recenticres
1983 5090 2040 5129 unc
2067 5075 2156 5130 certo:

218 5132 248 5201 2)
268 5132 377 5189 Euchir.
395 5134 431 5189 ad
448 5133 531 5189 Laur.
550 5152 609 5204 cap.
627 5136 669 5190 99.
1182 5138 1320 5193 inusitata.
1357 5085 1454 5192 Oditur
1469 5139 1554 5206 plane
1570 5141 1676 5193 omittit.

1154 5240 1159 5247 a

149 4932 352 4939 —-—-——--
