4620 5894
111 242 174 308 tas
935 243 1036 313 cUM
1058 244 1309 312 summoue.
2068 255 2134 318 486

109 431 258 509 stmulo,
288 430 330 497 ad
357 431 439 497 bene
467 431 586 515 agendi
613 432 760 497 studium
782 434 984 499 incitabitur.
1030 435 1092 499 At·
1117 441 1120 465 ¹
1145 435 1256 513 ritum,
1279 453 1379 516 quam
1401 435 1585 518 gratuitum
1607 437 1671 502 Dei
1694 437 1826 504 donum.
1866 437 1937 503 Nos
1959 459 2039 524 ergo
2061 463 2133 508 cre·

110 525 221 582 tamen
257 518 345 583 hunc
377 517 484 583 solum
518 529 706 603 respectum
736 538 805 582 non
831 518 979 584 habebit:
1013 539 1092 584 nam
1117 472 1120 611 l
1145 541 1224 604 pare
1251 520 1402 585 sinamus
1429 530 1542 603 patres
1564 523 1658 600 istos,
1688 524 1846 590 meritum
1867 543 1888 588 a
1906 526 2014 608 gratia
2035 546 2130 611 sepa·

109 623 212 755 ffl
239 604 420 688 ingenuam
448 623 468 668 a
494 603 572 670 liliis
599 605 668 670 suis
697 604 918 670 obedientiam
945 607 1093 670 reuirat
1144 605 1264 683 rando,
1296 626 1470 688 perperam
1497 606 1682 674 lacerantes
1714 608 1801 693 quod
1833 631 1911 676 vere
1938 632 2044 678 unum
2069 621 2129 679 est

210 738 218 767 ,
247 689 368 754 servile
396 689 556 754 eiusmodi
589 691 783 773 obsequium
810 711 878 755 non
905 711 988 774 repu
1013 692 1092 758 'abit
1145 690 1236 772 Quid
1262 711 1362 774 porro
1390 702 1583 758 mereantur
1613 715 1722 777 opera,
1751 697 1808 779 qui
1836 717 1878 761 ex
1906 697 2130 778 superioribus

110 772 223 854 modo,
257 774 314 841 sed
347 775 460 857 prooul
495 776 595 840 etiam
628 776 762 841 reiiciet.
818 775 962 859 Ideoque
995 778 1091 861 longe
1143 777 1296 843 censuris
1318 777 1441 842 nostris
1463 775 1631 858 didicerit,
1660 802 1728 846 non
1750 802 1952 867 magnopere
1973 802 2130 866 praesen·

110 861 214 928 alium
235 861 290 944 pie
310 868 486 945 sancteque
507 861 642 927 vivendi
669 882 805 945 scopum
833 864 969 946 spiritus
997 884 1092 930 sano·
1144 870 1212 928 tem
1234 862 1453 929 anathematis
1475 866 1638 948 crepitum
1659 867 1877 933 exhorrescet.

110 955 174 1026 tus,
202 967 304 1031 quum
333 949 370 1011 in
394 949 566 1030 scripturis
593 949 732 1030 passim,
763 956 835 1014 tum
857 971 916 1032 per
936 971 973 1015 os
993 949 1093 1016 Pauli

109 1032 203 1100 nobis
224 1034 387 1118 praefigit,
410 1034 516 1116 primo
536 1033 577 1098 ad
598 1033 761 1117 Ephesios
784 1036 898 1118 capite.
1519 1001 1562 1066 In
1583 1000 1754 1068 XXXIII·

1230 1120 1408 1203 Ingeniosa
1424 1141 1505 1185 vero
1526 1120 1649 1186 cautio:
1673 1143 1715 1188 ne
1735 1124 1809 1205 quis
1827 1122 1949 1203 videat,
1971 1124 2058 1207 quod
2080 1127 2131 1192 ri·

491 1171 533 1236 1¹¹
555 1172 709 1238 XXXH'
1145 1204 1225 1271 dent
1247 1226 1370 1271 omnes.
1416 1206 1541 1271 Parum
1563 1206 1669 1285 abest,
1692 1209 1771 1291 quin
1795 1216 1829 1272 et
1849 1209 1916 1274 Dei
1936 1209 2075 1294 gloriam
2096 1218 2131 1278 et

196 1289 274 1373 Quo
296 1292 377 1371 iure,
400 1300 458 1357 aut
479 1313 543 1374 quo
566 1314 665 1358 sensu
687 1301 802 1359 nostra
820 1298 987 1371 vocentur,
1010 1313 1094 1375 quae
1146 1291 1245 1356 simul
1267 1290 1393 1356 Christi
1416 1293 1557 1375 gratiam
1581 1295 1786 1359 exinaniant.
1832 1295 1879 1359 Et
1903 1296 2038 1360 interim
2058 1295 2133 1365 dira

111 1380 144 1444 in
165 1377 261 1443 nobis
284 1378 384 1442 efficit
406 1377 531 1444 (lhristi
554 1379 690 1462 spiritus
713 1379 798 1443 bona
819 1399 927 1461 opera,
951 1379 1095 1445 breviter
1146 1377 1369 1443 exsecratione
1391 1378 1619 1457 nesciuntne
1641 1381 1715 1461 quis
1737 1379 1847 1463 aliqua
1867 1403 1910 1445 ex
1931 1392 2025 1464 parte
2047 1383 2132 1447 utri-

112 1464 322 1548 Augustinus
335 1466 361 1546 ¹)
390 1464 499 1543 docet,
528 1486 630 1548 quum
663 1462 913 1531 similitudinem
946 1474 988 1528 ex
1020 1485 1094 1528 ora·
1146 1484 1209 1546 que
1238 1462 1388 1547 derogari
1416 1471 1519 1545 putet.
1569 1464 1714 1529 Perinde
1737 1485 1775 1530 ao
1804 1466 1932 1548 siquis
1960 1467 2130 1534 hominem

111 1552 200 1615 done
227 1548 363 1614 Domini
398 1550 544 1615 adducit:
581 1551 639 1616 ubi
669 1571 790 1634 panem
821 1571 921 1633 quem
951 1549 1094 1633 petimus
1119 1556 1122 1601 l
1146 1549 1335 1627 interficiat,
1367 1548 1474 1615 medio
1501 1550 1586 1626 foro,
1615 1551 1675 1615 sub
1697 1550 1846 1615 omnium
1873 1560 2067 1635 conspectu,
2095 1560 2131 1619 et

112 1634 206 1723 nohis
228 1635 356 1712 donari,
385 1646 534 1701 nostrum
557 1637 671 1717 simul,
699 1659 766 1702 non
789 1636 854 1701 alio
876 1656 974 1720 quam
996 1635 1095 1700 dona·
1119 1620 1122 1735 l
1146 1634 1280 1701 caedem
1307 1635 1461 1700 omuibus
1493 1635 1704 1718 conspicuam
1731 1637 1906 1719 prohibeat
1933 1646 2046 1703 tamen
2073 1661 2131 1705 ve-

112 1721 212 1787 tionis
233 1721 344 1798 titulo,
373 1725 648 1806 nuncupamus.²)
693 1723 819 1805 Itaque,
842 1731 880 1787 ut
901 1722 978 1788 alibi
1000 1721 1095 1788 docet
1119 1750 1122 1775 ι
1146 1743 1218 1786 ram
1247 1719 1345 1787 credi.
1396 1721 1501 1786 Porro
1537 1722 1590 1787 hio
1619 1730 1734 1806 suopte
1768 1744 1803 1787 se
1833 1722 1955 1790 iudicio
1986 1723 2132 1807 produnt

112 1807 201 1873 idem
225 1808 378 1890 scriptor:
392 1812 422 1892 ⁸)
456 1807 543 1873 dona
569 1807 696 1874 (lhristi
729 1829 826 1873 nemo
866 1807 1093 1890 amplectetur,
1119 1778 1122 1881 l
1146 1807 1275 1884 sorices,
1291 1807 1316 1891 ¹)
1358 1827 1460 1889 quum
1492 1807 1714 1873 anathematis
1743 1818 1902 1875 terrorem
1931 1809 2004 1874 aliis
2036 1811 2131 1876 incu-

112 1893 175 1959 nisi
202 1915 264 1959 sua
292 1893 411 1958 merita
437 1893 567 1960 oblitus.
611 1895 788 1960 Rationem
818 1894 991 1978 aliquoties
1018 1892 1093 1958 red·
1118 1900 1121 1955 l
1145 1893 1249 1971 tiunt,
1277 1913 1320 1957 ne
1342 1893 1546 1975 impietatem
1567 1913 1701 1959 cernere
1723 1894 1841 1973 ausint,
1866 1897 1957 1960 cuius
1978 1895 2045 1980 ipsi
2067 1896 2130 1963 sihi

10 1992 12 2000 “
114 1979 174 2047 dit:
197 1980 277 2063 quia
299 1984 371 2058 [pag.
392 1983 467 2059 247]
492 1979 575 2045 nihil
598 1981 688 2045 aliud
710 1989 762 2046 est
780 1981 867 2064 quod
885 1979 1004 2047 dicitur
1024 2000 1093 2045 me·
1117 1960 1121 2020 l
1144 1978 1266 2045 conscii
1287 1986 1391 2044 erant.

897 2321 1104 2389 supultus
1128 2318 1303 2389 SESSIO.
1312 2321 1342 2403 ⁴)

195 2493 1000 2574 Adcensummationemsalutarisdeiustificaticne
1020 2494 1089 2559 doc-
1116 2505 1119 2635 b
1142 2494 1303 2572 instituta,
1332 2495 1389 2555 aut
1410 2511 1476 2556 esse
1496 2489 1599 2570 pluro
1627 2490 1674 2555 cel
1698 2492 1859 2570 pauciora
1879 2512 1975 2573 quam
2001 2498 2126 2575 septem,
2198 2523 2201 2527 ’

113 2580 220 2660 tinae,
242 2600 323 2662 qnae
344 2581 587 2659 inpraeccdenti
603 2581 755 2663 proeium
770 2580 920 2659 Sessione,
942 2600 1003 2645 unc
1027 2599 1090 2644 orn
1143 2580 1301 2645 videtum
1323 2575 1540 2659 Baptismum,
1573 2574 1854 2656 Gondmatimen,
1877 2576 2126 2660 Erulmristiam,

112 2668 200 2733 amm
229 2665 365 2730 Petrum
391 2669 466 2744 [pag.
494 2672 570 2746 aee]
603 2685 755 2733 consemu
782 2666 985 2750 pranulpata
1016 2665 1089 2748 suit,
1115 2642 1119 2765 l
1148 2663 1386 2743 Paenitentiam,
1408 2661 1598 2728 Eutrernam
1618 2663 1806 2743 unctionem,
1831 2662 1981 2729 Ordinem
2000 2669 2030 2730 et
2052 2663 2126 2731 Ma·

112 2756 348 2820 momentaneum
383 2752 490 2817 onum
523 2758 583 2833 est,
617 2753 655 2817 de
687 2753 898 2819 ennensimis
930 2749 1091 2817 Ecclesiae
1116 2768 1119 2775 ’
1145 2750 1343 2816 trinionium:
1365 2750 1535 2814 autetiam
1557 2747 1686 2829 aliquod
1706 2747 1818 2813 lucrum
1840 2755 1955 2831 septem
1977 2771 2040 2817 non
2061 2770 2127 2819 esse

115 2838 328 2907 Sesamus
348 2857 454 2921 apere,
476 2859 539 2920 per
567 2859 648 2920 quoe
676 2840 779 2906 omnis
800 2860 876 2905 cera
896 2839 1022 2904 iustdia
1042 2836 1091 2902 cel
1144 2857 1214 2903 cere
1235 2836 1411 2918 etproprie
1432 2838 1675 2900 sacramentum:
1696 2833 1877 2901 Anatdena
1898 2837 1948 2900 sit.

113 2926 240 3008 incipit
278 2924 328 2990 oel
359 2929 464 3005 scepta
498 2931 642 3009 aupetm,
680 2925 728 2989 cel
757 2926 879 2992 amissa
910 2928 1090 3007 reparatur.
1234 2922 1284 2988 IL
1320 2921 1358 2988 a·
1379 2922 1452 3003 quis
1474 2920 1608 2986 dicerit:
1635 2919 1689 2984 Ea
1710 2921 1784 3003 ipsa
1805 2941 1900 2987 rescae
1921 2922 1998 3006 lepis
2018 2943 2125 2991 sacrm

115 3009 286 3093 Propterea
310 3016 527 3091 sacrosancta,
556 3012 751 3078 oecumenica
778 3018 807 3077 et
831 3010 990 3095 peneralis
1021 3010 1093 3076 Tri
1145 3014 1250 3075 menta
1271 3031 1292 3073 a
1320 3008 1524 3074 armamentis
1545 3007 1694 3087 antiquae
1715 3005 1792 3090 lepis
1813 3027 1876 3072 non
1896 3008 2033 3090 differre,
2059 3010 2127 3077 nisi

113 3098 241 3164 mnino
253 3096 408 3180 Spncdus,
429 3097 465 3161 in
485 3096 609 3179 Spiritu
630 3103 734 3163 sande
750 3098 884 3181 lcpitime
902 3101 1093 3182 cmprepata
1146 3097 1224 3176 quia
1254 3095 1465 3162 cannnoniae
1492 3097 1568 3158 sunt
1593 3092 1692 3172 aliae,
1725 3097 1753 3157 et
1786 3093 1847 3158 alii
1874 3095 1958 3158 ritune
1985 3098 2124 3162 ratuni:

116 3184 232 3251 eisdnu
257 3181 514 3265 prouidentibus
541 3184 726 3265 Apostoliee
754 3183 846 3250 Sedis
871 3183 1016 3268 [spatia
1050 3183 1094 3248 ad
1147 3181 1324 3248 Anatlmna
1346 3182 1397 3246 sit.

116 3289 236 3336 errores
264 3269 488 3349 eliminandae,
518 3276 547 3334 et
574 3272 799 3350 sestirpendas
825 3269 982 3348 Messes,
1013 3289 1094 3352 quae
1234 3267 1306 3333 ΠΙ.
1344 3265 1382 3332 st
1410 3266 1484 3349 puis
1512 3264 1646 3339 dicad:
1672 3261 1761 3328 Hace
1789 3268 1903 3344 septem
1929 3271 2125 3334 sacramus

116 3358 197 3423 drea
218 3355 421 3421 sandnnma
442 3356 515 3436 apsa
540 3356 747 3422 Sacramenta
773 3357 831 3421 loc
852 3361 962 3421 nostra
984 3360 1093 3436 teupe
1145 3356 1193 3420 ita
1215 3375 1280 3419 esse
1297 3355 1380 3418 inter
1400 3372 1435 3416 se
1451 3351 1560 3434 peria,
1580 3354 1617 3414 ut
1637 3349 1730 3415 nuda
1750 3351 1870 3417 ratione
1891 3351 1982 3417 aliud
2002 3353 2045 3418 sit
2060 3354 2126 3421 alio

117 3447 199 3521 dae,
223 3446 291 3506 tum
313 3441 350 3505 de
371 3441 532 3506 damnatis
548 3443 625 3507 olim
643 3464 664 3506 a
677 3441 828 3507 Patribus
849 3443 967 3506 nostris
987 3440 1093 3506 haere
1117 3374 1121 3535 ⁴
1145 3440 1291 3525 dignius:
1312 3436 1492 3502 Anatlema
1513 3437 1562 3502 sit.

117 3528 202 3593 silus
224 3529 407 3607 suscitdae,
434 3531 616 3594 tumetium
639 3531 678 3595 de
698 3549 777 3594 noco
803 3528 988 3594 adinventae
1010 3530 1091 3605 sunt,
1117 3540 1120 3657 1
1233 3525 1296 3590 IV.
1328 3522 1365 3587 Si
1387 3522 1604 3603 quisdicerit:
1628 3520 1832 3587 Sacramenta
1849 3543 1948 3589 nonae
1964 3524 2042 3608 lepis
2058 3545 2124 3591 non

117 3634 192 3696 quae
213 3613 380 3680 catholicae
403 3612 564 3680 Ecclesiae
580 3616 718 3696 puritati
739 3619 768 3678 et
790 3616 973 3680 animarum
992 3613 1092 3677 soluti
1145 3631 1212 3676 esse
1233 3612 1276 3677 ad
1296 3611 1431 3676 salutem
1452 3609 1639 3688 macaria,
1661 3607 1717 3674 sed
1737 3610 1906 3691 nepesina
1928 3615 1956 3675 et
1978 3612 2048 3676 sine
2066 3612 2122 3693 eis,

117 3700 464 3785 immadidant:
476 3705 658 3767 sannarum
671 3700 909 3780 Scnpturorum
925 3699 1092 3778 domine,
1145 3704 1201 3763 aut
1222 3716 1329 3762 eorum
1349 3699 1416 3760 coto
1432 3715 1494 3776 per
1522 3694 1622 3759 solam
1640 3695 1734 3776 tidem
1754 3694 1893 3760 homines
1914 3717 1936 3760 a
1957 3696 2025 3762 Deo
2044 3716 2123 3781 pra·

119 3786 305 3868 Apostclieis
333 3786 568 3864 traditionibus,
595 3793 686 3868 atque
712 3787 850 3852 aliorum
880 3783 1094 3851 Consiliorum
1143 3786 1223 3850 dam
1243 3784 1382 3864 adipisci
1397 3779 1640 3862 iustificationis,
1663 3781 1799 3864 quum2)
1822 3786 1895 3860 [pag.
1917 3787 1992 3863 2⁶0]
2015 3785 2123 3851 omnia

119 3877 142 3937 d
160 3872 301 3938 Patrium
325 3874 487 3936 cmtsensni
517 3872 719 3951 inhaerendo,
754 3872 809 3938 lios
824 3877 1009 3953 praesentes
1032 3869 1093 3937 Oa·
1144 3870 1280 3954 sinpulis
1300 3867 1478 3933 nmmsmia
1499 3886 1561 3931 non
1582 3867 1661 3932 siut:
1678 3866 1857 3932 Anmluma
1878 3868 1927 3932 sit.

120 3976 207 4025 nones
235 3957 417 4023 sauma
437 3963 466 4023 ct
487 3960 689 4025 dcmrnendos
713 3959 848 4037 censuit,
875 3959 1015 4041 reliques
1037 3959 1093 4040 qui
1239 3956 1274 4021 V.
1316 3954 1354 4019 Si
1381 3954 1454 4036 quia
1486 3952 1618 4018 dmeit:
1650 3952 1739 4018 Haec
1769 3958 1965 4018 casamenta
1991 3959 2124 4036 propter

120 4049 288 4128 meunt,
310 4044 354 4109 ad
374 4045 472 4125 coepti
493 4047 598 4126 operis
614 4046 848 4127 perfectiones,
870 4045 1021 4128 deinceps,
1044 4045 1093 4110 di·
1144 4044 1245 4110 solam
1264 4039 1734 4122 tidemnutriendarninstituta
1752 4038 2060 4120 suismdnctlema
2070 4042 2120 4107 sit.

121 4130 184 4197 uino
208 4129 335 4212 Spiritu
355 4131 533 4210 adiuvante,
556 4132 688 4197 editura.
1240 4128 1297 4194 VI.
1328 4125 1368 4192 Si
1389 4126 1462 4224 quis
1478 4124 1612 4189 dicet.-
1625 4122 1831 4223 Qanmnta
1849 4144 1945 4189 nooae
1966 4125 2045 4208 lepis
2060 4147 2122 4226 uon

225 4266 298 4333 na
319 4266 665 4334 andanumtais
685 4267 748 4333 ra
766 4267 973 4334 canaan.
1144 4217 1302 4368 {mim
1321 4207 1894 4382 !,⁹,'‚„‚⁸⁰}'⁸„34,²{„‘¹·,'',³„⁸²{',’'„'⁶⁰“,02}3,3Jf
1913 4215 2123 4383 {fflffi

199 4394 276 4471 [pag.
295 4392 372 4467 249]
404 4388 432 4454 Ι.
458 4388 494 4452 Si
516 4390 589 4470 puis
605 4389 739 4454 duait:
768 4388 972 4453 Sacrarnenta
992 4406 1091 4453 novae
1146 4392 1269 4453 tantum
1295 4390 1423 4450 merua
1450 4383 1514 4447 sirit
1541 4387 1681 4464 acceptae
1711 4402 1772 4462 per
1796 4380 1892 4462 fidern
1998 4383 2004 4396 '

124 4469 190 4557 lepis
210 4495 273 4540 non
292 4475 396 4557 fuisse
418 4477 525 4540 omnia
548 4497 567 4540 a
589 4474 726 4541 Dcrnino
748 4479 851 4539 nostro
869 4472 945 4538 Iesu
966 4471 1092 4539 doato
1145 4474 1303 4551 iustitiae,
1336 4476 1363 4536 et
1391 4475 1480 4535 notae
1506 4469 1663 4550 quaedam
1690 4467 1882 4532 christianae
1903 4468 2123 4550 professionis,

125 4611 318 4625 ,.-...
1145 4559 1259 4642 puihus
1280 4557 1369 4641 apud
1389 4555 1528 4620 loannes
1549 4553 1772 4619 dmcumntm
1797 4553 1905 4635 fideles
1925 4553 1966 4620 ab
1985 4554 2124 4636 infideli-

185 4698 213 4766 1)
232 4699 316 4755 Libro
335 4697 475 4780 devertis
494 4697 622 4779 Apostoli
641 4715 663 4752 c.
682 4696 724 4780 il.
903 4767 908 4778 ι
1117 4644 1220 4799 'bum
1239 4642 1420 4795 έῗῗῶεὲἰα
1439 4646 1490 4741 πῖ
1532 4725 1567 4790 d.
1632 4724 1666 4789 ἲ,
1701 4723 1741 4789 N
1800 4726 1823 4790 d
1870 4726 1876 4740 .
1941 4727 1986 4792 at.

180 4766 213 4836 2)
231 4767 305 4822 Aac.
334 4770 410 4821 Amsr
427 4768 453 4821 le
471 4774 533 4821 tout
549 4772 603 4836 grst
620 4782 654 4820 en
672 4768 746 4821 trltre
764 4766 797 4820 de
817 4765 955 4820 donation.
1312 4780 1318 4795 ·
1431 4747 1504 4809 quw
1554 4744 1664 4790 merl·
1734 4744 1775 4789 ⁰²⁸
1823 4747 1876 4790 ‘m
1900 4747 1941 4810 9⁷
1973 4746 2040 4792 “lm
2061 4748 2124 4809 ΡθΥ

183 4833 880 4904 aadSixtunetssonifaciumep.1050t106.
1115 4808 1119 4881 l
1144 4816 1327 4884 lunimmcdi
1348 4817 1558 4890 neaman,
1588 4830 1709 4893 smrpcr
1736 4815 1766 4877 et
1785 4811 1941 4891 mulus,
1969 4817 2123 4895 mutum

182 4905 212 4971 4)
233 4903 453 4961 celebrandi}
471 4907 573 4959 mensis
593 4905 693 4958 Martii
709 4903 786 4959 1547.
808 4903 883 4957 Edd.
902 4903 1021 4959 Actania
1040 4903 1089 4958 lua·

127 4968 179 5029 lent
192 4975 236 5030 liic
291 4974 400 5029 mem
424 4974 545 5028 titutum:
572 4973 719 5029 Decretum
741 4975 774 5028 de
799 4972 988 5028 Sacramentis.
1022 4972 1089 5027 Pro·
1597 5032 1604 5045 .

128 5044 229 5099 onum.
324 5043 382 5097 itur
404 5044 434 5096 in
455 5043 496 5097 ed.
527 5042 701 5112 Gottinpensi
722 5040 757 5096 ll
771 5042 796 5097 1.
814 5057 846 5111 p.
862 5040 905 5096 38.
942 5040 1089 5097 Decretum
1213 5041 1242 5109 1)
1260 5038 1331 5093 Mais
1349 5052 1383 5091 en
1401 5033 1461 5088 cela
1479 5033 1515 5087 ile
1533 5040 1691 5104 pratrquent
1707 5033 1733 5090 le
1745 5035 1880 5104 proverbe
1892 5052 2023 5106 commun,
2041 5035 2123 5106 qu'un

128 5106 154 5159 ic
167 5112 359 5179 emanatione
375 5111 415 5166 cd
432 5111 585 5167 Sasiam
602 5118 706 5166 sestam
721 5113 865 5181 pannem
882 5112 913 5165 in
929 5110 1017 5167 titudo
1035 5110 1089 5165 cal·
1142 5111 1235 5165 larrcn
1254 5107 1373 5163 s'accuse
1392 5117 1568 5174 acymesmes.

129 5179 229 5236 urnac
244 5197 332 5252 neque
348 5186 437 5236 enatat
455 5197 540 5251 neque
555 5177 1243 5250 respicimus)
1262 5176 1306 5230 ΔΙ.
1323 5177 1398 5231 iicet.

1144 4956 1348 4968 ———--—--

1868 5255 1921 5310 31·
