4590 5902
126 248 185 312 586
1024 243 1235 310 INTERIM.
2072 248 2133 311 586

125 434 291 512 Haereses,
317 433 548 499 Tertndlianum
569 434 612 498 ad
641 431 790 513 Uxorem,
816 433 856 499 de
879 431 1001 499 Corona
1020 433 1106 498 mili
1156 433 1239 499 dates
1261 433 1417 515 etpopnli
1445 433 1520 500 illuc
1547 434 1753 498 convenientis
1777 434 1987 517 frequentiam
2015 433 2133 513 hobed

125 523 174 601 tie,
186 521 210 602 ¹)
244 517 449 585 Ambrosium
483 521 519 584 in
545 520 683 586 oratione
703 539 766 601 pro
799 518 984 601 inpmatore
1008 518 1105 585 Thea
1155 517 1292 603 sinqulis
1317 517 1426 584 diebus
1452 519 1535 585 duae
1561 518 1605 584 ad
1634 519 1802 584 minimum
1830 521 1947 586 missae
1976 519 2132 586 mtebrari.

126 607 211 674 dario
238 605 275 671 de
302 625 430 674 excessu
453 605 576 687 fratris.
624 604 703 669 Item
733 604 812 670 libro
839 603 1105 687 2Epistclarmm
1155 604 1268 669 Altera
1305 605 1476 684 mantino,
1510 604 1562 668 cni
1592 606 1739 670 interesse
1759 607 1885 687 possint
1913 605 2051 670 tornines
2078 607 2136 688 qui

125 691 167 759 ad
191 690 359 757 Faustum.
407 688 602 773 Opprianm
630 690 709 756 libro
734 695 754 754 1
783 687 887 773 Epist.
912 697 941 770 9,
964 688 1106 757 Bernar-
1155 689 1499 756 taboremanuumrem
1520 697 1686 772 quaerunt,
1707 696 1743 756 ut
1762 692 1971 756 encoenientes
1991 691 2039 756 ael
2055 712 2134 756 com·

124 777 200 845 dum
220 778 257 842 in
280 774 444 843 Canticum
467 782 487 840 1
507 796 599 842 serm.
625 782 677 841 66.
1155 777 1309 841 munierint
1329 776 1368 841 de
1389 775 1595 856 eudraristia,
1617 777 1665 841 ael
1686 796 1720 840 se
1747 776 1817 842 Deo
1840 778 1899 858 pie
1919 778 2133 842 commendent.

211 860 288 928 Post
308 861 389 928 hanc
415 862 631 944 defunctorum
660 861 855 942 memoriam,
884 862 937 927 nbi
960 862 1027 927 iam
1049 861 1104 925 ite·
1156 861 1271 928 Altero
1293 881 1364 927 aero
1386 860 1540 941 celebrior,
1563 882 1642 943 quae
1669 867 1796 928 canetur
1817 864 1901 928 circa
1922 861 2033 927 boram
2053 866 2134 929 octa·

123 969 195 1014 rum
222 948 350 1014 molesia
378 967 569 1012 communem
595 949 766 1013 nicentium
792 947 927 1014 salntem
949 951 1025 1027 [paq.
1047 949 1102 1025 ot]
1153 968 1228 1012 ram
1249 947 1314 1012 diei
1331 946 1625 1026 antemeridianam,
1645 948 1814 1014 cuicodem
1833 948 1923 1015 modo
1941 947 2056 1027 adsint,
2079 949 2135 1031 qui

125 1033 261 1101 dmtenti
282 1032 422 1100 Darnino
444 1034 673 1113 commendarit,
696 1035 838 1116 reliquae
853 1053 964 1114 preces
977 1033 1020 1097 ad
1036 1032 1103 1115 diq-
1155 1035 1203 1099 oel
1224 1033 1452 1098 communicare
1480 1034 1518 1098 de
1539 1033 1745 1113 eucharistia,
1774 1033 1822 1099 rel
1842 1053 1875 1099 se
1896 1033 1965 1099 Deo
1986 1053 2135 1099 commen·

123 1139 198 1187 uam
218 1119 390 1185 sumendae
417 1125 632 1185 sacrosanctae
652 1118 861 1185 acharistiae
882 1118 1104 1201 praeparatio
1154 1119 1232 1184 dare
1252 1119 1355 1184 velint.
1400 1118 1444 1183 In
1463 1120 1557 1202 papis
1579 1122 1682 1184 antem
1703 1120 1839 1203 sirrqrdis
1865 1119 2038 1202 quibusque
2059 1124 2134 1199 [pag.

123 1225 192 1272 nem
222 1205 419 1287 referuntur:
456 1225 536 1285 quae
568 1225 652 1287 pars
691 1207 810 1270 musae
842 1204 1021 1286 pecoliaris
1058 1208 1104 1268 est
1156 1210 1211 1284 69]
1234 1203 1402 1269 dorniriicis
1422 1209 1451 1269 et
1470 1204 1560 1286 festis
1582 1203 1698 1285 diebrcs,
1720 1206 1865 1289 sinquhm
1886 1205 2059 1272 missaead
2076 1206 2134 1270 mi·

118 1291 348 1375 praesentibus,
375 1296 403 1357 et
429 1297 658 1356 sancsonctcm
680 1291 904 1358 eucharistiam
925 1310 1102 1355 sacramen»
1154 1292 1276 1355 nirnum
1298 1288 1491 1355 celebrentm.

123 1375 225 1443 taliter
247 1381 304 1442 aut
324 1376 435 1444 saltem
455 1376 666 1457 mimmaliter
679 1375 888 1443 commetiens:
908 1396 962 1441 nec
973 1376 1008 1440 in
1025 1395 1103 1440 mnn-
1241 1376 1346 1456 Atque
1367 1379 1402 1438 ut
1421 1375 1562 1457 populus
1584 1377 1627 1442 ad
1657 1396 1752 1441 mum
1778 1377 1952 1442 missarum
1979 1380 2135 1442 reoooeher

124 1481 215 1528 mune
235 1461 406 1529 Minodum
425 1462 529 1542 seruit,
551 1484 649 1544 quum
665 1483 751 1528 nono
772 1463 853 1528 siaed
867 1482 931 1543 pro
945 1461 1009 1526 alio
1027 1460 1102 1542 bap
1155 1462 1319 1540 mnnmode,
1340 1463 1568 1527 concionatores
1590 1462 1682 1526 inacta
1704 1463 1888 1528 sententiam
1907 1463 1945 1528 de
1966 1461 2021 1528 hoc
2041 1481 2132 1530 saera

124 1549 234 1628 mari,
267 1549 315 1615 ito
343 1569 398 1613 nce
429 1555 660 1614 sacramentum
693 1568 814 1613 sunrere
845 1547 964 1613 utiliter
989 1547 1102 1629 possit.
1155 1547 1305 1628 superius
1325 1547 1513 1628 explicatam
1529 1547 1685 1630 populum
1705 1546 1828 1613 bortori
1848 1546 1963 1628 debent,
1980 1553 2015 1613 ut
2032 1549 2132 1614 erden

126 1631 321 1717 Partieipato
346 1634 472 1700 tandem
498 1637 709 1713 sacramento,
740 1634 922 1699 etcaeteris
951 1633 1011 1697 rite
1027 1652 1102 1713 per·
1155 1631 1283 1697 libenter
1304 1633 1444 1711 intersit,
1467 1634 1518 1698 arri
1539 1634 1633 1697 etiam
1650 1632 1912 1714 praescribendae
1941 1640 2015 1699 sunt
2032 1639 2133 1701 certae

125 1719 211 1798 adis,
231 1720 414 1804 probarum
435 1719 516 1785 aetio
536 1726 654 1798 cuncta,
675 1725 711 1783 ut
734 1720 780 1785 ait
802 1718 1013 1803 Auqustinus,
1035 1737 1104 1782 corn
1155 1719 1378 1797 meditationes,
1400 1738 1511 1800 eaeque
1532 1719 1575 1783 ad
1597 1718 1741 1803 sinqndos
1761 1721 1877 1784 missae
1892 1724 2005 1800 portes
2026 1724 2132 1800 aptae,

125 1803 228 1871 uuae.
1154 1810 1184 1869 et
1205 1809 1275 1869 ante
1291 1803 1520 1886 praefatrbnem
1535 1805 1699 1889 presbyter
1720 1809 1775 1869 aut
1797 1805 1963 1885 diaconem,
1985 1805 2133 1871 sibulus

1154 1890 1244 1972 eopia
1265 1890 1316 1968 sit,
1340 1889 1478 1955 ostendat
1499 1910 1605 1955 oerum
1617 1892 1847 1969 missnensem,
1868 1911 1998 1974 eumque
2012 1891 2133 1975 populo

1155 1995 1193 2040 ea
1208 1977 1415 2057 praescripto,
1437 1975 1477 2039 de
1497 1997 1558 2061 quo
1568 1977 1664 2040 etiam
1680 1977 1849 2055 conveniat,
1872 1978 2059 2044 commendet
2068 1996 2133 2059 pro

1154 2062 1275 2127 ratione
1287 2060 1334 2136 ,de
1355 2080 1444 2126 saera
1465 2060 1523 2126 hoe
1543 2062 1691 2143 snrpaius
1713 2060 1878 2143 explicata.

208 2149 312 2228 Atque
332 2146 383 2212 hic
405 2148 592 2228 expedierit,
619 2168 716 2229 quum
738 2147 938 2213 verissimum
966 2145 1047 2210 illud
1075 2152 1103 2210 et
1243 2144 1350 2212 Canon
1371 2147 1457 2225 item
1486 2147 1522 2211 in
1543 2168 1602 2228 quo
1623 2147 1706 2211 nibil
1727 2152 1876 2227 mutetur,
1905 2147 2017 2214 monae
2038 2149 2133 2214 etiam

122 2233 284 2320 sinqulare
302 2232 496 2314 sacrificium
515 2234 650 2314 offertur,
672 2239 801 2299 veterem
821 2231 964 2297 ecclesiae
985 2251 1102 2297 niuem
1153 2253 1246 2298 neom
1278 2232 1467 2298 ntcoinetom
1499 2238 1527 2298 et
1557 2233 1732 2299 dilucidam
1765 2234 2067 2317 interpretationum,
2098 2239 2135 2300 ut

119 2339 271 2399 reuocare,
282 2339 343 2400 quo
352 2339 414 2383 non
424 2319 526 2382 solum
539 2319 725 2400 sacrificans
737 2319 813 2400 ipse,
825 2318 881 2382 sed
897 2317 1061 2384 etdiacani
1073 2322 1102 2381 et
1153 2319 1226 2383 inde
1252 2318 1426 2401 presbyteri
1461 2321 1489 2382 et
1518 2318 1708 2400 fmrationem
1740 2319 1838 2400 officii
1869 2320 1923 2384 sui
1957 2341 1991 2386 eo
2019 2320 2135 2386 nulius

117 2405 237 2488 reliqui
257 2404 401 2470 ecclenae
421 2405 576 2483 miniari,
599 2406 655 2486 qui
677 2404 786 2469 diebus
807 2402 1033 2469 solennioribus
1052 2422 1101 2467 oe·
1153 2403 1338 2488 intelliqere‚
1385 2408 1413 2467 et
1458 2405 1541 2485 quod
1586 2404 1780 2488 intellipunt,
1821 2405 1939 2489 populo
1976 2405 2133 2488 explicam

117 2491 167 2557 lut
186 2496 276 2556 testes
302 2491 383 2554 tanti
411 2489 564 2570 sacrificii
590 2494 619 2554 et
639 2490 885 2555 necessariorum
911 2488 1099 2553 ministerio-
1147 2491 1279 2571 possint.

114 2597 192 2643 rum
215 2575 408 2644 coadiutores
435 2575 636 2657 adhibentem,
665 2581 700 2641 ut
721 2575 931 2658 perceptionis
959 2575 1100 2656 corporis
1241 2574 1459 2642 Gaeremoniae
1481 2575 1622 2657 rdiqnae
1637 2581 1910 2656 sacramentorum,
1933 2578 2026 2642 iuxta
2038 2597 2133 2659 prae·

114 2669 149 2729 et
168 2662 338 2745 sanquinis
359 2659 493 2727 Domini
514 2663 615 2728 nostm
637 2661 713 2727 Iesu
738 2660 858 2726 Christi
874 2660 1050 2743 participes
1067 2681 1100 2725 se
1152 2662 1304 2744 seriptum
1325 2661 1532 2743 Apendarnm
1559 2667 1708 2742 edormi,
1736 2660 1963 2728 adhibeantur.-
1989 2661 2023 2727 in
2051 2683 2134 2745 quas

98 2746 305 2833 praeberent,
326 2748 413 2812 seria
434 2766 589 2813 canonum
601 2747 759 2813 sanctione
780 2746 1017 2828 iubebantur:‘²)
1037 2743 1100 2810 Sed
1151 2752 1256 2812 tannen
1277 2747 1309 2812 si
1322 2747 1401 2829 quid
1413 2747 1551 2827 irrepsit,
1568 2747 1651 2829 quod
1664 2767 1796 2814 causam
1812 2747 1891 2813 dare
1902 2749 2004 2831 posset
2023 2768 2134 2833 super·

111 2840 149 2902 et
165 2832 272 2916 fideles
289 2852 393 2898 omnes
409 2852 472 2914 pro
494 2832 655 2899 recolenda
666 2833 776 2899 mortis
789 2830 1100 2898 Dominietnostrae
1151 2833 1281 2911 stitiani,
1302 2832 1436 2898 eoauur.

108 2919 342 3002 redernptionis
363 2919 523 2998 memoria,
546 2920 588 2983 ad
609 2918 664 2985 hoe
685 2919 869 2985 nrediatoris
879 2917 980 2983 nostri
1001 2917 1099 2982 sacri-
1239 2918 1378 2996 Altaria,
1396 2922 1494 2982 vestes
1514 2917 1715 2998 sacerdotum,
1736 2918 1980 2999 aasanclesiac,
2002 2918 2134 2986 oenilla:

104 3006 228 3085 ficium
248 3005 446 3086 confluentes,
479 3004 597 3071 sedulis
619 3004 885 3070 exhortationibus
906 3001 1099 3068 monendiet
1151 3005 1235 3084 item,
1258 3023 1370 3083 nuces,
1392 3004 1548 3082 meristae,
1572 3005 1741 3087 inaures,
1770 3006 1968 3070 retineantur
1988 3005 2024 3070 in
2046 3004 2134 3072 ercle·

106 3090 279 3160 nummi
297 3095 381 3170 sunt,
398 3095 433 3156 nt
448 3091 546 3174 prins
567 3090 729 3174 explorati,
751 3089 887 3173 confessi
907 3092 935 3153 et
954 3088 1098 3168 absoluti,
1152 3091 1213 3156 sia
1260 3089 1323 3157 Sed
1344 3091 1392 3155 ita
1413 3095 1531 3169 tamen,
1560 3094 1596 3154 ut
1623 3090 1688 3154 sint
1713 3094 1923 3171 nwnnmmta,
1950 3110 2003 3156 nee
2031 3091 2134 3158 mons

221 2009 274 2076 Do
297 2012 527 2076 communione
549 2032 626 2077 cum
648 2012 806 2075 sacrificio
829 2009 1004 2093 iungenda.

101 3181 332 3246 sacrosanctae
360 3182 433 3255 [pag.
459 3179 514 3256 68]
548 3176 772 3242 communionis
798 3176 937 3259 qratiam
963 3179 1098 3253 morant,
1152 3176 1268 3243 latrium
1288 3177 1325 3241 in
1346 3176 1401 3242 hoe
1419 3195 1520 3258 panus
1540 3177 1761 3258 transferatur,
1790 3196 1845 3241 nec
1867 3177 1910 3242 ad
1931 3176 2135 3260 imaqineset
2256 3190 2265 3207 ·

101 3268 144 3328 et
162 3262 385 3331 divinissimae
407 3261 616 3328 eucharistiae
637 3262 913 3344 participationem
939 3281 1007 3326 nna
1027 3280 1097 3326 aem
1152 3266 1276 3329 statuas
1296 3261 1511 3345 superstitiose
1532 3280 1701 3328 concursus
1719 3261 1786 3343 fiat.

97 3350 273 3417 sacerdote
294 3348 400 3414 sedulo
422 3352 450 3412 et
469 3347 572 3414 devote
592 3348 792 3430 frequentent.
1239 3347 1348 3412 Horae
1381 3349 1456 3413 item
1487 3348 1666 3426 canonicae,
1705 3352 1735 3412 et
1768 3347 1826 3413 nlla
1851 3348 1913 3430 pia
1938 3346 2134 3430 psalmodia,

1154 3439 1226 3511 [pag.
1246 3439 1298 3510 το]
1322 3453 1418 3515 qnam
1438 3432 1528 3498 nobis
1554 3433 1805 3514 apostolusipse
1825 3434 2066 3515 commendarit,
2093 3455 2133 3501 ee

234 3573 288 3640 De
309 3573 524 3640 ⁰⁸⁰r⁰m⁰¹¹ii⁸
545 3578 580 3638 π
602 3592 664 3636 “⁸¹¹
687 3576 974 3637 swmmfflwfflm·
1151 3608 1289 3685 tuantur,
1310 3604 1448 3670 monime
1469 3624 1540 3670 vero
1561 3606 1600 3670 de
1627 3610 1760 3687 tempore
1781 3611 1809 3671 et
1830 3605 1988 3673 doninica
2009 3611 2037 3673 et
2058 3606 2135 3674 aliis

205 3725 427 3794 anrenomae
446 3730 570 3804 veteres,
592 3728 877 3807 quoesacramento
899 3723 1098 3805 capenam
1150 3691 1279 3757 ”eludis
1298 3694 1326 3755 ά
1346 3688 1572 3756 Smnmm
1591 3691 1692 3790 seim·
1726 3777 1732 3790 .

104 3812 319 3891 manuue,
357 3813 551 3878 retineantur
573 3831 692 3892 omnes,
725 3811 917 3876 ermdsmus
949 3810 1097 3888 videlicet,
1157 3863 1164 3876 .
1240 3777 1327 3859 QW
1348 3780 1452 3842 “utem
1472 3776 1510 3874 {²⁶
1531 3781 1650 3843 samm
1671 3777 1798 3877 ‚adm
1818 3783 1901 3858 Mb
1923 3777 1967 3843 “d
1987 3798 2025 3844 θα
2053 3798 2134 3860 W

100 3899 364 3978 &mm-apo,
379 3898 538 3981 professio
553 3895 639 3978 fidei,
660 3896 797 3962 mma
808 3901 837 3962 α
853 3896 1099 3978 dmm-mn,
1149 3882 1186 3928 m
1206 3865 1301 3928 neure
1322 3861 1360 3927 de
1380 3867 1501 3929 sandes
1521 3881 1678 3928 commune
1698 3868 1808 3945 posita
1828 3868 1916 3944 arnt,
1943 3863 2132 3935 reuocanda:

102 3986 198 4051 einim
225 3985 270 4052 ad
296 3983 471 4066 efficaciam
498 3982 595 4048 buius
626 3983 816 4049 sacramenti
842 3981 1097 4050 adunhrandam
1150 3947 1301 4098 ΛΜΨ
1320 3948 1448 4048 ΜΨ
1468 3948 1624 4029 mutii
1647 3949 1832 4049 miella
1852 3949 2005 4015 videnlur·

102 4077 142 4136 a
161 4069 412 4155 affirmatam,
1271 4033 1380 4118 radiae
1406 4039 1482 4100 ntem
1508 4040 1538 4099 et
1564 4055 1730 4118 exsequiae
1755 4039 1949 4100 mortuorum
1980 4033 2017 4098 de
2047 4054 2131 4100 neore

202 4155 298 4234 pem,
327 4176 361 4219 ,η
387 4155 588 4220 memmii,
615 4152 781 4232 vm,
809 4173 889 4235 W
909 4153 948 4219 ab
969 4153 1096 4219 eodm
1148 4121 1261 4186 ceteris
1282 4119 1429 4186 ecdesiae
1441 4119 1643 4186 celebremur:
1663 4125 1740 4186 esset
1761 4121 1844 4186 enhn
1865 4121 2011 4200 immane,
2031 4120 2069 4185 in
2085 4140 2131 4186 ec·

104 4241 267 4310 catholico
283 4239 469 4306 adhiberem
488 4240 621 4320 missae,
643 4238 725 4304 nihil
745 4240 932 4306 mutandum
953 4239 1095 4304 ridetur:
1148 4207 1251 4304 dem.
1267 4205 1389 4271 ”ullam
1411 4206 1540 4271 mmm
1560 4207 1746 4306 mmmm
1774 4207 1921 4304 filimi,
1945 4206 2041 4288 timi
2060 4206 2131 4271 “¹²⁸⁶-

108 4332 189 4428 δευρί
205 4327 292 4429 mun
312 4346 418 4393 annes
439 4327 482 4392 ad
502 4327 552 4408 id,
579 4325 661 4409 quod
687 4325 725 4389 in
749 4326 851 4391 missa
878 4325 998 4408 aqilnar,
1023 4344 1095 4390 cum
1147 4310 1217 4357 ’ΜΒ
1234 4310 1563 4444 ssfflm'wss
1579 4291 2058 4458 Ἢωέμηῑπᾙαω
2099 4378 2131 4445 si

104 4430 230 4492 premes
250 4418 350 4496 aptae.
1591 4465 1597 4478 ·
1649 4465 1655 4477 ³
2063 4429 2072 4460 ,

201 4498 339 4582 thuod
352 4500 396 4566 ad
404 4496 605 4564 nannhuins
615 4498 701 4564 sacri
712 4495 827 4575 attinet,
849 4494 954 4561 deberit
974 4497 1010 4560 in
1030 4495 1095 4561 sin·
1146 4482 1209 4529 '³⁰⁷¹
1230 4482 1342 4542 mr
1364 4467 1468 4530 lamen
1482 4484 1672 4546 Praemtmti

119 4684 183 4736 una
203 4672 328 4739 ciuitate
348 4676 405 4737 anet
425 4670 488 4737 loco
505 4670 617 4752 plures
639 4669 718 4754 unt)
736 4688 816 4751 quae
831 4686 983 4751 proprias
994 4687 1095 4735 sacer-
1236 4702 1368 4769 Natalis
1388 4702 1531 4782 Damni,
1552 4667 1560 4698 ’

125 4841 322 4856 ———-
1237 4786 1440 4855 Oircnmcisio
1461 4788 1606 4869 Domini,

871 4960 876 4972 ⁸
1233 4872 1431 4957 Epiphania,
1448 4877 1472 4958 ¹)

131 4963 219 5087 bellelai
234 4961 327 5088 haEbbls
340 4961 489 5087 megine?
499 4975 565 5086 ntia
575 4959 681 5085 lm
691 4975 806 5085 abulib'la
814 4958 1046 5085 'laabim
1057 4964 1095 5085 deal

186 5168 217 5239 r)
233 5117 276 5226 lle
294 5183 416 5225 comer.
432 5165 582 5223 dietim
599 5181 640 5223 cs.
657 5172 777 5237 menate.
796 5180 837 5222 aa.
852 5164 951 5222 relata
1217 5164 1248 5236 1)
1265 5164 1314 5222 der
1330 5165 1455 5237 Hailigcn
1473 5165 1539 5237 drcy
1554 5165 1645 5240 Kaniq
1660 5175 1717 5239 tuq.

1152 3518 1289 3584 ecelesiis
1309 3519 1440 3584 minime
1462 3517 1632 3584 tollantur:
1654 3525 1683 3585 et
1703 3517 1759 3585 ubi
1775 3518 1921 3585 sublatae
1941 3524 2024 3602 sunt,
2045 3521 2135 3586 resti-
2272 3512 2281 3523 ’
