4590 5902
136 219 173 279 ll
958 207 1022 272 DE
1043 206 1318 274 SCANDALIS.
2106 212 2146 275 12

134 410 243 469 autem
273 401 411 477 clectus,
447 400 538 464 vobis
565 400 664 464 ctiam
694 397 858 481 protiosus
887 396 943 480 qui
970 395 1110 462 creditis.
1136 404 1140 503 j
1164 396 1228 463 nisi
1262 410 1349 462 esset
1380 406 1475 481 petra
1509 396 1666 475 scandali,
1707 419 1812 482 nequo
1853 420 1952 463 verus
1990 397 2144 464 Christus

134 488 326 563 Caeterum,
356 487 397 550 iis
419 487 475 569 qui
496 505 564 549 non
586 484 741 562 credunt,
771 483 856 565 lapis
879 505 976 565 quem
999 504 1112 565 repro-
1137 508 1140 545 :
1163 491 1258 548 esset.
1273 486 1296 555 'l

132 574 300 639 bavorunt
322 571 540 649 aedificantes,
568 571 651 653 lapis
673 569 715 634 ad
738 590 836 652 quem
855 569 1032 643 offendant,
1056 589 1112 651 pe·
1250 567 1448 651 Quanquam
1471 569 1644 633 hominum
1666 589 1789 653 genera
1809 578 1951 652 quatuor
1972 590 2046 635 esse
2067 570 2143 649 seio,

133 672 186 725 tra
208 658 249 723 ad
271 679 372 741 quarn
392 659 579 741 impingant
600 660 631 738 (l
654 656 745 721 Petr.
765 658 794 733 2,
813 660 833 717 t
852 658 965 738 seqq).
999 655 1053 718 En
1077 664 1113 718 ut
1137 634 1141 711 l
1164 674 1246 736 quos
1263 653 1419 719 scandala
1441 675 1461 718 a
1482 654 1617 720 Christo
1640 664 1801 733 avertant,
1823 655 1878 721 vel
1895 666 1985 721 certa
2004 656 2062 739 qui
2083 655 2144 723 boc

134 745 290 811 Christus
312 767 347 809 so
367 743 519 808 omuibus
541 743 657 806 offerat
677 742 714 806 in
732 740 995 815 fundamentum,
1018 740 1112 804 utin
1137 718 1141 781 l
1164 740 1270 804 colore
1288 738 1550 823 evangeliosunt
1567 740 1703 807 inimici.
1736 741 1862 806 Multos
1872 743 1996 807 retinet
2005 741 2145 807 scauda-

135 830 295 914 templum
314 830 377 894 Dei
400 836 622 894 exstruantur.
667 826 718 891 Ibi
741 836 830 893 corte
849 826 941 891 nulla
963 826 1111 889 offensio.
1136 816 1141 927 l
1165 825 1272 890 lorum
1294 826 1420 903 horror,
1452 845 1495 890 ex
1518 826 1663 891 naturali
1684 826 1826 909 quadam
1847 827 2046 903 modestia⁸l
2068 848 2146 894 con·

134 914 206 983 Cur
224 917 327 999 igitur
347 912 541 979 offendunt?
570 914 646 996 quia
667 914 701 977 in
729 933 794 995 quo
817 911 943 995 placide
966 911 1113 994 acquies·
1138 938 1141 955 =
1165 922 1288 994 ceptus,
1311 922 1348 975 ut
1368 932 1412 976 ne
1435 918 1572 995 gastum
1594 911 1728 995 quidem
1749 912 1916 996 evangelii
1938 933 2057 996 capere
2085 934 2143 978 aa·

134 1024 209 1069 cere
238 1001 416 1078 debebant,
444 1002 479 1064 in
507 1022 580 1064 eum
611 1020 704 1065 caeco
727 999 853 1082 impetu
876 998 1113 1063 contumaciter
1165 997 1273 1062 deant
1318 996 1387 1061 Alii
1408 999 1515 1081 magis
1536 998 1652 1082 ignavi
1674 1006 1709 1063 ot
1728 997 1895 1078 indociles,
1923 997 2074 1065 socordia
2093 1008 2143 1063 ta-

133 1088 275 1154 irraunt.
1165 1104 1242 1148 men
1264 1083 1371 1167 magis
1392 1104 1491 1165 quam
1520 1084 1647 1147 malitia
1673 1106 1708 1149 se
1734 1084 1926 1167 impediunt
1972 1084 2043 1151 Sed
2064 1092 2143 1150 sunt

222 1171 315 1254 Quae
336 1178 447 1236 tamen
465 1180 516 1236 est
535 1170 708 1234 hominum
731 1169 784 1234 vel
808 1168 943 1247 malitia,
966 1167 1020 1233 vel
1041 1188 1114 1232 cor·
1165 1169 1320 1252 permulti
1343 1169 1430 1233 fastu
1452 1178 1487 1234 et
1512 1190 1669 1252 perversa
1696 1170 1782 1248 eius,
1811 1190 1831 1233 a
1857 1192 1923 1253 qua
1943 1170 2059 1254 procul
2086 1168 2142 1235 ab·

134 1259 273 1343 ruptela,
296 1256 461 1334 videmus,
489 1264 528 1321 ut
554 1255 640 1337 quod
669 1255 867 1322 accidentale
889 1264 940 1319 est
967 1253 1113 1330 Christo,
1165 1265 1258 1333 sant,
1287 1260 1362 1333 [pag.
1380 1259 1414 1335 9]
1442 1255 1624 1337 sapientiae
1649 1255 1804 1340 opinione
1829 1255 1996 1333 inebriati,
2024 1256 2142 1339 quibua

134 1365 201 1411 non
235 1344 345 1408 minus
378 1343 422 1408 sit
454 1342 672 1416 ordinarium,
711 1362 809 1424 quam
842 1341 871 1404 si
902 1341 974 1404 eius
1006 1339 1113 1404 officio
1165 1361 1226 1405 sua
1247 1341 1437 1424 arrogantia
1459 1340 1649 1406 scandalum
1673 1350 1733 1405 est
1766 1339 1856 1407 Sunt
1876 1343 1978 1407 etiam
1995 1344 2052 1425 qui
2073 1360 2141 1407 ma·

133 1431 277 1496 maxime
299 1427 499 1495 conveniret.
535 1428 634 1491 Nunc
656 1426 697 1491 ad
719 1446 776 1491 eos
797 1427 895 1491 venio
918 1426 975 1508 qui
986 1423 1112 1491 Christi
1137 1456 1140 1463 ·
1163 1426 1271 1491 litiose
1282 1424 1421 1509 dataque
1432 1446 1540 1511 opera,
1559 1425 1713 1492 scandala
1729 1427 1840 1491 omnia
1850 1428 2021 1512 colligant,
2038 1427 2142 1493 multa

134 1515 345 1600 evangelium
374 1514 455 1579 alias
485 1513 639 1596 amplecti
669 1532 737 1577 non
766 1513 964 1589 abnuentes,
994 1510 1113 1575 volunt
1164 1514 1264 1577 etiam
1285 1514 1495 1596 confingunt:
1522 1534 1628 1596 neque
1649 1512 1683 1577 id
1704 1524 1773 1576 tam
1793 1512 2024 1579 scandalorum
2045 1534 2142 1597 quam

134 1612 248 1669 tamen
276 1600 397 1666 habere
429 1600 551 1682 absquo
579 1597 751 1664 scandalis.
796 1598 882 1663 Cum
911 1597 1113 1663 Christianis
1164 1597 1328 1682 evangelii
1338 1597 1421 1677 odio,
1440 1612 1479 1663 nt
1488 1600 1598 1681 ipsum
1614 1618 1744 1681 quoquo
1755 1598 1852 1663 modo
1863 1598 2037 1666 infamem.
2070 1600 2140 1666 Imo

134 1688 217 1753 mihi
247 1686 416 1771 negotium
447 1695 506 1750 est.
551 1684 723 1750 Voluntne
751 1683 923 1749 Christum
953 1681 994 1747 ab
1023 1683 1112 1747 omni
1163 1706 1267 1767 quum
1294 1684 1361 1748 sint
1387 1682 1618 1750 scandalorum
1652 1694 1797 1761 autores,
1826 1684 2039 1768 impudenter
2066 1706 2140 1753 con·

134 1771 289 1841 scandalo
316 1771 499 1837 remotum?
550 1771 683 1836 Novum
710 1770 773 1834 sibi
799 1770 973 1835 fabricent:
1009 1790 1113 1851 neque
1165 1778 1319 1853 torquent
1339 1771 1376 1834 in
1398 1770 1607 1855 evangelium
1629 1769 1787 1853 quidquid
1807 1778 1859 1835 est
1878 1771 2034 1837 invidiae.
2079 1773 2141 1838 'lh-

134 1861 224 1926 enim
253 1858 337 1923 alim
364 1878 435 1923 esse
463 1865 570 1940 potest
597 1855 685 1920 filius
707 1856 788 1929 Dei,
822 1876 920 1938 quam
949 1854 1056 1937 qualis
1077 1854 1113 1919 in
1163 1856 1251 1921 libus
1273 1855 1447 1921 calumniis
1474 1856 1611 1921 refertos
1638 1854 1751 1921 videre
1778 1872 1829 1921 est
1851 1855 2014 1937 Sadoleti,
2043 1858 2139 1937 Eccii,

134 1945 307 2028 scripturis
334 1942 558 2027 praedicatur:
588 1950 645 2007 aut
672 1950 759 2007 certe
788 1950 917 2006 nrutcnt
942 1941 1112 2006 hominum
1164 1942 1286 2026 Pighii,
1314 1940 1471 2007 Cochlaei
1492 1952 1526 2006 et
1547 1941 1704 2005 similium
1726 1941 1835 2008 libros.
1880 1942 2013 2009 Primos
2035 1953 2070 2009 et
2092 1966 2139 2011 se-

133 2032 282 2117 ingenia‚
315 2038 484 2112 totumque
515 2027 678 2093 mundum
709 2028 895 2092 reforment.
948 2025 1113 2091 Audimus
1165 2027 1290 2093 candos
1312 2027 1426 2091 mitius
1448 2040 1589 2093 tractare
1611 2029 1779 2093 convenit:
1813 2029 1902 2093 tertii
1929 2040 1963 2093 et
1984 2030 2140 2114 postremi

134 2116 212 2201 quid
235 2116 398 2198 scriptura
414 2114 618 2198 pronunciet.
653 2113 728 2177 Non
751 2112 839 2180 cadit
860 2113 921 2176 hoc
938 2113 974 2176 in
985 2110 1112 2178 Christi
1166 2116 1273 2179 acrius
1296 2112 1484 2196 repellendi.
1530 2113 1617 2179 Nam
1638 2114 1732 2178 cuius
1754 2123 1819 2193 est,
1847 2135 1913 2179 non
1936 2112 2009 2181 dieo
2026 2115 2139 2181 huma·

133 2222 309 2291 personam
328 2201 444 2275 solum,
466 2200 523 2265 sed
544 2202 579 2264 in
597 2206 699 2264 totam
712 2199 904 2263 doctrinam.
938 2198 1009 2263 Nec
1030 2208 1113 2262 tem·
1165 2200 1280 2265 nitatis
1303 2200 1417 2281 (quam
1439 2199 1529 2264 enim
1550 2199 1791 2264 humanitatem
1813 2219 1834 2265 a
1855 2200 2052 2268 maculantis
2073 2201 2140 2269 istie

134 2287 247 2373 porale
279 2295 344 2366 est,
382 2285 440 2350 sed
473 2285 670 2351 duraturum
702 2293 771 2349 toto
804 2284 971 2349 doctrinae
1004 2304 1111 2349 cursa.
1138 2348 1140 2353 ,
1164 2285 1279 2352 bestiis
1300 2284 1488 2369 requirat)
1515 2283 1574 2351 sod
1595 2284 1827 2363 verecundiae,
1855 2286 1977 2368 probra
2003 2287 2140 2355 obiicere

135 2372 244 2454 Quam
266 2381 346 2437 sunt
362 2373 465 2455 igitur
476 2371 687 2455 praeposteri,
710 2371 765 2453 qui
776 2368 874 2435 hodie
886 2379 1112 2435 renascentem
1137 2364 1141 2411 l
1165 2372 1233 2437 filio
1248 2372 1321 2449 Dei,
1344 2392 1484 2454 quorum
1497 2372 1558 2455 ipsi
1577 2370 1709 2455 eulpam
1729 2378 1832 2436 totam
1854 2372 2043 2438 sustinent?
2076 2370 2140 2439 Sed

134 2459 298 2543 evangelii
321 2456 504 2523 doctrinam
532 2456 594 2520 hoe
622 2464 753 2520 tantum
773 2458 906 2521 nomine
928 2454 1112 2539 repudiant,
1165 2458 1246 2523 haee
1279 2468 1391 2539 postea
1423 2456 1616 2522 videbimus.
1668 2458 1812 2522 Tantum
1845 2459 1939 2523 initio
1966 2457 2140 2525 admonere

136 2546 215 2629 quia
232 2546 268 2609 in
281 2541 896 2626 eadeprehondunt-quodaprophetis
911 2556 943 2607 et
956 2540 1113 2625 apostolis
1166 2543 1271 2619 volui,
1299 2543 1493 2626 quibuscum
1520 2543 1707 2608 hominibus
1736 2563 1834 2627 agere
1862 2544 2079 2623 instituerim,
2106 2552 2140 2610 ut

133 2628 338 2715 praedictum
378 2629 454 2694 fait!
511 2628 645 2693 Interea
682 2626 896 2693 nihilominus
929 2626 1113 2693 Christiani
1137 2580 1141 2707 l
1166 2628 1243 2694 inde
1270 2628 1416 2695 iudicent
1444 2629 1597 2705 lectores,
1621 2627 1700 2712 quid
1727 2637 1918 2712 exspectare
1945 2629 2139 2697 debeantin

134 2717 261 2783 censeri
283 2715 408 2782 volunt
453 2712 544 2795 Quid
567 2715 596 2778 si
617 2715 650 2777 in
673 2714 781 2795 prima
792 2713 956 2797 evangelii
978 2712 1114 2778 exordia
1137 2712 1141 2795 l
1167 2715 1228 2780 hoc
1257 2713 1377 2780 libello.
1422 2715 1599 2780 Invenient
1629 2714 1684 2780 hic
1712 2715 1836 2779 infirmi
1864 2736 1902 2781 ac
1930 2715 2047 2795 mdes,
2079 2737 2141 2799 qao

133 2800 343 2878 incidissent,
372 2822 437 2884 quo
466 2809 613 2882 tompore
642 2798 771 2864 nullum
794 2820 860 2863 non
882 2798 1113 2864 scandalorum
1137 2800 1142 2833 ¹
1165 2822 1201 2866 se
1223 2800 1376 2866 muniant
1397 2800 1439 2865 ad
1461 2800 1646 2883 superanda
1675 2800 1838 2866 scandala
1881 2802 2062 2868 Invenient
2083 2804 2141 2867 im·

157 2909 254 2967 enus,
291 2885 431 2954 subinde
464 2892 539 2965 [pag.
565 2891 598 2964 8]
625 2907 666 2951 ex
694 2884 864 2969 evangelio
891 2884 1111 2950 scaturiebat?
1165 2886 1275 2971 probi,
1304 2886 1389 2970 quod
1418 2884 1460 2952 ad
1482 2886 1657 2971 sacrilegas
1679 2907 1793 2951 eorum
1820 2887 2003 2953 calumnias
2031 2889 2142 2955 reflec-

133 2910 247 3054 Caum
279 2973 430 3039 celeriter
457 2993 477 3035 a
506 2970 639 3037 Christo
667 2992 703 3038 se
731 2970 846 3055 procul
878 2970 1111 3037 removissent!
1166 2972 1283 3039 tendas
1305 2973 1453 3037 sufficiat.
1498 2973 1662 3056 Magnum
1687 2984 1739 3038 cst
1766 2972 1853 3056 quod
1880 2973 2054 3057 polliceor:
2087 2973 2144 3040 sed

134 3058 305 3141 Quantum
327 3057 586 3136 exhorruissent,
609 3080 651 3124 ne
673 3078 738 3140 qua
758 3056 953 3142 contagione
974 3057 1114 3122 fuissent
1137 3056 1141 3201 1
1165 3060 1279 3143 aequis
1305 3057 1436 3123 iudiciis
1464 3058 1709 3124 satisfacturum
1736 3080 1790 3123 me
1818 3058 1953 3125 confido.
1999 3060 2088 3127 Nam
2107 3068 2144 3127 ut

133 3168 175 3211 ex
197 3144 264 3211 levi
285 3152 375 3210 tactu
397 3143 514 3209 alilah!
561 3142 600 3209 si
628 3143 662 3209 id
690 3164 726 3208 se
744 3151 825 3209 tuno
844 3143 990 3210 facturos
1012 3142 1113 3207 fuisse
1165 3147 1314 3210 omnium
1342 3144 1465 3210 morbis
1499 3143 1646 3221 medear,
1681 3145 1817 3210 minimo
1851 3144 2057 3231 sperandum
2084 3153 2142 3213 est

133 3239 267 3315 negant,
290 3253 349 3296 cur
370 3251 448 3315 ergo
471 3240 539 3295 tam
561 3240 640 3295 sunt
658 3229 755 3294 hodie
767 3227 920 3295 delicati?
953 3226 1024 3295 Cur
1046 3250 1113 3292 non
1137 3222 1141 3289 l
1165 3232 1298 3297 Etiam
1320 3252 1460 3314 maguae
1482 3230 1642 3295 stultitiae
1662 3230 1832 3309 damnum,
1861 3232 1890 3297 si
1917 3231 1992 3315 quis
2013 3230 2143 3301 efficere

134 3316 266 3382 easdem
295 3338 384 3382 nuno
411 3336 540 3399 quoque
568 3324 752 3399 agnoscunt
778 3315 816 3379 in
837 3314 972 3381 Christo
995 3313 1112 3379 notas?
1164 3326 1309 3393 conetur,
1340 3338 1382 3380 ne
1403 3315 1558 3381 scandalo
1580 3316 1623 3381 sit
1645 3316 1800 3383 Christus
1826 3317 1946 3401 impiis.
1992 3316 2145 3404 Scripta·

134 3403 257 3467 Atros
279 3410 329 3467 est
358 3401 469 3467 odiosa
495 3400 701 3480 scandalum,
732 3410 765 3467 et
785 3399 943 3467 modestis
970 3400 1113 3485 ingeniis
1164 3424 1237 3468 ram
1259 3402 1390 3485 impleri
1411 3412 1550 3485 oportet,
1573 3424 1657 3485 quae
1678 3402 1712 3467 id
1728 3402 1894 3486 praedixit
1915 3403 1995 3469 fore.
2028 3404 2145 3489 Neque

135 3486 309 3552 horrenda.
354 3486 439 3568 Quis
467 3486 589 3570 negat?
634 3487 750 3571 Neque
783 3488 884 3553 etiam
913 3486 985 3553 dieo
1013 3506 1113 3569 appo-
1165 3511 1245 3555 voro
1266 3488 1367 3553 alium
1394 3498 1564 3571 susceptae
1595 3510 1615 3553 a
1642 3509 1695 3553 me
1722 3488 1959 3555 lucubrationis
1988 3500 2146 3557 eventum

135 3571 236 3637 tenda
258 3572 344 3637 ultro
366 3592 438 3637 esse
457 3571 626 3637 scandala:
648 3574 814 3657 fugiamus
836 3594 876 3638 ea
897 3572 1005 3657 quoad
1026 3572 1112 3637 licet.
1166 3586 1334 3657 exspecto,
1373 3594 1472 3657 quam
1504 3586 1542 3638 ut
1574 3575 1680 3658 magis
1713 3594 1750 3639 ac
1783 3576 1889 3659 magis
1920 3576 2146 3643 inflammetur

135 3658 273 3734 Verum,
296 3656 468 3723 christiani
490 3657 633 3724 hominis
651 3668 764 3743 pectus
786 3659 833 3722 ita
854 3659 1020 3723 munitum
1043 3678 1113 3723 esse
1166 3682 1279 3726 corum
1302 3659 1419 3725 rabies.
1453 3658 1521 3725 Sed
1541 3660 1690 3725 infirmos
1711 3662 1863 3744 respicio:
1886 3682 2028 3743 quorum
2045 3661 2147 3729 fidem

135 3750 273 3828 oportet,
296 3752 333 3807 ut
350 3741 507 3825 quidquid
520 3742 748 3809 scandalorum
760 3752 921 3827 erumpat,
945 3764 1115 3825 nunquam
1167 3746 1276 3811 atilli
1298 3746 1529 3829 quatefaciunt,
1557 3746 1605 3809 ite
1627 3768 1701 3823 nos,
1731 3748 1827 3829 quasi
1850 3748 2021 3830 supposita
2043 3768 2147 3815 manu

134 3829 205 3896 loco
227 3836 413 3895 moveatur:
442 3849 485 3893 ne
512 3828 565 3893 vel
593 3830 769 3894 minimum
797 3850 942 3914 unguem
964 3828 1115 3894 deflectat
1167 3834 1331 3898 susdncre
1364 3832 1526 3897 convenit.
1572 3830 1670 3911 Quod
1703 3832 1744 3896 ad
1777 3832 1964 3914 desperatos
2033 3836 2145 3913 rtinet,

135 3938 156 3981 a
177 3915 320 3982 Christe.
366 3912 420 3980 Ad
442 3913 527 3981 hanc
548 3916 764 3981 constantiam
788 3916 842 3998 qui
865 3936 932 3981 uon
954 3928 1004 3981 ost
1026 3935 1113 3979 com·
1167 3917 1249 3983 mibi
1267 3918 1515 3993 abundelucrit,
1537 3916 1709 3983 siillornm
1722 3917 1989 4000 petulantiamco
2017 3920 2146 3988 'bucam

134 4010 280 4085 paratus,
303 4010 341 4066 ut
363 4022 424 4084 per
444 4000 557 4066 omnia
574 4000 730 4067 scandala
747 4002 893 4067 invictus
911 4010 1113 4084 perrumpat,
1166 4014 1224 4069 aut
1246 4012 1335 4068 certe
1357 4005 1503 4081 effecero,
1525 4025 1567 4069 ne
1584 4004 1734 4089 contagio
1746 4006 1863 4069 veneni
1875 4004 2064 4073 ulteriasse

134 4086 283 4153 nondum
310 4087 387 4171 quid
423 4086 531 4151 valcat
558 4086 824 4152 christianismus
856 4086 1021 4169 intelligit.
1069 4089 1115 4151 At
1252 4088 1416 4169 Quoniam
1439 4097 1559 4167 autem,
1581 4108 1773 4173 quacunque
1796 4089 1836 4154 de
1858 4111 1895 4154 re
1915 4098 2051 4189 agatur,
2065 4016 2147 4159 Ὠ

135 4174 288 4239 resistere
310 4170 474 4239 scandalis
496 4172 628 4237 difficile
650 4182 714 4237 est:
737 4174 930 4256 praesertim
943 4171 1113 4237 huicadeo
1167 4176 1340 4240 tinctiones
1361 4175 1542 4258 plurimam
1565 4175 1671 4241 solent
1693 4175 2147 4263 afferrelucis,1nterprae·

135 4268 269 4324 tenerae
300 4270 434 4324 nostrae
472 4258 697 4324 imbecillitati.
757 4258 880 4323 Fateor
913 4268 1014 4324 certe:
1055 4258 1114 4323 sed
1166 4263 1277 4346 cipuas
1299 4260 1528 4327 scandalorum
1550 4263 1674 4344 species
1696 4261 1750 4326 hic
1770 4263 1915 4327 breviter
1931 4259 2146 4349 distingrum,

135 4345 309 4428 postulare,
332 4354 371 4410 ut
392 4346 433 4409 ab
456 4366 493 4409 ao
515 4343 720 4411 incommodo
738 4344 842 4409 simus
863 4346 1036 4421 immunes,
1060 4344 1114 4411 eui
1139 4368 1142 4399 ι
1166 4368 1249 4431 quac
1271 4347 1433 4432 evangelii
1455 4368 1586 4413 cursum
1609 4356 1681 4413 tum
1710 4347 1750 4413 ab
1780 4349 1875 4413 initio
1898 4352 1978 4431 [pag.
1999 4356 2055 4431 ιο]
2078 4358 2147 4417 tnr-

136 4438 382 4496 sacrosanctum
403 4430 528 4497 Christi
556 4438 590 4495 et
612 4430 775 4515 evangelii
804 4431 875 4495 eius
903 4451 1021 4495 nomen
1043 4451 1115 4496 esse
1138 4402 1143 4479 l
1166 4434 1295 4512 harant,
1318 4442 1391 4498 tum
1413 4432 1513 4498 etiam
1536 4432 1633 4498 hodic
1653 4442 1833 4499 morantur.
1877 4432 1969 4518 Ergo
1986 4457 2032 4501 ex
2053 4434 2147 4505 smir-

136 4515 315 4580 cbnoxium
345 4517 524 4582 cernimus:
552 4516 587 4581 id
613 4537 692 4581 vero
718 4537 795 4582 cum
822 4517 949 4581 ratione
978 4526 1112 4666 puffnat
1167 4519 1265 4597 dalis,
1294 4520 1322 4583 si
1349 4519 1470 4602 placet,
1500 4519 1566 4584 alia
1592 4540 1746 4586 vocemus
1767 4519 1962 4600 intrinseca,
1991 4542 2080 4605 quae
2105 4542 2147 4589 ex

136 4600 291 4677 Proinde,
314 4604 370 4684 qui
391 4600 488 4668 hodie
510 4601 903 4668 seandalaincausaesse
919 4601 1017 4668 obten
1041 4610 1113 4680 unt,
1165 4606 1238 4690 ipso
1255 4604 1435 4689 evangelio,
1458 4605 1575 4671 saltem
1585 4606 1759 4671 hominnm
1769 4605 1931 4689 opinione,
1953 4616 2145 4675 mustus.

137 4706 197 4752 cur
230 4706 333 4768 purae
366 4688 529 4773 evangelii
562 4688 742 4765 doctrinae,
781 4710 879 4771 quam
912 4690 1113 4771 profitemur,
1167 4691 1245 4757 Alia
1272 4691 1404 4756 tametsi
1431 4690 1563 4756 aliunde
1598 4693 1809 4775 proveniant,
1842 4699 2005 4777 perpetuo
2034 4702 2146 4761 tamea

138 4792 259 4835 nomen
281 4771 359 4836 dare
381 4783 544 4853 metuant,
572 4776 638 4840 imo
667 4776 825 4840 horreant
854 4774 895 4840 ad
923 4795 996 4839 eam
1023 4795 1114 4840 acce·
1166 4777 1236 4843 fere
1257 4785 1337 4843 sunt
1358 4798 1497 4842 annexa.
1548 4777 1625 4843 Alia
1647 4786 1758 4843 autom
1779 4776 1978 4857 adventitia,
2000 4800 2087 4864 quae
2104 4800 2146 4847 ex

138 4856 234 4934 dero,
268 4857 329 4923 hos
360 4879 476 4925 omnes
501 4862 644 4927 monitos
677 4881 748 4927 esse
771 4860 871 4926 velim
902 4880 944 4924 ne
966 4857 1028 4926 sibi
1055 4880 1115 4943 pro
1168 4919 1184 4927 -
1201 4918 1372 4927 -ss

138 4942 273 5009 Christo
316 4941 443 5008 idolum
489 4947 786 5013 comminiscantur.
859 4946 985 5011 Fixum
1026 4946 1116 5011 enim

139 5026 221 5094 illud
255 5049 389 5094 manere
422 5038 564 5112 oportet:
604 5034 633 5098 si
666 5032 819 5098 scandala
852 5033 962 5097 omnia
1000 5032 1115 5115 fugere

139 5113 281 5181 velimus
333 5113 506 5181 Christum
534 5117 636 5183 semel
669 5117 900 5202 abnegandum
928 5139 1014 5185 esse·
1049 5118 1103 5200 qui
1167 5068 1430 5203 accedadamus,
1449 5070 1476 5123 ni
1494 5070 1519 5123 ¹⁰
1537 5086 1603 5151 31⁸5
1621 5069 1711 5133 canu,
1730 5071 1753 5124 si
1770 5075 1817 5125 etc.

289 5166 297 5192 s
1008 5169 1014 5184 ·
1106 5169 1114 5195 ‚
1287 5155 1295 5191 1
1341 5146 1441 5193 arment
1460 5137 1487 5192 la
1505 5153 1577 5207 pau.

1237 4998 1266 5063 1)
1285 4999 1375 5094 lequel
1398 5015 1431 5053 ne
1458 5001 1543 5055 seroit
1566 5017 1618 5070 pas
1636 5001 1662 5054 le
1680 5000 1802 5055 Sauvcur
1820 5000 1855 5055 da
1873 5000 1982 5071 monde,
1995 4979 2034 5058 le
2051 5002 2143 5058 imdc-
