4620 5894
99 137 140 200 65
919 135 984 201 DE
1005 134 1283 204 SOANDALIS.
2071 141 2114 207 66

96 325 251 406 loquutus
282 344 371 402 sum,
406 334 444 388 ut
478 325 582 408 aperti
612 330 690 389 sunt
718 345 755 389 ac
783 325 919 408 professi
952 326 1074 405 hostes,
1128 324 1268 390 divitum
1286 326 1409 410 patinis
1421 334 1573 391 ventrem
1592 328 1775 407 referciunt,
1788 330 1812 410 ¹)
1832 350 1945 394 eorum
1963 329 2111 396 favorem

96 409 306 493 evangelium
328 411 362 472 in
381 410 449 474 suis
471 410 631 476 ministris
650 411 735 494 apud
754 411 883 493 plebem
903 411 1075 489 infamant,
1129 411 1302 477 calumniis
1331 420 1545 495 aucupantur.
1597 413 1712 497 Neque
1740 415 1829 479 enim
1856 414 1919 480 hoe
1946 415 2109 481 oecultum

95 497 131 561 hi
157 503 268 559 autem
289 494 329 560 de
352 494 469 577 quibus
492 496 598 561 dicere
621 497 758 575 institui,
781 495 829 560 ita
850 518 885 562 se
906 497 1077 561 insinuant
1129 505 1194 575 est,
1229 497 1351 563 multos
1379 499 1523 564 inveniri
1549 500 1604 581 qui
1633 500 1842 584 evangelium
1871 501 2018 584 quietum
2048 502 2110 567 sibi

98 581 264 664 evangelii
291 582 441 661 nomine,
475 590 513 646 ut
541 582 680 664 obliquis
713 591 825 646 tamen
851 582 1076 648 murmuribus
1130 590 1303 664 cuperent,
1334 591 1432 666 atque
1462 583 1503 649 ab
1525 585 1615 649 omni
1643 585 1795 650 molestia
1816 606 1972 651 vacuum:
2007 607 2110 669 quum

97 668 245 734 alienent
277 688 486 751 quoscunque
513 674 650 751 possunt
677 688 697 732 a
724 667 866 733 christo.
918 668 965 732 Hi
999 687 1077 733 vero
1130 688 1187 733 eos
1216 669 1312 733 fateri
1340 668 1463 751 pudeat
1492 670 1577 753 quod
1606 692 1722 735 verum
1751 677 1817 751 est,
1850 673 1956 738 crucis
1983 681 2111 737 metum

96 755 220 838 partim
240 766 317 818 sunt
338 753 479 818 famelici
501 775 650 830 errones,
678 754 812 836 quibus,
842 755 905 818 nisi
928 762 1077 819 ventrem
1131 752 1271 832 obstare,
1290 755 1465 837 quominus
1477 754 1678 821 christianae
1689 757 1880 840 professioni
1893 757 2106 824 satisfaciant.

96 840 232 917 fareiae,
262 839 501 904 calumniarum
532 839 688 924 plaustris
710 847 743 904 te
771 841 923 905 obruent:
957 840 1077 923 partim
1131 837 1170 905 si
1188 861 1254 922 qua
1272 840 1339 905 sint
1355 841 1390 903 in
1403 839 1529 906 Christi
1550 842 1694 907 ecelesiis
1711 842 1801 921 vitia,
1824 843 1985 908 sciscitari
2001 850 2112 922 avent,

96 945 240 1008 nequam
262 934 295 989 et
316 925 465 991 scelerati
487 925 647 1005 homines,
671 927 725 1008 qui
749 946 810 991 sua
827 925 926 1009 culpa
943 946 963 991 a
983 925 1078 990 nobis
1131 946 1174 989 ne
1202 925 1376 990 videantur
1404 927 1476 990 sine
1503 947 1602 992 causa
1635 926 1714 992 nido
1741 950 1800 993 suo
1829 929 1928 993 affixi.
1973 928 2111 1012 Nempe,

97 1010 241 1087 dimissi,
272 1010 326 1076 vel
347 1011 447 1075 etiam
469 1012 509 1076 ob
531 1012 692 1076 maleficia
713 1010 855 1076 abdicati
876 1011 984 1093 aliquo
1005 1032 1079 1075 mu·
1131 1011 1296 1094 inquiunt,
1320 1011 1349 1077 si
1377 1012 1413 1075 in
1439 1010 1534 1076 nobis
1562 1012 1816 1094 reprehenditur
1840 1013 2045 1080 idololatriae
2068 1015 2113 1078 si-

98 1118 196 1174 nere,
227 1096 304 1161 alibi
334 1118 455 1161 novum
487 1104 621 1178 pastum
650 1097 852 1180 quaeritant:
888 1117 1078 1180 quanquam
1131 1097 1283 1177 mulatio,
1319 1097 1397 1163 alibi
1426 1118 1553 1180 quoque
1583 1097 1722 1164 diversis
1763 1097 1868 1164 modis
1896 1099 2113 1165 nihilominus

97 1184 246 1265 utrisque
267 1202 362 1247 mens
393 1190 426 1247 et
446 1182 562 1267 lingua
590 1183 626 1247 in
648 1191 765 1247 ventre
788 1190 846 1248 est.
892 1182 960 1247 Alii
981 1182 1079 1265 paulo
1130 1191 1292 1266 peccatur.
1327 1183 1372 1247 Et
1394 1183 1503 1249 adhuc
1524 1190 1734 1266 praetextum
1752 1205 1793 1249 ex
1815 1184 1994 1250 mendaciis
2014 1205 2114 1267 quac·

97 1268 265 1347 lautiores,
280 1270 305 1352 ¹)
324 1275 361 1332 ut
375 1269 508 1350 quinon
521 1269 667 1332 italame
680 1280 856 1353 urgentur:
880 1269 1079 1351 quietamcn
1131 1276 1225 1346 runt,
1254 1289 1336 1352 quae
1360 1273 1434 1348 [pag.
1454 1272 1509 1347 85]
1539 1279 1665 1334 certum
1687 1277 1737 1336 est
1765 1271 1800 1334 in
1830 1291 1943 1335 eorum
2011 1271 2113 1337 atiam

97 1373 230 1420 erucem
252 1354 405 1437 fugitant,
425 1366 463 1418 ut
486 1361 695 1438 praetextum
718 1354 861 1420 habeant
883 1375 963 1419 suae
983 1354 1079 1438 igna-
1132 1354 1173 1419 ab
1203 1353 1363 1419 eiusmodi
1390 1354 1645 1439 nebulonibusf)
1674 1357 1815 1422 conficta
1837 1376 1917 1421 esse.
1997 1376 2037 1419 uo
2059 1354 2115 1421 vel

97 1441 182 1519 viae,
205 1461 325 1523 puram
346 1440 510 1523 evangelii
529 1440 764 1522 professionem
779 1447 918 1505 onerant
932 1441 1079 1505 confictis
1132 1440 1198 1504 tria
1219 1440 1371 1523 exempla
1392 1439 1538 1505 breviter
1560 1442 1682 1506 referre
1700 1441 1793 1507 libet:
1817 1462 1860 1506 ne
1882 1441 1954 1524 quis
1975 1440 2113 1524 posthac

98 1548 119 1591 a
141 1547 176 1591 se
198 1525 324 1590 fabulis.
369 1526 451 1590 Dixi
478 1527 543 1590 iam
572 1527 671 1608 paulo
693 1534 787 1605 ante,
816 1527 984 1610 ingentem
1006 1546 1079 1590 esse
1132 1525 1196 1590 nisi
1219 1527 1326 1591 sciens
1349 1547 1387 1590 ao
1415 1526 1529 1591 volens
1556 1527 1697 1591 fallatur.
1742 1528 1827 1592 Erat
1850 1527 2019 1593 Oortssius
2041 1527 2114 1609 qui·

98 1613 248 1678 fucorum
271 1632 456 1689 numerum,
480 1612 535 1693 qui
554 1611 687 1676 furandi
709 1611 762 1677 vel
784 1609 958 1676 fraudandi
981 1630 1079 1675 causa
1132 1610 1209 1676 dam
1231 1612 1265 1675 in
1289 1613 1444 1677 comitatu
1466 1612 1815 1698 Monsbergardensil)
1837 1613 1929 1679 verbi
1953 1612 2113 1677 minister.
2206 1644 2215 1663 ·

98 1697 301 1781 oberrant.²)
336 1697 432 1762 Tales
455 1718 533 1781 ergo
555 1697 622 1761 iam
640 1699 708 1762 suis
724 1699 915 1780 imposturis
932 1698 980 1760 ita
997 1696 1077 1776 noti,
1131 1696 1230 1763 Illinc
1253 1697 1410 1780 expulsus
1430 1697 1633 1764 Neooomurn
1653 1701 1828 1765 concessit:
1852 1698 1908 1764 ubi
1930 1718 2033 1781 quum
2055 1717 2113 1780 spe

97 1794 135 1849 ut
153 1782 289 1848 fallendi
307 1783 414 1847 locum
433 1783 574 1865 amplius
591 1784 628 1846 in
646 1784 791 1849 ecclesiis
803 1782 929 1848 Christi
947 1781 1077 1846 nullum
1132 1804 1193 1847 sua
1219 1783 1370 1866 frigidius
1399 1792 1556 1867 exceptus
1590 1786 1689 1863 foret,
1726 1805 1790 1867 quo
1820 1806 1856 1850 se
1889 1784 2113 1862 ulcisceretur,

97 1870 279 1948 inveniant,
303 1869 366 1933 alic
389 1867 543 1953 digressi,
572 1867 701 1952 quidvis
730 1868 939 1952 impudenter
961 1869 997 1931 in
1019 1889 1078 1933 nos
1132 1868 1338 1951 quorundam
1361 1870 1412 1933 sui
1431 1869 1589 1934 similium
1611 1891 1711 1954 opera
1733 1869 1874 1948 adiutam,
1883 1870 1914 1956 ⁴)
1936 1869 2058 1934 multas
2080 1874 2115 1933 et

97 1955 272 2033 effutiunt,
301 1976 364 2036 quo
390 1954 450 2019 sibi
474 1955 632 2032 favorem,
665 1955 738 2019 odio
760 1955 874 2032 nostri,
905 1953 1080 2018 concilient
1131 1975 1249 2039 graves
1271 1954 1334 2037 piis
1355 1953 1511 2019 fratribus
1533 1954 1701 2020 molestias
1723 1955 1883 2021 exhibuit.
1928 1955 2057 2020 Verum
2078 1974 2115 2019 se

98 2039 188 2123 apud
216 2041 394 2122 imperitos.
440 2040 583 2119 Verum,
617 2039 696 2123 quid
729 2040 822 2105 nobis
854 2039 1080 2122 praescribent
1130 2039 1265 2104 tandem
1292 2041 1432 2106 fractum
1460 2041 1621 2119 condens,
1651 2040 1753 2124 (quod
1776 2040 1936 2106 eiusmodi
1957 2040 2114 2123 vulpibus

96 2127 176 2193 boni
201 2127 276 2204 viri,
306 2127 361 2208 qui
384 2125 575 2191 scandalum
598 2148 639 2190 ox
662 2148 775 2190 eorum
802 2127 950 2190 vanitate
972 2126 1078 2190 conci·
1131 2126 1266 2190 solenne
1288 2126 1352 2209 est)
1381 2125 1572 2208 suppliciter
1595 2127 1726 2191 veniam
1747 2134 1879 2210 petens,
1906 2124 2014 2189 fallaci
2035 2145 2113 2208 poe·

93 2211 219 2297 piunt‘?
267 2212 428 2276 Videmus
456 2213 578 2277 inertes
611 2212 804 2290 monachos,
834 2218 866 2276 et
893 2219 1004 2276 tamen
1027 2212 1078 2274 in·
1132 2211 1291 2276 nitentiae
1319 2212 1539 2276 ostentatione
1575 2232 1643 2277 non
1670 2212 1767 2277 modo
1800 2212 1943 2295 placavit
1969 2211 2113 2276 offensos

115 2299 243 2363 luviem
267 2318 361 2362 suam
382 2297 514 2381 explere
536 2298 665 2362 solitos:
690 2308 727 2362 ut
745 2299 809 2363 nisi
829 2297 895 2361 illis
917 2297 954 2360 in
974 2318 1010 2361 os
1033 2296 1080 2362 ci·
1130 2297 1258 2377 fratres,
1281 2295 1338 2362 sod
1356 2319 1457 2380 quum
1472 2318 1507 2363 se
1524 2297 1562 2361 in
1579 2298 1747 2364 nonnullis
1766 2297 2012 2382 quaestionibus
2033 2296 2113 2362 hae·
2136 2363 2138 2367 .

86 2322 158 2451 hus
176 2385 357 2467 ingeratur,
376 2403 454 2447 mox
472 2390 545 2462 [pag.
558 2389 613 2462 84]
633 2383 673 2447 ad
693 2381 966 2449 sanctificandum
983 2403 1079 2466 prae·
1132 2383 1232 2448 sitare
1254 2384 1402 2467 fingeret,
1426 2383 1538 2449 literas
1561 2382 1603 2448 ad
1625 2406 1678 2449 me
1700 2385 1899 2466 impetravit,
1923 2383 2050 2465 quibus,
2075 2390 2115 2446 ut

84 2469 191 2545 lium
210 2469 405 2545 exarderent,
439 2469 714 2551 quemadmodum
747 2469 891 2552 loquitur
919 2468 1080 2551 propheta
1131 2468 1180 2532 illi
1204 2469 1396 2534 satisfacere
1419 2490 1563 2548 conarer,
1586 2471 1690 2536 amice
1712 2468 1887 2553 rogabant:
1914 2469 1987 2551 Ego
2009 2466 2117 2532 homi-

83 2555 216 2641 (mich.
238 2559 267 2633 3,
289 2555 333 2633 5).
378 2555 540 2620 Videmus
562 2563 596 2619 et
618 2555 699 2619 alios
722 2576 787 2619 non
811 2553 986 2619 dissimiles
1008 2574 1080 2618 mo·
1133 2576 1210 2619 nem
1219 2556 1247 2636 ⁵)
1277 2576 1393 2620 mensa
1420 2575 1497 2619 mea
1524 2562 1699 2637 exceptum
1728 2556 1892 2636 patienter
1918 2552 2044 2619 andivi:
2078 2558 2116 2616 ut

79 2642 224 2708 naehis.
236 2645 265 2725 ⁸)
299 2641 505 2705 Promittunt
526 2662 640 2706 omnes
664 2662 699 2707 se
724 2643 791 2705 fore
814 2639 1042 2724 semiangelos,
1050 2640 1080 2722 ⁴)
1133 2640 1248 2705 multis
1266 2662 1341 2706 eum
1359 2640 1515 2725 lacrymis
1533 2648 1703 2723 exemptos
1722 2639 1785 2704 sibi
1803 2641 1869 2703 iam
1889 2659 2003 2704 omnes
2023 2658 2115 2704 scru-

71 2727 195 2794 modo
217 2726 284 2792 illis
313 2725 492 2792 tolerabilis
521 2727 656 2792 vivendi
685 2728 769 2792 ratio
798 2725 962 2810 obtingat:
996 2747 1081 2808 aqua
1133 2726 1228 2811 pulos
1251 2733 1420 2792 assereret.
1454 2726 1643 2791 Abeuntem
1664 2747 1794 2810 quoquc
1811 2725 1931 2791 viatico
1949 2745 2022 2790 sum
2039 2744 2116 2808 pro-

68 2836 128 2882 sc
151 2820 189 2878 et
207 2834 293 2898 pane
314 2812 385 2877 fore
408 2819 587 2879 contentos.
633 2812 701 2878 Sed
723 2813 780 2877 illa
803 2813 994 2877 tolerantiae
1015 2813 1080 2877 iac·
1134 2820 1299 2895 sequutus.
1312 2814 1340 2895 ⁶)
1385 2813 1437 2877 Ab
1460 2832 1499 2876 eo
1527 2819 1674 2896 tempore
1700 2832 1761 2896 per
1783 2810 1929 2876 Galliam
1951 2811 2116 2877 cursitans

69 2899 207 2968 tantia
243 2920 320 2962 mox
349 2898 385 2962 in
419 2900 547 2963 fumum
576 2900 650 2963 abit.
696 2899 764 2981 Ipsi
788 2920 881 2976 vero,
905 2905 1080 2982 postquam
1133 2920 1199 2964 non
1217 2899 1394 2980 cessavit⁷)
1421 2897 1504 2961 mihi
1529 2904 1683 2982 proterve
1704 2895 1909 2963 maledicere.
1944 2895 2040 2961 Alter
2057 2915 2118 2960 ne·

61 2989 198 3055 breve
216 2985 370 3069 pigritiae
388 3006 467 3049 suae
479 2986 645 3067 specimen
664 2984 845 3064 ediderunt,
865 2984 987 3051 laboris
1004 3005 1079 3067 per·
1133 2984 1199 3049 seio
1221 2985 1294 3066 quis
1316 2990 1424 3049 terrae
1445 2982 1543 3061 filius,
1566 2984 1622 3067 qui
1641 2982 1702 3050 sibi
1720 3005 1842 3048 nomen
1863 2981 2040 3064 aOorno⁸)
2063 2981 2117 3044 in-

59 3071 182 3141 taesi
209 3070 396 3136 clanculum
425 3071 607 3154 evolant.⁵)
651 3070 776 3136 Multos
804 3070 936 3153 quidem
966 3069 1078 3149 fatcor,
1133 3069 1270 3148 diderat,
1294 3091 1396 3152 quum
1417 3068 1579 3134 nonnulla
1601 3070 1707 3154 egisse
1724 3067 1862 3154 indigna
1874 3067 2002 3134 Christi
2019 3086 2116 3134 servo

55 3162 223 3229 frnsha
249 3157 353 3240 petita
380 3155 581 3236 conditione,
616 3157 716 3220 utin
745 3177 799 3220 ma
845 3177 864 3220 0
893 3155 1080 3239 petentium
1133 3155 1261 3220 delatus
1288 3162 1389 3235 esset,
1418 3155 1669 3221 Lausannensis
1698 3155 1817 3239 synodi
1845 3153 1983 3234 iudicio,
2011 3152 2116 3220 donee

51 3243 256 3315 odnfluxu
278 3241 350 3306 fieri
367 3262 499 3307 neccsse
517 3250 575 3320 cst,
599 3242 773 3307 discedere.
807 3288 821 3305 .
840 3262 876 3306 ec
894 3261 974 3306 roro
995 3240 1080 3304 mihi
1133 3262 1233 3307 causa
1260 3240 1379 3306 melius
1406 3240 1538 3324 cognita
1564 3242 1665 3321 foret,
1700 3240 1856 3307 desistere
1884 3262 1904 3306 a
1930 3239 2115 3306 ministerio

52 3327 228 3400 oreditu
248 3325 379 3393 difficile
401 3335 467 3402 est,
496 3328 655 3411 quosdam
676 3326 843 3392 interdum
865 3327 977 3391 minus
998 3325 1080 3390 libe·
1132 3328 1241 3392 iussus
1274 3327 1346 3391 fuit
1396 3326 1504 3392 Paulo
1537 3334 1612 3410 post
1622 3326 1651 3411 ⁹)
1686 3347 1789 3410 quum
1821 3326 1935 3392 literas
1967 3327 2116 3392 Bernam

53 3412 214 3486 taliter
234 3414 351 3492 iuvari,
380 3415 437 3496 qui
460 3422 573 3478 tamen
597 3421 707 3479 essent
728 3434 788 3495 ope
811 3410 991 3497 digniores:
1024 3411 1079 3477 vel
1132 3413 1241 3491 ferret,
1266 3434 1321 3478 aas
1341 3432 1407 3478 nou
1431 3432 1502 3477 esso
1524 3411 1567 3477 ad
1584 3419 1698 3478 votum
1716 3434 1813 3478 suum
1830 3413 2026 3496 compositas
2043 3432 2116 3478 sus·

51 3499 178 3588 quia
201 3500 238 3564 in
267 3498 454 3565 hominibus
482 3501 603 3583 ignotis
630 3508 699 3564 tam
726 3504 861 3563 exactus
883 3496 1000 3562 haberi
1022 3495 1079 3562 de-
1132 3499 1277 3582 pioatus,
1313 3498 1395 3564 alias
1429 3499 1610 3582 supposuit.
1663 3499 1919 3582 Deprehensum
1951 3498 2117 3583 flagitium

50 3589 205 3653 lentus
236 3585 369 3668 nequit,
407 3584 461 3652 vel
492 3587 569 3668 quia
601 3585 642 3650 ad
676 3583 855 3669 petendum
886 3581 1079 3649 audaciores
1133 3583 1338 3668 intelligens,
1368 3584 1445 3668 quia
1472 3605 1540 3649 non
1565 3590 1696 3667 poterat
1722 3584 1797 3650 falsi
1824 3591 1938 3650 notam
1959 3584 2116 3669 effugere,

50 3669 224 3736 timidis
252 3692 290 3736 ae
316 3670 512 3737 verecundis
538 3671 646 3736 locum
669 3671 890 3754 praeripiunt,
918 3669 971 3733 vel
993 3668 1080 3752 quod
1133 3670 1196 3734 alio
1223 3669 1362 3752 pedibus
1394 3671 1508 3754 fugam
1543 3671 1692 3754 arripuit.
1749 3672 1859 3753 Atque
1891 3669 1973 3734 haee
2005 3671 2116 3734 omnia

51 3774 171 3820 non
190 3777 320 3839 semper
342 3766 429 3822 recte
447 3755 640 3834 iudicamus,
663 3757 717 3821 vel
735 3758 812 3840 quia
829 3757 896 3820 iam
914 3754 1080 3839 erogando
1132 3776 1186 3819 me
1208 3755 1345 3821 absente
1358 3762 1393 3820 et
1410 3756 1514 3821 inscio
1538 3766 1632 3840 gesta
1654 3766 1740 3821 sunt.
1773 3756 1872 3821 Nunc
1895 3776 1930 3819 se
1954 3754 2116 3820 violenter

52 3839 253 3909 exhausti
290 3844 451 3926 cogimur,
486 3844 541 3925 qui
571 3842 786 3909 incommodis
816 3841 905 3906 horis
932 3841 1080 3918 veniunt,
1134 3862 1229 3906 ame
1246 3842 1347 3907 fuisse
1366 3841 1543 3925 expulsum
1566 3840 1702 3920 dictitat,
1726 3841 1804 3924 quia
1820 3840 1903 3905 meis
1921 3840 2115 3906 haeresibus

51 3925 161 3989 vel
183 3927 313 4007 inanes,
349 3929 402 3993 vel
432 3928 549 3993 saltem
575 3929 717 3993 tenuiter
742 3926 870 3993 adiutos
904 3926 1078 3992 dimittere.
1133 3927 1337 3993 subscribere
1367 3927 1533 3993 abnueret
1579 3927 1677 3992 Ahus
1705 3928 1783 4009 quia
1815 3927 1849 3991 in
1883 3926 2039 4009 carrponis
2062 3926 2116 3989 ni·

51 4005 142 4071 Et
178 4021 287 4079 tamen
313 4013 349 4076 hi
376 4016 431 4097 qui
464 4014 540 4097 plus
567 4014 734 4096 aliquanto
763 4011 925 4077 haberent
952 4012 1079 4090 eoloris,
1133 4012 1220 4077 mius
1250 4022 1336 4092 erat,
1371 4034 1485 4078 severe
1518 4033 1536 4076 a
1563 4012 1656 4077 nobis
1688 4012 1895 4096 obiurgatus,
1928 4033 1949 4075 a
1982 4011 2115 4076 furtivis

51 4099 242 4180 param,
261 4120 453 4184 quocunque
465 4100 626 4176 vonerint,
645 4120 682 4164 ac
692 4097 874 4163 modestius
891 4097 1078 4180 loquuntur.
1133 4099 1421 4164 comessationibus
1443 4118 1613 4182 nunquam
1636 4097 1770 4177 destitit,
1794 4096 1896 4162 donec
1914 4096 1999 4162 seris
2017 4095 2118 4161 alieni

51 4169 242 4249 morum
269 4187 394 4270 passim
423 4186 563 4251 volitant
589 4184 822 4267 querimoniae.
868 4183 913 4246 Et
942 4180 1079 4265 quales?

174 4269 305 4357 digiosis
334 4271 513 4337 mendaciis
542 4291 702 4353 aspersae.
746 4267 932 4351 Improbius
965 4268 1081 4332 etiam·

48 4354 187 4419 mun
210 4355 426 4433 maledicunt,
454 4357 512 4440 qui
538 4356 617 4420 hine
645 4355 698 4419 vel
726 4353 897 4419 maleficiis
926 4353 995 4417 suis
1023 4372 1080 4416 ex·
1203 4368 1232 4434 1)
1252 4368 1376 4424 reficiant
1395 4370 1450 4425 Ec.
1466 4387 1512 4439 pr,

48 4432 200 4521 Pulsi,
216 4442 272 4508 vel
295 4443 420 4525 perfida
441 4441 620 4508 defectione
643 4441 808 4517 abstracti,
831 4451 868 4504 Ut
884 4435 1080 4521 liguriendis
1202 4436 1234 4568 {i
1252 4454 1390 4561 {osiridrbil
1405 4513 1431 4562 et
1447 4506 1524 4562 1551,
1563 4508 1677 4563 Gallum
1697 4525 1733 4562 un
1751 4509 1901 4577 prescheur
1924 4522 1960 4562 au
1980 4508 2062 4562 eontt
2081 4505 2115 4560 de

268 4717 274 4728 ⁹
1134 4573 1597 4715 Mondilgdddd.nimnjnlriycrsidhtypelit
1614 4661 1665 4714 par
1683 4644 1799 4699 deasous
1817 4651 1889 4698 terre
1908 4645 1926 4699 t
1944 4658 1975 4697 ce
1994 4643 2072 4697 faire.

175 4713 204 4851 ii
220 4716 353 4857 inerim
366 4713 798 4851 upeaplecrpupuppppqrtpplqus.qui
822 4787 935 4835 couront
952 4779 1081 4849 l'aigueil·
1202 4709 1234 4844 gi
1253 4725 1284 4766 ce
1320 4713 1422 4835 alcidem
1441 4796 1486 4834 ses
1504 4780 1552 4834 des
1572 4795 1621 4834 ens
1638 4779 1702 4848 qu‘il
1717 4780 1792 4833 arcit
1808 4778 1858 4833 fait
1876 4780 1919 4833 ici.

47 4814 175 4901 late
191 4859 307 4910 uetans
325 4857 358 4922 ea
376 4861 404 4907 et
421 4854 449 4907 a
465 4869 535 4921 pour
552 4851 684 4905 desrober
701 4865 737 4905 ou
754 4858 884 4918 tromper.
1204 4847 1234 4911 7)
1252 4848 1272 4902 il
1291 4847 1349 4928 s‘en
1365 4865 1400 4902 va
1418 4847 1490 4902 droit
1507 4863 1541 4902 en
1552 4797 1665 4902 ¹lhance
1684 4855 1712 4901 et
1728 4854 1851 4928 traceseo
1871 4848 1904 4928 qt
1922 4855 1950 4902 et
1967 4847 2001 4928 la

177 4919 204 4986 ³)
222 4922 295 5004 Adri
314 4923 435 4977 combien
454 4937 505 4989 que
524 4921 617 4974 iamais
636 4919 745 4987 n'ayent
763 4925 841 4973 vestu
859 4918 885 4972 le
903 4918 973 4974 froc.
1203 4916 1233 4982 8)
1254 4916 1457 4971 Manacarta
1474 4930 1577 4970 omma:
1596 4933 1613 4970 a
1631 4932 1714 4971 corno
1733 4916 1820 4969 leteris
1838 4914 2010 4970 manuscrits.
2049 4913 2117 4969 eu-

175 4987 206 5127 d}
219 4998 450 5115 mmm
469 5057 566 5126 quilles
585 5071 648 5111 sans
668 5070 768 5110 sonnor
784 5062 849 5109 mot.
1134 4985 1376 5118 lm:idleliiiirldnciiit
1393 5054 1420 5107 la
1439 5067 1528 5108 cause.

211 5143 322 5202 Galoim
336 5160 429 5214 opera.
470 5144 525 5199 Vol.
550 5142 635 5198 Vlll.
1891 5134 1908 5189 5
