4620 5894
827 1416 1463 1555 PROLEGOMEN
1463 1424 1548 1555 A.

975 1728 1182 1816 OAPU'P
1224 1718 1407 1818 'XVIII-

300 1968 712 2069 sturnorum
742 1967 1012 2067 course
1040 1902 1417 2068 laurenses
1451 1971 1894 2072 Pnarsrnusus,
1930 1966 2076 2068 1544.

333 2191 507 2274 Scriptum
529 2189 590 2256 hcc
611 2190 956 2274 polemico-satiricum
978 2191 1065 2254 inter
1087 2189 1145 2254 illa
1173 2191 1328 2274 pauciora
1354 2192 1579 2271 referendum,
1610 2212 1692 2276 quae
1713 2195 1837 2276 absque
1859 2197 1984 2260 autoris
2007 2197 2141 2263 nomine
2163 2199 2200 2263 in

192 2304 289 2370 lucem
307 2301 472 2387 prodiere.
517 2300 586 2367 Sed
614 2301 698 2367 citra
725 2322 858 2366 omnem
885 2300 1124 2366 dubitationem
1147 2301 1280 2369 Oalvini
1302 2323 1375 2368 esse
1396 2303 1570 2383 foeturam,
1599 2303 1803 2388 eandemque
1825 2305 2063 2387 felicissimam,
2087 2309 2202 2376 multis

192 2415 462 2496 validissimisque
483 2413 680 2478 testimoniis
702 2415 891 2480 evincamus
912 2419 1087 2495 postquam
1110 2415 1224 2495 paucis
1246 2413 1287 2478 de
1308 2413 1478 2479 occasione
1501 2423 1533 2479 et
1556 2415 1683 2499 origine
1705 2415 1931 2481 Articulorum
1954 2416 2202 2486 sorbonicorum

185 2529 318 2613 praefati
341 2527 476 2592 erimus.
521 2524 577 2589 Ex
598 2525 761 2609 sanguine
782 2533 816 2589 ct
836 2523 1001 2589 cineribus
1023 2535 1212 2607 martyrum
1231 2537 1359 2609 segetes
1381 2526 1589 2609 evangelicas
1610 2527 1853 2592 incrementum
1874 2531 1996 2594 mirum
2014 2531 2049 2593 in
2067 2531 2204 2596 modum

185 2642 375 2724 sumpsisse,
410 2652 450 2702 ut
477 2635 557 2701 alibi
585 2641 633 2701 ita
659 2645 694 2700 et
719 2636 755 2700 in
783 2633 910 2712 Gallia,
944 2635 1111 2701 neminem
1139 2635 1233 2720 fugit.
1279 2635 1421 2701 Constat
1448 2637 1563 2718 etiam,
1596 2638 1637 2704 ab
1659 2657 1746 2702 anno
1768 2638 1825 2703 illo
1847 2640 1992 2706 infausto
2015 2640 2204 2709 libellorum

185 2752 311 2837 publice
332 2758 452 2817 contra
472 2749 607 2813 missam
629 2746 832 2830 pontificiam
855 2745 1030 2811 affixerum
1049 2746 1166 2831 (1534)
1185 2746 1348 2831 usquead
1366 2769 1405 2814 ea
1425 2747 1602 2832 dequibus
1622 2748 1787 2831 loquimur
1805 2762 1962 2832 tempora,
1985 2752 2203 2820 Franciscum

186 2884 304 2950 regem,
327 2861 471 2948 politicis
493 2857 675 2926 rationibus
697 2858 859 2938 adactum,
881 2858 1046 2923 mitiorem
1070 2879 1141 2924 sese
1163 2860 1304 2943 gessisse
1325 2859 1362 2923 in
1384 2859 1566 2939 haereseos,
1589 2880 1689 2944 quam
1712 2859 1886 2940 vocabant,
1910 2883 2017 2930 causa
2061 2863 2204 2930 Interim

186 2975 322 3063 gliscere
342 2991 527 3049 venenum,
550 2982 588 3036 nt
608 2970 657 3035 illi
680 2967 789 3037 dicere
809 2967 974 3048 solebant,
997 2980 1031 3034 et
1051 2991 1166 3036 omnes
1187 2971 1256 3036 fere
1278 2969 1424 3050 ordines,
1447 2969 1593 3055 adeoque
1614 2973 1772 3054 ipsosmet
1793 2972 2013 3054 ecclesiastae,
2034 2974 2204 3058 invadere,

187 3094 221 3152 et
239 3088 281 3154 cb
301 3086 337 3153 id
355 3087 500 3153 heinmo
521 3083 693 3165 acriusque
717 3083 754 3147 in
776 3080 847 3146 dies
869 3056 1059 3146 exacerbari
1081 3080 1271 3147 adversarii.
1317 3079 1468 3163 Quorum
1488 3082 1525 3147 in
1547 3102 1685 3149 numero
1706 3091 1801 3149 erant
1821 3081 2017 3151 Oardinales
2040 3087 2205 3154 Turncnii

191 3206 225 3263 et
243 3197 495 3282 Iensringiae,
528 3202 563 3261 et
590 3195 647 3278 qui
673 3192 853 3276 plurimum
883 3189 971 3274 apud
996 3213 1108 3276 regem
1131 3193 1261 3258 valebat
1282 3214 1391 3260 comes
1411 3193 1532 3260 stabuli
1554 3215 1597 3259 ex
1617 3195 1849 3278 antiquissima
1869 3195 2204 3265 Mcmmorentiorum

186 3309 288 3394 stirpe
305 3318 499 3395 prognatus,
521 3306 667 3390 primum
689 3315 723 3370 et
744 3305 957 3388 praecipuum
979 3310 1059 3369 tnnc
1080 3304 1116 3368 in
1140 3303 1218 3369 aula
1234 3304 1343 3370 locum
1363 3314 1522 3372 tenentes.
1568 3302 1636 3386 Qui
1654 3305 1726 3370 sine
1742 3306 1988 3372 intermissione
2004 3307 2202 3391 clamabant,

184 3421 349 3508 religionis
369 3420 588 3486 mutationem
610 3438 681 3483 esse
703 3417 906 3483 eversionem
924 3416 1034 3499 regiae
1052 3415 1239 3480 autoritatis
1258 3426 1292 3480 et
1308 3416 1500 3496 maiestatis,
1522 3416 1804 3501 certissimamque
1821 3417 1955 3483 ruinam
1973 3420 2075 3486 totius
2093 3429 2203 3489 status

186 3533 231 3598 rei
249 3532 412 3617 publicae.
456 3528 515 3597 Sic
541 3529 654 3595 omnia
681 3526 753 3592 dira
780 3528 988 3604 minitantes,
1020 3547 1132 3610 regem
1155 3525 1239 3591 nihil
1260 3527 1367 3612 magis
1389 3527 1600 3593 affectantem
1622 3549 1723 3611 quam
1746 3528 1934 3595 absolutum
1956 3531 2204 3614 imperiumst

187 3643 301 3730 alioqui
323 3663 368 3709 ex
388 3640 512 3709 infelici
534 3660 647 3706 rerum
666 3639 876 3724 politicarum
895 3639 1136 3720 conspiratione
1154 3638 1358 3722 perplexum,
1383 3658 1421 3703 eo
1438 3637 1572 3704 tandem
1590 3637 1802 3705 adduxerunt
1819 3651 1857 3705 ut
1877 3642 2018 3707 formam
2035 3642 2201 3725 quandam

187 3754 401 3840 ‘aquisih'cnis
412 3753 610 3836 hispanicae,
622 3760 780 3835 tanquam
792 3751 944 3815 ultimum
956 3758 990 3815 ct
1000 3750 1261 3815 efficacissimum
1272 3749 1456 3815 remedium
1467 3757 1582 3814 contra
1591 3762 1792 3816 novatorum
1802 3754 1987 3836 procaciam
1997 3755 2201 3838 approbaret

334 3865 438 3931 Hunc
456 3864 562 3949 igitur
580 3863 617 3927 in
637 3863 739 3928 finem
761 3861 958 3944 conscripsit
979 3859 1143 3939 Sorbcna,
1174 3862 1364 3944 senpotius
1385 3860 1570 3946 theologica
1590 3862 1816 3929 universitatis
1838 3864 2031 3948 parisiensis
2051 3865 2201 3949 facultas,

189 3976 421 4044 medendorum
445 3974 637 4052 formulam,
664 3971 813 4039 articulis
839 3973 983 4056 quinque
1012 3980 1046 4036 et
1074 3973 1191 4055 viginti
1219 3972 1415 4038 catholicam
1442 3970 1483 4038 de
1511 3973 1659 4039 materiis
1681 3977 1900 4041 controversis
1922 3977 2124 4042 sententiam
2145 3999 2202 4043 ex-

189 4087 361 4155 hibentem
406 4087 500 4152 Haec
520 4093 595 4152 acta
616 4096 703 4164 sunt,
725 4093 765 4148 ut
784 4084 857 4166 ipsa
878 4082 1043 4150 conclusio
1065 4082 1210 4149 declarat
1231 4082 1285 4149 die
1309 4089 1358 4148 10.
1382 4083 1495 4149 Martii
1519 4085 1598 4150 anni
1624 4089 1715 4150 1542.
1760 4085 1827 4152 Ubi
1850 4087 2041 4152 memineris
2063 4096 2142 4154 tunc
2164 4090 2200 4154 in

189 4198 295 4266 Gallia
315 4208 486 4284 receptum
507 4198 607 4264 fuisse
629 4206 669 4262 ut
690 4217 798 4262 annus
820 4216 924 4260 novus
947 4216 966 4260 a
988 4194 1041 4260 die
1064 4198 1115 4260 25.
1134 4195 1258 4275 Martii,
1293 4216 1378 4279 quae
1400 4195 1470 4261 dies
1492 4204 1544 4261 est
1564 4197 1786 4280 conceptionis
1808 4196 1956 4276 Domini,
1978 4196 2198 4267 inchoaretur.

190 4306 334 4391 Quimcs
344 4311 488 4378 obtinuit
504 4328 610 4392 nsque
628 4305 671 4372 ad
688 4327 812 4372 annum
834 4309 915 4370 1563
935 4326 1001 4388 quo
1018 4326 1079 4370 rex
1091 4304 1231 4374 Carolus
1241 4308 1304 4374 IX.
1321 4290 1403 4373 anni
1420 4309 1559 4388 initium,
1579 4316 1678 4392 atque
1695 4308 1777 4374 adeo
1795 4329 1971 4374 numerum
1989 4310 2197 4392 mutandum,

189 4419 230 4486 ad
252 4421 391 4506 primam
411 4421 561 4487 Ianuarii
595 4417 702 4485 edicto
736 4417 858 4484 retulit.
904 4415 1043 4500 (Confer
1071 4417 1203 4482 librum:
1248 4421 1327 4484 Art
1355 4419 1403 4484 de
1429 4420 1605 4486 verifier
1633 4420 1698 4486 les
1724 4419 1850 4498 dates,
1881 4417 1938 4484 ed.
1970 4420 2016 4485 de
2050 4421 2197 4489 Saint-

191 4530 316 4600 Allais
340 4537 431 4598 1818.
477 4533 569 4598 Tem.
592 4529 655 4596 VI.
677 4552 708 4614 p.
734 4530 800 4614 15.)
843 4530 953 4594 Antea
975 4528 1102 4594 decima
1123 4527 1238 4593 Martii
1264 4530 1449 4612 pertinebat
1474 4531 1516 4596 ad
1544 4551 1667 4596 annum
1693 4530 1957 4613 praecedentem,
1986 4534 2100 4616 paucis
2122 4543 2197 4617 post

193 4640 300 4711 diebus
319 4642 518 4723 finiendum,
549 4664 651 4728 quum
678 4650 791 4708 tamen
817 4662 858 4706 ex
886 4641 1060 4706 recentiori
1088 4639 1300 4723 computandi
1326 4641 1422 4707 modo
1448 4643 1514 4708 iam
1541 4641 1616 4726 plus
1646 4661 1745 4725 quam
1771 4642 1927 4709 bimestre
1953 4647 2097 4728 spatium
2119 4648 2197 4713 novi

194 4757 267 4821 mni
286 4757 435 4840 elapsum
455 4755 562 4821 fuerit
607 4753 664 4822 Sic
686 4753 813 4818 decima
835 4753 948 4818 Martii
975 4755 1054 4816 1542
1079 4752 1318 4817 Parisiensium
1340 4773 1458 4819 revera
1478 4773 1565 4818 anno
1591 4755 1673 4817 1543
1695 4753 1872 4819 tribuenda
1894 4757 1966 4820 erit.

338 4870 391 4936 De
416 4868 471 4934 bis
497 4866 644 4933 mtioulis
671 4886 847 4948 eorumque
873 4863 1137 4949 promulgatione
1162 4863 1347 4930 academica
1367 4864 1515 4932 Bulaeus
1535 4864 1572 4928 in
1594 4883 1654 4929 sua
1675 4864 1826 4932 Historia
1853 4867 2080 4934 universitatis
2106 4869 2195 4952 pari

113 5026 118 5033 -
195 4977 303 5046 amns
323 4981 416 5046 Turn.
438 4979 499 5045 Vl
521 5000 594 5065 pag.
620 4982 691 5043 384.
715 4977 797 5044 baec
824 4977 938 5042 refert:
972 4976 1098 5042 Eodem
1121 4973 1299 5042 Gallandio
1327 4984 1453 5042 rectore
1481 4975 1534 5040 die
1566 4981 1592 5039 l.
1616 4977 1761 5061 Augusti
1788 4978 1989 5061 promulgati
2011 4987 2091 5044 sunt
2113 5000 2193 5047 voce

196 5091 353 5171 praeconis
386 5090 517 5158 articuli
548 5109 688 5155 numero
715 5089 845 5156 circiter
874 5093 914 5152 ‘25
946 5088 1120 5170 expositivi
1143 5087 1345 5153 orthodoxae
1372 5085 1464 5166 fidei,
1497 5098 1597 5172 prout
1622 5090 1754 5155 fuerant
1780 5110 1800 5153 a
1827 5088 2012 5174 theologica
2037 5091 2193 5160 facultate

291 5192 403 5250 Oslrs‘ss'
415 5209 508 5264 opera.
547 5190 697 5249 701711.
1962 5195 1985 5246 B
