<?xml version="1.0" encoding="UTF-8"?>
<!DOCTYPE html PUBLIC "-//W3C//DTD XHTML 1.0 Transitional//EN"
    "http://www.w3.org/TR/xhtml1/DTD/xhtml1-transitional.dtd">
<html xmlns="http://www.w3.org/1999/xhtml" xml:lang="en" lang="en">
 <head>
  <title>
</title>
<meta http-equiv="Content-Type" content="text/html;charset=utf-8" />
  <meta name='ocr-system' content='tesseract 3.04.00' />
  <meta name='ocr-capabilities' content='ocr_page ocr_carea ocr_par ocr_line ocrx_word'/>
</head>
<body>
  <div class='ocr_page' id='page_1' title='image "./ioanniscalvinio14calvgoog_0795.png"; bbox 0 0 4620 5894; ppageno 0'>
   <div class='ocr_carea' id='block_1_1' title="bbox 144 226 2170 301">
    <p class='ocr_par' dir='ltr' id='par_1_1' title="bbox 144 226 2170 301">
     <span class='ocr_line' id='line_1_1' title="bbox 144 226 2170 301; baseline 0.01 -16"><span class='ocrx_word' id='word_1_1' title='bbox 144 238 207 301; x_wconf 76' lang='lat'><strong><em>651</em></strong></span> <span class='ocrx_word' id='word_1_2' title='bbox 1056 227 1261 295; x_wconf 75' lang='lat' dir='ltr'><strong>SERVETI</strong></span> <span class='ocrx_word' id='word_1_3' title='bbox 2113 226 2170 290; x_wconf 72' lang='lat'><strong><em>⁶52</em></strong></span> 
     </span>
    </p>
   </div>
   <div class='ocr_carea' id='block_1_2' title="bbox 141 415 2177 4707">
    <p class='ocr_par' dir='ltr' id='par_1_2' title="bbox 141 415 2170 2558">
     <span class='ocr_line' id='line_1_2' title="bbox 144 415 2169 506; baseline -0.001 -18"><span class='ocrx_word' id='word_1_4' title='bbox 144 428 225 503; x_wconf 88' lang='lat' dir='ltr'><strong><em>trus,</em></strong></span> <span class='ocrx_word' id='word_1_5' title='bbox 235 422 291 488; x_wconf 89' lang='lat' dir='ltr'><strong><em>sed</em></strong></span> <span class='ocrx_word' id='word_1_6' title='bbox 302 427 347 486; x_wconf 86' lang='lat' dir='ltr'><strong><em>est</em></strong></span> <span class='ocrx_word' id='word_1_7' title='bbox 364 422 450 506; x_wconf 80' lang='lat' dir='ltr'><strong><em>oripo</em></strong></span> <span class='ocrx_word' id='word_1_8' title='bbox 458 420 668 505; x_wconf 73' lang='lat' dir='ltr'><strong><em>persuationis</em></strong></span> <span class='ocrx_word' id='word_1_9' title='bbox 679 420 758 486; x_wconf 88' lang='lat' dir='ltr'><strong><em>eius.</em></strong></span> <span class='ocrx_word' id='word_1_10' title='bbox 782 419 836 484; x_wconf 88' lang='lat' dir='ltr'><strong><em>Ita</em></strong></span> <span class='ocrx_word' id='word_1_11' title='bbox 847 425 914 485; x_wconf 90' lang='lat' dir='ltr'><strong><em>erat</em></strong></span> <span class='ocrx_word' id='word_1_12' title='bbox 924 420 960 483; x_wconf 90' lang='lat' dir='ltr'><strong><em>in</em></strong></span> <span class='ocrx_word' id='word_1_13' title='bbox 978 417 1127 485; x_wconf 81' lang='lat' dir='ltr'><strong><em>Deosnb</em></strong></span> <span class='ocrx_word' id='word_1_14' title='bbox 1177 437 1240 483; x_wconf 92' lang='lat' dir='ltr'><strong><em>non</em></strong></span> <span class='ocrx_word' id='word_1_15' title='bbox 1266 436 1332 484; x_wconf 83' lang='lat' dir='ltr'><strong><em>esse</em></strong></span> <span class='ocrx_word' id='word_1_16' title='bbox 1356 416 1506 501; x_wconf 76' lang='lat' dir='ltr'><strong><em>tilium.¹)</em></strong></span> <span class='ocrx_word' id='word_1_17' title='bbox 1553 418 1631 483; x_wconf 83' lang='lat' dir='ltr'><strong><em>Tota</em></strong></span> <span class='ocrx_word' id='word_1_18' title='bbox 1664 418 1819 484; x_wconf 87' lang='lat' dir='ltr'><strong><em>diuinitas</em></strong></span> <span class='ocrx_word' id='word_1_19' title='bbox 1849 415 1981 485; x_wconf 88' lang='lat' dir='ltr'><strong><em>Christi</em></strong></span> <span class='ocrx_word' id='word_1_20' title='bbox 2011 416 2067 484; x_wconf 88' lang='lat' dir='ltr'><strong><em>his</em></strong></span> <span class='ocrx_word' id='word_1_21' title='bbox 2098 418 2169 485; x_wconf 84' lang='lat' dir='ltr'><strong><em>loeis</em></strong></span> 
     </span>
     <span class='ocr_line' id='line_1_3' title="bbox 144 503 2168 601; baseline -0.002 -26"><span class='ocrx_word' id='word_1_22' title='bbox 144 505 579 587; x_wconf 87' lang='lat' dir='ltr'><strong><em>stantiaChristi,aeternalis</em></strong></span> <span class='ocrx_word' id='word_1_23' title='bbox 590 506 1128 589; x_wconf 77' lang='lat' dir='ltr'><strong><em>oripopenerationisrpsins,essen·</em></strong></span> <span class='ocrx_word' id='word_1_24' title='bbox 1177 508 1305 568; x_wconf 76' lang='lat' dir='ltr'><strong><em>amatia</em></strong></span> <span class='ocrx_word' id='word_1_25' title='bbox 1326 503 1467 601; x_wconf 82' lang='lat' dir='ltr'><strong><em>spiritus,</em></strong></span> <span class='ocrx_word' id='word_1_26' title='bbox 1485 523 1549 568; x_wconf 89' lang='lat' dir='ltr'><strong><em>non</em></strong></span> <span class='ocrx_word' id='word_1_27' title='bbox 1567 503 1666 584; x_wconf 73' lang='lat' dir='ltr'><strong><em>filius.</em></strong></span> <span class='ocrx_word' id='word_1_28' title='bbox 1702 503 1772 589; x_wconf 70' lang='lat' dir='ltr'><strong><em>Fpo</em></strong></span> <span class='ocrx_word' id='word_1_29' title='bbox 1788 505 1899 587; x_wconf 79' lang='lat' dir='ltr'><strong><em>itaque</em></strong></span> <span class='ocrx_word' id='word_1_30' title='bbox 1921 506 2061 589; x_wconf 75' lang='lat' dir='ltr'><strong><em>inpeuue</em></strong></span> <span class='ocrx_word' id='word_1_31' title='bbox 2079 504 2168 591; x_wconf 65' lang='lat' dir='ltr'><strong><em>nun</em></strong></span> 
     </span>
     <span class='ocr_line' id='line_1_4' title="bbox 145 586 2167 676; baseline -0.001 -18"><span class='ocrx_word' id='word_1_32' title='bbox 145 590 874 676; x_wconf 80' lang='lat' dir='ltr'><strong><em>tialisimapoetpersona.1biiamhiohomo</em></strong></span> <span class='ocrx_word' id='word_1_33' title='bbox 890 588 1127 672; x_wconf 71' lang='lat' dir='ltr'><strong><em>concipiebatur,</em></strong></span> <span class='ocrx_word' id='word_1_34' title='bbox 1177 589 1294 670; x_wconf 80' lang='lat' dir='ltr'><strong><em>fateor,</em></strong></span> <span class='ocrx_word' id='word_1_35' title='bbox 1330 586 1491 654; x_wconf 79' lang='lat' dir='ltr'><strong><em>Christum</em></strong></span> <span class='ocrx_word' id='word_1_36' title='bbox 1523 590 1643 670; x_wconf 89' lang='lat' dir='ltr'><strong><em>ipsum,</em></strong></span> <span class='ocrx_word' id='word_1_37' title='bbox 1676 592 1796 656; x_wconf 88' lang='lat' dir='ltr'><strong><em>ratione</em></strong></span> <span class='ocrx_word' id='word_1_38' title='bbox 1829 596 1971 656; x_wconf 88' lang='lat' dir='ltr'><strong><em>naturae</em></strong></span> <span class='ocrx_word' id='word_1_39' title='bbox 2004 589 2167 669; x_wconf 72' lang='lat' dir='ltr'><strong><em>hantonae,</em></strong></span> 
     </span>
     <span class='ocr_line' id='line_1_5' title="bbox 145 672 2169 763; baseline -0.003 -17"><span class='ocrx_word' id='word_1_40' title='bbox 145 678 387 762; x_wconf 79' lang='lat' dir='ltr'><strong><em>eaprineebatnr,</em></strong></span> <span class='ocrx_word' id='word_1_41' title='bbox 407 679 619 763; x_wconf 78' lang='lat' dir='ltr'><strong><em>peierabatur,</em></strong></span> <span class='ocrx_word' id='word_1_42' title='bbox 632 676 978 742; x_wconf 87' lang='lat' dir='ltr'><strong><em>atsioetisereahatu&#39;r.</em></strong></span> <span class='ocrx_word' id='word_1_43' title='bbox 1003 673 1045 738; x_wconf 86' lang='lat' dir='ltr'><strong><em>ln</em></strong></span> <span class='ocrx_word' id='word_1_44' title='bbox 1058 675 1127 740; x_wconf 90' lang='lat' dir='ltr'><strong><em>eins</em></strong></span> <span class='ocrx_word' id='word_1_45' title='bbox 1179 693 1246 739; x_wconf 89' lang='lat' dir='ltr'><strong><em>esse</em></strong></span> <span class='ocrx_word' id='word_1_46' title='bbox 1272 672 1377 753; x_wconf 78' lang='lat' dir='ltr'><strong><em>tilium</em></strong></span> <span class='ocrx_word' id='word_1_47' title='bbox 1401 673 1557 749; x_wconf 85' lang='lat' dir='ltr'><strong><em>Doridis,</em></strong></span> <span class='ocrx_word' id='word_1_48' title='bbox 1588 676 1643 741; x_wconf 89' lang='lat' dir='ltr'><strong><em>sed</em></strong></span> <span class='ocrx_word' id='word_1_49' title='bbox 1673 681 1824 742; x_wconf 90' lang='lat' dir='ltr'><strong><em>naturam</em></strong></span> <span class='ocrx_word' id='word_1_50' title='bbox 1855 677 1966 758; x_wconf 81' lang='lat' dir='ltr'><strong><em>ipsam</em></strong></span> <span class='ocrx_word' id='word_1_51' title='bbox 1998 675 2169 742; x_wconf 76' lang='lat' dir='ltr'><strong><em>humarum</em></strong></span> 
     </span>
     <span class='ocr_line' id='line_1_6' title="bbox 141 758 2167 851; baseline -0.002 -21"><span class='ocrx_word' id='word_1_52' title='bbox 141 785 282 851; x_wconf 89' lang='lat' dir='ltr'><strong><em>persona</em></strong></span> <span class='ocrx_word' id='word_1_53' title='bbox 295 764 439 849; x_wconf 75' lang='lat' dir='ltr'><strong><em>etfipura</em></strong></span> <span class='ocrx_word' id='word_1_54' title='bbox 459 765 506 829; x_wconf 90' lang='lat' dir='ltr'><strong><em>ait</em></strong></span> <span class='ocrx_word' id='word_1_55' title='bbox 527 763 701 844; x_wconf 74' lang='lat' dir='ltr'><em>sapientia:</em></span> <span class='ocrx_word' id='word_1_56' title='bbox 726 761 935 844; x_wconf 79' lang='lat' dir='ltr'><strong><em>Concipiebar,</em></strong></span> <span class='ocrx_word' id='word_1_57' title='bbox 956 759 1127 843; x_wconf 73' lang='lat' dir='ltr'><strong><em>sanabor,</em></strong></span> <span class='ocrx_word' id='word_1_58' title='bbox 1180 780 1241 825; x_wconf 89' lang='lat' dir='ltr'><strong><em>non</em></strong></span> <span class='ocrx_word' id='word_1_59' title='bbox 1263 778 1330 825; x_wconf 88' lang='lat' dir='ltr'><strong><em>esse</em></strong></span> <span class='ocrx_word' id='word_1_60' title='bbox 1349 758 1463 840; x_wconf 78' lang='lat' dir='ltr'><strong><em>filium.</em></strong></span> <span class='ocrx_word' id='word_1_61' title='bbox 1510 758 1670 825; x_wconf 86' lang='lat' dir='ltr'><strong><em>Christum</em></strong></span> <span class='ocrx_word' id='word_1_62' title='bbox 1691 782 1811 845; x_wconf 78' lang='lat' dir='ltr'><strong><em>quoqne</em></strong></span> <span class='ocrx_word' id='word_1_63' title='bbox 1829 763 1944 845; x_wconf 77' lang='lat' dir='ltr'><strong><em>fateor,</em></strong></span> <span class='ocrx_word' id='word_1_64' title='bbox 1966 763 2094 828; x_wconf 83' lang='lat' dir='ltr'><strong><em>ratione</em></strong></span> <span class='ocrx_word' id='word_1_65' title='bbox 2113 784 2167 827; x_wconf 88' lang='lat' dir='ltr'><strong><em>na·</em></strong></span> 
     </span>
     <span class='ocr_line' id='line_1_7' title="bbox 143 845 2168 936; baseline -0.001 -21"><span class='ocrx_word' id='word_1_66' title='bbox 143 850 328 936; x_wconf 79' lang='lat' dir='ltr'><strong><em>penerabar,</em></strong></span> <span class='ocrx_word' id='word_1_67' title='bbox 345 850 481 916; x_wconf 81' lang='lat' dir='ltr'><strong><em>oreabm.</em></strong></span> <span class='ocrx_word' id='word_1_68' title='bbox 528 848 632 915; x_wconf 89' lang='lat' dir='ltr'><strong><em>Plura</em></strong></span> <span class='ocrx_word' id='word_1_69' title='bbox 659 848 715 913; x_wconf 86' lang='lat' dir='ltr'><strong><em>tibi</em></strong></span> <span class='ocrx_word' id='word_1_70' title='bbox 742 849 883 927; x_wconf 79' lang='lat' dir='ltr'><strong><em>eonaedo,</em></strong></span> <span class='ocrx_word' id='word_1_71' title='bbox 917 867 1013 931; x_wconf 78' lang='lat' dir='ltr'><strong><em>qaam</em></strong></span> <span class='ocrx_word' id='word_1_72' title='bbox 1034 846 1127 927; x_wconf 87' lang='lat' dir='ltr'><strong><em>petis,</em></strong></span> <span class='ocrx_word' id='word_1_73' title='bbox 1180 850 1270 910; x_wconf 89' lang='lat' dir='ltr'><strong><em>turae</em></strong></span> <span class='ocrx_word' id='word_1_74' title='bbox 1300 845 1437 926; x_wconf 86' lang='lat' dir='ltr'><strong><em>diuinae,</em></strong></span> <span class='ocrx_word' id='word_1_75' title='bbox 1468 865 1533 912; x_wconf 87' lang='lat' dir='ltr'><strong><em>osse</em></strong></span> <span class='ocrx_word' id='word_1_76' title='bbox 1562 846 1668 927; x_wconf 73' lang='lat' dir='ltr'><strong><em>petum</em></strong></span> <span class='ocrx_word' id='word_1_77' title='bbox 1688 847 1767 929; x_wconf 90' lang='lat' dir='ltr'><strong><em>Dei,</em></strong></span> <span class='ocrx_word' id='word_1_78' title='bbox 1798 849 1855 913; x_wconf 90' lang='lat' dir='ltr'><strong><em>sed</em></strong></span> <span class='ocrx_word' id='word_1_79' title='bbox 1881 852 2041 914; x_wconf 86' lang='lat' dir='ltr'><strong><em>naturam</em></strong></span> <span class='ocrx_word' id='word_1_80' title='bbox 2067 849 2168 929; x_wconf 78' lang='lat' dir='ltr'><strong><em>ipsam</em></strong></span> 
     </span>
     <span class='ocr_line' id='line_1_8' title="bbox 146 931 2167 1019; baseline -0.001 -16"><span class='ocrx_word' id='word_1_81' title='bbox 146 937 236 1003; x_wconf 89' lang='lat' dir='ltr'><strong><em>modo</em></strong></span> <span class='ocrx_word' id='word_1_82' title='bbox 260 934 420 1003; x_wconf 73' lang='lat' dir='ltr'><strong><em>Christum</em></strong></span> <span class='ocrx_word' id='word_1_83' title='bbox 444 935 602 1019; x_wconf 77' lang='lat' dir='ltr'><strong><em>inteltipas</em></strong></span> <span class='ocrx_word' id='word_1_84' title='bbox 628 938 780 1014; x_wconf 83' lang='lat' dir='ltr'><strong><em>creatum,</em></strong></span> <span class='ocrx_word' id='word_1_85' title='bbox 812 935 890 1016; x_wconf 75' lang='lat' dir='ltr'><strong><em>quia</em></strong></span> <span class='ocrx_word' id='word_1_86' title='bbox 916 932 1127 1015; x_wconf 86' lang='lat' dir='ltr'><strong><em>partieipes¹)</em></strong></span> <span class='ocrx_word' id='word_1_87' title='bbox 1179 931 1324 996; x_wconf 76' lang='lat' dir='ltr'><strong><em>niumm</em></strong></span> <span class='ocrx_word' id='word_1_88' title='bbox 1345 950 1407 996; x_wconf 89' lang='lat' dir='ltr'><strong><em>non</em></strong></span> <span class='ocrx_word' id='word_1_89' title='bbox 1428 950 1495 996; x_wconf 89' lang='lat' dir='ltr'><strong><em>esse</em></strong></span> <span class='ocrx_word' id='word_1_90' title='bbox 1514 931 1627 1013; x_wconf 74' lang='lat' dir='ltr'><strong><em>filium.</em></strong></span> <span class='ocrx_word' id='word_1_91' title='bbox 1674 933 1725 999; x_wconf 82' lang='lat' dir='ltr'><strong><em>Tu</em></strong></span> <span class='ocrx_word' id='word_1_92' title='bbox 1750 954 1784 999; x_wconf 90' lang='lat' dir='ltr'><strong><em>es</em></strong></span> <span class='ocrx_word' id='word_1_93' title='bbox 1808 933 1900 1015; x_wconf 80' lang='lat' dir='ltr'><strong><em>tilius</em></strong></span> <span class='ocrx_word' id='word_1_94' title='bbox 1922 935 2038 1015; x_wconf 87' lang='lat' dir='ltr'><strong><em>patris</em></strong></span> <span class='ocrx_word' id='word_1_95' title='bbox 2057 939 2085 999; x_wconf 87' lang='lat' dir='ltr'><strong><em>et</em></strong></span> <span class='ocrx_word' id='word_1_96' title='bbox 2105 955 2167 1000; x_wconf 89' lang='lat' dir='ltr'><strong><em>ma·</em></strong></span> 
     </span>
     <span class='ocr_line' id='line_1_9' title="bbox 146 1017 2168 1103; baseline -0.002 -15"><span class='ocrx_word' id='word_1_97' title='bbox 146 1027 316 1103; x_wconf 61' lang='lat' dir='ltr'><strong><em>uenture.</em></strong></span> <span class='ocrx_word' id='word_1_98' title='bbox 382 1020 420 1085; x_wconf 86' lang='lat' dir='ltr'><strong><em>Si</em></strong></span> <span class='ocrx_word' id='word_1_99' title='bbox 457 1022 597 1086; x_wconf 88' lang='lat' dir='ltr'><strong><em>onmium</em></strong></span> <span class='ocrx_word' id='word_1_100' title='bbox 637 1020 871 1100; x_wconf 79' lang='lat' dir='ltr'><strong><em>seripturarum</em></strong></span> <span class='ocrx_word' id='word_1_101' title='bbox 908 1037 1035 1100; x_wconf 82' lang='lat' dir='ltr'><strong><em>scopum</em></strong></span> <span class='ocrx_word' id='word_1_102' title='bbox 1072 1017 1129 1082; x_wconf 92' lang='lat' dir='ltr'><strong><em>tibi</em></strong></span> <span class='ocrx_word' id='word_1_103' title='bbox 1180 1017 1255 1096; x_wconf 86' lang='lat' dir='ltr'><strong><em>tris,</em></strong></span> <span class='ocrx_word' id='word_1_104' title='bbox 1278 1020 1381 1081; x_wconf 92' lang='lat' dir='ltr'><strong><em>tamen</em></strong></span> <span class='ocrx_word' id='word_1_105' title='bbox 1403 1017 1450 1095; x_wconf 90' lang='lat' dir='ltr'><strong><em>id,</em></strong></span> <span class='ocrx_word' id='word_1_106' title='bbox 1482 1018 1567 1098; x_wconf 78' lang='lat' dir='ltr'><strong><em>quod</em></strong></span> <span class='ocrx_word' id='word_1_107' title='bbox 1587 1017 1682 1084; x_wconf 88' lang='lat' dir='ltr'><strong><em>habes</em></strong></span> <span class='ocrx_word' id='word_1_108' title='bbox 1703 1040 1726 1084; x_wconf 92' lang='lat' dir='ltr'><strong><em>a</em></strong></span> <span class='ocrx_word' id='word_1_109' title='bbox 1741 1024 1850 1102; x_wconf 81' lang='lat' dir='ltr'><strong><em>patre,</em></strong></span> <span class='ocrx_word' id='word_1_110' title='bbox 1883 1040 1948 1085; x_wconf 91' lang='lat' dir='ltr'><strong><em>non</em></strong></span> <span class='ocrx_word' id='word_1_111' title='bbox 1970 1024 2020 1086; x_wconf 88' lang='lat' dir='ltr'><strong><em>est</em></strong></span> <span class='ocrx_word' id='word_1_112' title='bbox 2040 1022 2168 1086; x_wconf 86' lang='lat' dir='ltr'><strong><em>seorsim</em></strong></span> 
     </span>
     <span class='ocr_line' id='line_1_10' title="bbox 149 1101 2168 1189; baseline -0.001 -15"><span class='ocrx_word' id='word_1_113' title='bbox 149 1106 311 1175; x_wconf 76' lang='lat' dir='ltr'><strong><em>Christum</em></strong></span> <span class='ocrx_word' id='word_1_114' title='bbox 326 1127 500 1189; x_wconf 86' lang='lat' dir='ltr'><strong><em>proponas,</em></strong></span> <span class='ocrx_word' id='word_1_115' title='bbox 521 1110 611 1171; x_wconf 76' lang='lat' dir='ltr'><strong><em>eruret</em></strong></span> <span class='ocrx_word' id='word_1_116' title='bbox 631 1104 689 1170; x_wconf 88' lang='lat' dir='ltr'><strong><em>tibi</em></strong></span> <span class='ocrx_word' id='word_1_117' title='bbox 715 1106 823 1171; x_wconf 90' lang='lat' dir='ltr'><strong><em>omnia</em></strong></span> <span class='ocrx_word' id='word_1_118' title='bbox 848 1104 972 1186; x_wconf 81' lang='lat' dir='ltr'><strong><em>facilia.</em></strong></span> <span class='ocrx_word' id='word_1_119' title='bbox 1018 1103 1129 1168; x_wconf 81' lang='lat' dir='ltr'><strong><em>Totum</em></strong></span> <span class='ocrx_word' id='word_1_120' title='bbox 1178 1101 1276 1182; x_wconf 82' lang='lat' dir='ltr'><strong><em>tilius,</em></strong></span> <span class='ocrx_word' id='word_1_121' title='bbox 1298 1121 1353 1167; x_wconf 87' lang='lat' dir='ltr'><strong><em>nee</em></strong></span> <span class='ocrx_word' id='word_1_122' title='bbox 1373 1101 1417 1182; x_wconf 92' lang='lat' dir='ltr'><strong><em>id,</em></strong></span> <span class='ocrx_word' id='word_1_123' title='bbox 1440 1105 1521 1184; x_wconf 77' lang='lat' dir='ltr'><strong><em>quod</em></strong></span> <span class='ocrx_word' id='word_1_124' title='bbox 1542 1102 1636 1168; x_wconf 89' lang='lat' dir='ltr'><strong><em>hahes</em></strong></span> <span class='ocrx_word' id='word_1_125' title='bbox 1658 1126 1679 1169; x_wconf 90' lang='lat' dir='ltr'><strong><em>a</em></strong></span> <span class='ocrx_word' id='word_1_126' title='bbox 1700 1111 1808 1185; x_wconf 89' lang='lat' dir='ltr'><strong><em>matre,</em></strong></span> <span class='ocrx_word' id='word_1_127' title='bbox 1829 1105 1902 1170; x_wconf 90' lang='lat' dir='ltr'><strong><em>lieet</em></strong></span> <span class='ocrx_word' id='word_1_128' title='bbox 1918 1127 2031 1172; x_wconf 78' lang='lat' dir='ltr'><strong><em>eonem</em></strong></span> <span class='ocrx_word' id='word_1_129' title='bbox 2048 1107 2168 1171; x_wconf 76' lang='lat' dir='ltr'><strong><em>rationu</em></strong></span> 
     </span>
     <span class='ocr_line' id='line_1_11' title="bbox 145 1186 2166 1282; baseline -0.001 -23"><span class='ocrx_word' id='word_1_130' title='bbox 145 1193 231 1259; x_wconf 88' lang='lat' dir='ltr'><strong><em>uerbi</em></strong></span> <span class='ocrx_word' id='word_1_131' title='bbox 258 1211 410 1257; x_wconf 87' lang='lat' dir='ltr'><strong><em>areanum</em></strong></span> <span class='ocrx_word' id='word_1_132' title='bbox 438 1197 507 1257; x_wconf 89' lang='lat' dir='ltr'><strong><em>erat</em></strong></span> <span class='ocrx_word' id='word_1_133' title='bbox 535 1192 632 1257; x_wconf 88' lang='lat' dir='ltr'><strong><em>huius</em></strong></span> <span class='ocrx_word' id='word_1_134' title='bbox 659 1191 796 1257; x_wconf 83' lang='lat' dir='ltr'><strong><em>learninis</em></strong></span> <span class='ocrx_word' id='word_1_135' title='bbox 815 1190 1017 1274; x_wconf 68' lang='lat' dir='ltr'><strong><em>purificatio,</em></strong></span> <span class='ocrx_word' id='word_1_136' title='bbox 1048 1190 1130 1254; x_wconf 89' lang='lat' dir='ltr'><strong><em>sieut</em></strong></span> <span class='ocrx_word' id='word_1_137' title='bbox 1179 1193 1214 1252; x_wconf 90' lang='lat' dir='ltr'><strong><em>tu</em></strong></span> <span class='ocrx_word' id='word_1_138' title='bbox 1242 1187 1289 1251; x_wconf 88' lang='lat' dir='ltr'><strong><em>sis</em></strong></span> <span class='ocrx_word' id='word_1_139' title='bbox 1308 1186 1407 1266; x_wconf 82' lang='lat' dir='ltr'><strong><em>tilius.</em></strong></span> <span class='ocrx_word' id='word_1_140' title='bbox 1453 1188 1588 1255; x_wconf 75' lang='lat' dir='ltr'><strong><em>Ratione</em></strong></span> <span class='ocrx_word' id='word_1_141' title='bbox 1609 1191 1735 1282; x_wconf 77' lang='lat' dir='ltr'><strong><em>animae</em></strong></span> <span class='ocrx_word' id='word_1_142' title='bbox 1760 1195 1796 1256; x_wconf 90' lang='lat' dir='ltr'><strong><em>tu</em></strong></span> <span class='ocrx_word' id='word_1_143' title='bbox 1817 1211 1851 1256; x_wconf 88' lang='lat' dir='ltr'><strong><em>es</em></strong></span> <span class='ocrx_word' id='word_1_144' title='bbox 1871 1190 1979 1271; x_wconf 87' lang='lat' dir='ltr'><strong><em>homo,</em></strong></span> <span class='ocrx_word' id='word_1_145' title='bbox 2011 1197 2041 1256; x_wconf 89' lang='lat' dir='ltr'><strong><em>et</em></strong></span> <span class='ocrx_word' id='word_1_146' title='bbox 2061 1194 2166 1257; x_wconf 80' lang='lat' dir='ltr'><strong><em>anina</em></strong></span> 
     </span>
     <span class='ocr_line' id='line_1_12' title="bbox 146 1274 2168 1362; baseline -0 -17"><span class='ocrx_word' id='word_1_147' title='bbox 146 1281 215 1362; x_wconf 74' lang='lat' dir='ltr'><strong><em>ipse</em></strong></span> <span class='ocrx_word' id='word_1_148' title='bbox 246 1279 313 1343; x_wconf 89' lang='lat' dir='ltr'><strong><em>iam</em></strong></span> <span class='ocrx_word' id='word_1_149' title='bbox 342 1278 453 1361; x_wconf 81' lang='lat' dir='ltr'><strong><em>olim²)</em></strong></span> <span class='ocrx_word' id='word_1_150' title='bbox 495 1283 562 1344; x_wconf 74' lang='lat' dir='ltr'><strong><em>mat</em></strong></span> <span class='ocrx_word' id='word_1_151' title='bbox 601 1279 637 1342; x_wconf 91' lang='lat' dir='ltr'><strong><em>in</em></strong></span> <span class='ocrx_word' id='word_1_152' title='bbox 663 1275 731 1341; x_wconf 88' lang='lat' dir='ltr'><strong><em>Deo</em></strong></span> <span class='ocrx_word' id='word_1_153' title='bbox 761 1277 929 1361; x_wconf 80' lang='lat' dir='ltr'><strong><em>ploriosus,</em></strong></span> <span class='ocrx_word' id='word_1_154' title='bbox 957 1275 1049 1340; x_wconf 84' lang='lat' dir='ltr'><strong><em>Ioare.</em></strong></span> <span class='ocrx_word' id='word_1_155' title='bbox 1075 1278 1129 1338; x_wconf 83' lang='lat'><strong><em>17.</em></strong></span> <span class='ocrx_word' id='word_1_156' title='bbox 1180 1274 1255 1352; x_wconf 87' lang='lat' dir='ltr'><strong><em>ipsa</em></strong></span> <span class='ocrx_word' id='word_1_157' title='bbox 1275 1293 1337 1338; x_wconf 89' lang='lat' dir='ltr'><strong><em>non</em></strong></span> <span class='ocrx_word' id='word_1_158' title='bbox 1351 1293 1412 1355; x_wconf 88' lang='lat' dir='ltr'><strong><em>per</em></strong></span> <span class='ocrx_word' id='word_1_159' title='bbox 1432 1295 1466 1340; x_wconf 88' lang='lat' dir='ltr'><strong><em>se</em></strong></span> <span class='ocrx_word' id='word_1_160' title='bbox 1486 1275 1603 1341; x_wconf 89' lang='lat' dir='ltr'><strong><em>dieitur</em></strong></span> <span class='ocrx_word' id='word_1_161' title='bbox 1622 1276 1718 1342; x_wconf 79' lang='lat' dir='ltr'><strong><em>bonna</em></strong></span> <span class='ocrx_word' id='word_1_162' title='bbox 1756 1276 1892 1343; x_wconf 86' lang='lat' dir='ltr'><strong><em>Ratione</em></strong></span> <span class='ocrx_word' id='word_1_163' title='bbox 1912 1278 2047 1344; x_wconf 76' lang='lat' dir='ltr'><strong><em>deitatis</em></strong></span> <span class='ocrx_word' id='word_1_164' title='bbox 2064 1276 2168 1343; x_wconf 78' lang='lat' dir='ltr'><strong><em>Chris</em></strong></span> 
     </span>
     <span class='ocr_line' id='line_1_13' title="bbox 144 1358 2168 1444; baseline -0.001 -13"><span class='ocrx_word' id='word_1_165' title='bbox 144 1363 332 1431; x_wconf 85' lang='lat' dir='ltr'><strong><em>Memineris</em></strong></span> <span class='ocrx_word' id='word_1_166' title='bbox 352 1383 480 1444; x_wconf 77' lang='lat' dir='ltr'><strong><em>quaeso,</em></strong></span> <span class='ocrx_word' id='word_1_167' title='bbox 508 1363 665 1429; x_wconf 78' lang='lat' dir='ltr'><strong><em>horeiinem</em></strong></span> <span class='ocrx_word' id='word_1_168' title='bbox 692 1362 774 1429; x_wconf 89' lang='lat' dir='ltr'><strong><em>hune</em></strong></span> <span class='ocrx_word' id='word_1_169' title='bbox 802 1370 868 1428; x_wconf 82' lang='lat' dir='ltr'><strong><em>ess‘e</em></strong></span> <span class='ocrx_word' id='word_1_170' title='bbox 895 1382 966 1426; x_wconf 88' lang='lat' dir='ltr'><strong><em>uere</em></strong></span> <span class='ocrx_word' id='word_1_171' title='bbox 989 1360 1129 1444; x_wconf 72' lang='lat' dir='ltr'><strong><em>pensitam</em></strong></span> <span class='ocrx_word' id='word_1_172' title='bbox 1181 1363 1233 1423; x_wconf 90' lang='lat' dir='ltr'><strong><em>tus</em></strong></span> <span class='ocrx_word' id='word_1_173' title='bbox 1260 1363 1305 1423; x_wconf 85' lang='lat' dir='ltr'><strong><em>est</em></strong></span> <span class='ocrx_word' id='word_1_174' title='bbox 1330 1358 1396 1423; x_wconf 84' lang='lat' dir='ltr'><strong><em>Dei</em></strong></span> <span class='ocrx_word' id='word_1_175' title='bbox 1429 1360 1533 1441; x_wconf 69' lang='lat' dir='ltr'><strong><em>filius,</em></strong></span> <span class='ocrx_word' id='word_1_176' title='bbox 1563 1367 1592 1426; x_wconf 91' lang='lat' dir='ltr'><strong><em>et</em></strong></span> <span class='ocrx_word' id='word_1_177' title='bbox 1612 1363 1713 1429; x_wconf 89' lang='lat' dir='ltr'><strong><em>deitas</em></strong></span> <span class='ocrx_word' id='word_1_178' title='bbox 1740 1384 1803 1428; x_wconf 87' lang='lat' dir='ltr'><strong><em>uon</em></strong></span> <span class='ocrx_word' id='word_1_179' title='bbox 1831 1369 1876 1428; x_wconf 90' lang='lat' dir='ltr'><strong><em>est</em></strong></span> <span class='ocrx_word' id='word_1_180' title='bbox 1902 1362 2007 1444; x_wconf 75' lang='lat' dir='ltr'><strong><em>filius.</em></strong></span> <span class='ocrx_word' id='word_1_181' title='bbox 2054 1363 2109 1429; x_wconf 82' lang='lat' dir='ltr'><strong><em>Ab</em></strong></span> <span class='ocrx_word' id='word_1_182' title='bbox 2137 1384 2168 1429; x_wconf 90' lang='lat' dir='ltr'><strong><em>eo</em></strong></span> 
     </span>
     <span class='ocr_line' id='line_1_14' title="bbox 145 1444 2168 1531; baseline 0 -16"><span class='ocrx_word' id='word_1_183' title='bbox 145 1451 183 1515; x_wconf 91' lang='lat' dir='ltr'><strong><em>de</em></strong></span> <span class='ocrx_word' id='word_1_184' title='bbox 209 1450 386 1516; x_wconf 84' lang='lat' dir='ltr'><strong><em>substantia</em></strong></span> <span class='ocrx_word' id='word_1_185' title='bbox 403 1448 481 1527; x_wconf 90' lang='lat' dir='ltr'><strong><em>Dei,</em></strong></span> <span class='ocrx_word' id='word_1_186' title='bbox 507 1454 599 1530; x_wconf 74' lang='lat' dir='ltr'><strong><em>atque</em></strong></span> <span class='ocrx_word' id='word_1_187' title='bbox 619 1449 687 1515; x_wconf 89' lang='lat' dir='ltr'><strong><em>ideo</em></strong></span> <span class='ocrx_word' id='word_1_188' title='bbox 709 1469 775 1515; x_wconf 85' lang='lat' dir='ltr'><strong><em>esse</em></strong></span> <span class='ocrx_word' id='word_1_189' title='bbox 801 1468 909 1515; x_wconf 89' lang='lat' dir='ltr'><strong><em>oerum</em></strong></span> <span class='ocrx_word' id='word_1_190' title='bbox 927 1446 1033 1527; x_wconf 76' lang='lat' dir='ltr'><strong><em>filium</em></strong></span> <span class='ocrx_word' id='word_1_191' title='bbox 1054 1444 1127 1511; x_wconf 88' lang='lat' dir='ltr'><strong><em>Dei.</em></strong></span> <span class='ocrx_word' id='word_1_192' title='bbox 1180 1444 1270 1509; x_wconf 90' lang='lat' dir='ltr'><strong><em>nobis</em></strong></span> <span class='ocrx_word' id='word_1_193' title='bbox 1290 1444 1387 1511; x_wconf 90' lang='lat' dir='ltr'><strong><em>datur</em></strong></span> <span class='ocrx_word' id='word_1_194' title='bbox 1407 1446 1556 1526; x_wconf 84' lang='lat' dir='ltr'><strong><em>spiritus,</em></strong></span> <span class='ocrx_word' id='word_1_195' title='bbox 1585 1448 1642 1529; x_wconf 78' lang='lat' dir='ltr'><strong><em>qui</em></strong></span> <span class='ocrx_word' id='word_1_196' title='bbox 1662 1468 1720 1513; x_wconf 90' lang='lat' dir='ltr'><strong><em>nas</em></strong></span> <span class='ocrx_word' id='word_1_197' title='bbox 1744 1449 1832 1531; x_wconf 71' lang='lat' dir='ltr'><strong><em>filios</em></strong></span> <span class='ocrx_word' id='word_1_198' title='bbox 1856 1448 1946 1530; x_wconf 74' lang='lat' dir='ltr'><strong><em>facit,</em></strong></span> <span class='ocrx_word' id='word_1_199' title='bbox 1983 1454 2014 1515; x_wconf 88' lang='lat' dir='ltr'><strong><em>et</em></strong></span> <span class='ocrx_word' id='word_1_200' title='bbox 2034 1450 2168 1530; x_wconf 75' lang='lat' dir='ltr'><strong><em>spiritis</em></strong></span> 
     </span>
     <span class='ocr_line' id='line_1_15' title="bbox 147 1529 2168 1617; baseline -0.001 -16"><span class='ocrx_word' id='word_1_201' title='bbox 147 1535 212 1602; x_wconf 87' lang='lat' dir='ltr'><strong><em>Per</em></strong></span> <span class='ocrx_word' id='word_1_202' title='bbox 231 1554 402 1600; x_wconf 72' lang='lat' dir='ltr'><strong><em>sennensem</em></strong></span> <span class='ocrx_word' id='word_1_203' title='bbox 423 1538 469 1598; x_wconf 89' lang='lat' dir='ltr'><strong><em>est</em></strong></span> <span class='ocrx_word' id='word_1_204' title='bbox 492 1534 543 1601; x_wconf 85' lang='lat' dir='ltr'><strong><em>hie</em></strong></span> <span class='ocrx_word' id='word_1_205' title='bbox 563 1535 650 1600; x_wconf 80' lang='lat' dir='ltr'><strong><em>hum</em></strong></span> <span class='ocrx_word' id='word_1_206' title='bbox 672 1534 711 1600; x_wconf 92' lang='lat' dir='ltr'><strong><em>ab</em></strong></span> <span class='ocrx_word' id='word_1_207' title='bbox 733 1539 857 1600; x_wconf 83' lang='lat' dir='ltr'><strong><em>aeterno</em></strong></span> <span class='ocrx_word' id='word_1_208' title='bbox 875 1533 1014 1617; x_wconf 82' lang='lat' dir='ltr'><strong><em>penitus,</em></strong></span> <span class='ocrx_word' id='word_1_209' title='bbox 1044 1535 1072 1597; x_wconf 85' lang='lat' dir='ltr'><strong><em>et</em></strong></span> <span class='ocrx_word' id='word_1_210' title='bbox 1093 1531 1129 1595; x_wconf 92' lang='lat' dir='ltr'><strong><em>in</em></strong></span> <span class='ocrx_word' id='word_1_211' title='bbox 1180 1529 1234 1595; x_wconf 75' lang='lat' dir='ltr'><strong><em>ue</em></strong></span> <span class='ocrx_word' id='word_1_212' title='bbox 1254 1549 1315 1593; x_wconf 91' lang='lat' dir='ltr'><strong><em>non</em></strong></span> <span class='ocrx_word' id='word_1_213' title='bbox 1336 1535 1382 1595; x_wconf 88' lang='lat' dir='ltr'><strong><em>est</em></strong></span> <span class='ocrx_word' id='word_1_214' title='bbox 1400 1532 1498 1612; x_wconf 78' lang='lat' dir='ltr'><strong><em>filins.</em></strong></span> <span class='ocrx_word' id='word_1_215' title='bbox 1546 1532 1584 1599; x_wconf 84' lang='lat' dir='ltr'><strong><em>Si</em></strong></span> <span class='ocrx_word' id='word_1_216' title='bbox 1609 1540 1792 1614; x_wconf 74' lang='lat' dir='ltr'><strong><em>separatam</em></strong></span> <span class='ocrx_word' id='word_1_217' title='bbox 1819 1535 1967 1599; x_wconf 87' lang='lat' dir='ltr'><strong><em>animam</em></strong></span> <span class='ocrx_word' id='word_1_218' title='bbox 1997 1535 2110 1601; x_wconf 80' lang='lat' dir='ltr'><strong><em>uideres</em></strong></span> <span class='ocrx_word' id='word_1_219' title='bbox 2135 1532 2168 1598; x_wconf 90' lang='lat' dir='ltr'><strong><em>oh</em></strong></span> 
     </span>
     <span class='ocr_line' id='line_1_16' title="bbox 144 1615 2168 1704; baseline -0 -17"><span class='ocrx_word' id='word_1_220' title='bbox 144 1622 304 1703; x_wconf 89' lang='lat' dir='ltr'><strong><em>sapientia</em></strong></span> <span class='ocrx_word' id='word_1_221' title='bbox 331 1621 485 1685; x_wconf 84' lang='lat' dir='ltr'><strong><em>semnonis</em></strong></span> <span class='ocrx_word' id='word_1_222' title='bbox 516 1621 715 1704; x_wconf 76' lang='lat' dir='ltr'><strong><em>tipurabatur</em></strong></span> <span class='ocrx_word' id='word_1_223' title='bbox 741 1619 841 1700; x_wconf 74' lang='lat' dir='ltr'><strong><em>tilius.</em></strong></span> <span class='ocrx_word' id='word_1_224' title='bbox 893 1617 980 1685; x_wconf 87' lang='lat' dir='ltr'><strong><em>Unde</em></strong></span> <span class='ocrx_word' id='word_1_225' title='bbox 1013 1617 1130 1682; x_wconf 77' lang='lat' dir='ltr'><strong><em>dudur</em></strong></span> <span class='ocrx_word' id='word_1_226' title='bbox 1179 1615 1422 1682; x_wconf 82' lang='lat' dir='ltr'><strong><em>similitudinem</em></strong></span> <span class='ocrx_word' id='word_1_227' title='bbox 1442 1623 1472 1682; x_wconf 92' lang='lat' dir='ltr'><strong><em>et</em></strong></span> <span class='ocrx_word' id='word_1_228' title='bbox 1492 1619 1686 1685; x_wconf 84' lang='lat' dir='ltr'><strong><em>essentialem</em></strong></span> <span class='ocrx_word' id='word_1_229' title='bbox 1707 1621 1862 1686; x_wconf 91' lang='lat' dir='ltr'><strong><em>rationem</em></strong></span> <span class='ocrx_word' id='word_1_230' title='bbox 1884 1625 1920 1684; x_wconf 88' lang='lat' dir='ltr'><strong><em>ta</em></strong></span> <span class='ocrx_word' id='word_1_231' title='bbox 1935 1621 2085 1688; x_wconf 88' lang='lat' dir='ltr'><strong><em>ooneedis</em></strong></span> <span class='ocrx_word' id='word_1_232' title='bbox 2108 1640 2168 1686; x_wconf 83' lang='lat' dir='ltr'><strong><em>esse</em></strong></span> 
     </span>
     <span class='ocr_line' id='line_1_17' title="bbox 145 1701 2169 1791; baseline -0.001 -18"><span class='ocrx_word' id='word_1_233' title='bbox 145 1707 306 1789; x_wconf 86' lang='lat' dir='ltr'><strong><em>sapientia</em></strong></span> <span class='ocrx_word' id='word_1_234' title='bbox 331 1705 542 1787; x_wconf 73' lang='lat' dir='ltr'><strong><em>personaliter</em></strong></span> <span class='ocrx_word' id='word_1_235' title='bbox 560 1708 680 1791; x_wconf 77' lang='lat' dir='ltr'><strong><em>penda,</em></strong></span> <span class='ocrx_word' id='word_1_236' title='bbox 710 1704 930 1787; x_wconf 64' lang='lat' dir='ltr'><strong><em>personatur)</em></strong></span> <span class='ocrx_word' id='word_1_237' title='bbox 955 1702 1062 1784; x_wconf 72' lang='lat' dir='ltr'><strong><em>filius,</em></strong></span> <span class='ocrx_word' id='word_1_238' title='bbox 1094 1703 1130 1766; x_wconf 89' lang='lat' dir='ltr'><strong><em>in</em></strong></span> <span class='ocrx_word' id='word_1_239' title='bbox 1180 1701 1343 1781; x_wconf 78' lang='lat' dir='ltr'><strong><em>hominen,</em></strong></span> <span class='ocrx_word' id='word_1_240' title='bbox 1361 1703 1469 1768; x_wconf 92' lang='lat' dir='ltr'><strong><em>eadem</em></strong></span> <span class='ocrx_word' id='word_1_241' title='bbox 1484 1705 1605 1770; x_wconf 91' lang='lat' dir='ltr'><strong><em>ratione</em></strong></span> <span class='ocrx_word' id='word_1_242' title='bbox 1619 1705 1804 1791; x_wconf 75' lang='lat' dir='ltr'><strong><em>eomedes,⁸)</em></strong></span> <span class='ocrx_word' id='word_1_243' title='bbox 1822 1706 1950 1772; x_wconf 78' lang='lat' dir='ltr'><strong><em>oubam</em></strong></span> <span class='ocrx_word' id='word_1_244' title='bbox 1968 1727 2038 1773; x_wconf 86' lang='lat' dir='ltr'><strong><em>esse</em></strong></span> <span class='ocrx_word' id='word_1_245' title='bbox 2052 1706 2169 1788; x_wconf 69' lang='lat' dir='ltr'><strong><em>filiun:</em></strong></span> 
     </span>
     <span class='ocr_line' id='line_1_18' title="bbox 145 1787 2168 1876; baseline 0 -19"><span class='ocrx_word' id='word_1_246' title='bbox 145 1792 243 1857; x_wconf 74' lang='lat' dir='ltr'><strong><em>haim</em></strong></span> <span class='ocrx_word' id='word_1_247' title='bbox 261 1791 359 1876; x_wconf 80' lang='lat' dir='ltr'><strong><em>poniti</em></strong></span> <span class='ocrx_word' id='word_1_248' title='bbox 379 1793 540 1874; x_wconf 85' lang='lat' dir='ltr'><strong><em>sponsa.⁴)</em></strong></span> <span class='ocrx_word' id='word_1_249' title='bbox 578 1792 746 1858; x_wconf 87' lang='lat' dir='ltr'><strong><em>Relueehat</em></strong></span> <span class='ocrx_word' id='word_1_250' title='bbox 765 1792 833 1857; x_wconf 90' lang='lat' dir='ltr'><strong><em>iam</em></strong></span> <span class='ocrx_word' id='word_1_251' title='bbox 854 1790 898 1855; x_wconf 86' lang='lat' dir='ltr'><strong><em>ibi</em></strong></span> <span class='ocrx_word' id='word_1_252' title='bbox 919 1789 1007 1855; x_wconf 78' lang='lat' dir='ltr'><strong><em>leonio</em></strong></span> <span class='ocrx_word' id='word_1_253' title='bbox 1029 1807 1130 1855; x_wconf 85' lang='lat' dir='ltr'><strong><em>esseu-</em></strong></span> <span class='ocrx_word' id='word_1_254' title='bbox 1181 1807 1236 1853; x_wconf 89' lang='lat' dir='ltr'><strong><em>nee</em></strong></span> <span class='ocrx_word' id='word_1_255' title='bbox 1255 1787 1291 1852; x_wconf 90' lang='lat' dir='ltr'><strong><em>ob</em></strong></span> <span class='ocrx_word' id='word_1_256' title='bbox 1312 1787 1347 1853; x_wconf 87' lang='lat' dir='ltr'><strong><em>id</em></strong></span> <span class='ocrx_word' id='word_1_257' title='bbox 1364 1790 1497 1870; x_wconf 87' lang='lat' dir='ltr'><strong><em>proprie</em></strong></span> <span class='ocrx_word' id='word_1_258' title='bbox 1518 1809 1585 1857; x_wconf 89' lang='lat' dir='ltr'><strong><em>esse</em></strong></span> <span class='ocrx_word' id='word_1_259' title='bbox 1605 1792 1641 1855; x_wconf 91' lang='lat' dir='ltr'><strong><em>in</em></strong></span> <span class='ocrx_word' id='word_1_260' title='bbox 1656 1811 1719 1856; x_wconf 92' lang='lat' dir='ltr'><strong><em>uno</em></strong></span> <span class='ocrx_word' id='word_1_261' title='bbox 1740 1792 1825 1858; x_wconf 83' lang='lat' dir='ltr'><strong><em>diaes</em></strong></span> <span class='ocrx_word' id='word_1_262' title='bbox 1841 1792 1924 1858; x_wconf 85' lang='lat' dir='ltr'><strong><em>dnos</em></strong></span> <span class='ocrx_word' id='word_1_263' title='bbox 1940 1792 2098 1873; x_wconf 89' lang='lat' dir='ltr'><strong><em>homines,</em></strong></span> <span class='ocrx_word' id='word_1_264' title='bbox 2120 1810 2168 1859; x_wconf 74' lang='lat' dir='ltr'><strong><em>riu</em></strong></span> 
     </span>
     <span class='ocr_line' id='line_1_19' title="bbox 145 1872 2169 1959; baseline 0 -17"><span class='ocrx_word' id='word_1_265' title='bbox 145 1878 265 1944; x_wconf 89' lang='lat' dir='ltr'><strong><em>tiaiiter</em></strong></span> <span class='ocrx_word' id='word_1_266' title='bbox 284 1877 416 1959; x_wconf 77' lang='lat' dir='ltr'><strong><em>tuturus</em></strong></span> <span class='ocrx_word' id='word_1_267' title='bbox 441 1879 476 1942; x_wconf 90' lang='lat' dir='ltr'><strong><em>in</em></strong></span> <span class='ocrx_word' id='word_1_268' title='bbox 498 1877 580 1957; x_wconf 92' lang='lat' dir='ltr'><strong><em>Deo,</em></strong></span> <span class='ocrx_word' id='word_1_269' title='bbox 606 1882 737 1959; x_wconf 82' lang='lat' dir='ltr'><strong><em>propter</em></strong></span> <span class='ocrx_word' id='word_1_270' title='bbox 764 1897 853 1958; x_wconf 78' lang='lat' dir='ltr'><strong><em>quan</em></strong></span> <span class='ocrx_word' id='word_1_271' title='bbox 881 1876 988 1941; x_wconf 89' lang='lat' dir='ltr'><strong><em>omnia</em></strong></span> <span class='ocrx_word' id='word_1_272' title='bbox 1015 1879 1044 1939; x_wconf 89' lang='lat' dir='ltr'><strong><em>et</em></strong></span> <span class='ocrx_word' id='word_1_273' title='bbox 1069 1894 1130 1956; x_wconf 88' lang='lat' dir='ltr'><strong><em>per</em></strong></span> <span class='ocrx_word' id='word_1_274' title='bbox 1180 1873 1260 1938; x_wconf 89' lang='lat' dir='ltr'><strong><em>duos</em></strong></span> <span class='ocrx_word' id='word_1_275' title='bbox 1289 1872 1382 1954; x_wconf 76' lang='lat' dir='ltr'><strong><em>hlios.</em></strong></span> <span class='ocrx_word' id='word_1_276' title='bbox 1453 1874 1584 1941; x_wconf 90' lang='lat' dir='ltr'><strong><em>Ostende</em></strong></span> <span class='ocrx_word' id='word_1_277' title='bbox 1614 1881 1662 1955; x_wconf 88' lang='lat' dir='ltr'><strong><em>tu,</em></strong></span> <span class='ocrx_word' id='word_1_278' title='bbox 1692 1877 1809 1944; x_wconf 84' lang='lat' dir='ltr'><strong><em>alieubi</em></strong></span> <span class='ocrx_word' id='word_1_279' title='bbox 1840 1880 1920 1958; x_wconf 89' lang='lat' dir='ltr'><strong><em>diei,</em></strong></span> <span class='ocrx_word' id='word_1_280' title='bbox 1957 1878 2071 1943; x_wconf 89' lang='lat' dir='ltr'><strong><em>Deum</em></strong></span> <span class='ocrx_word' id='word_1_281' title='bbox 2110 1898 2169 1944; x_wconf 85' lang='lat' dir='ltr'><strong><em>esse</em></strong></span> 
     </span>
     <span class='ocr_line' id='line_1_20' title="bbox 145 1959 2168 2047; baseline 0 -18"><span class='ocrx_word' id='word_1_282' title='bbox 145 1985 236 2047; x_wconf 77' lang='lat' dir='ltr'><strong><em>quem</em></strong></span> <span class='ocrx_word' id='word_1_283' title='bbox 264 1964 380 2029; x_wconf 82' lang='lat' dir='ltr'><strong><em>annia.</em></strong></span> <span class='ocrx_word' id='word_1_284' title='bbox 428 1963 563 2028; x_wconf 86' lang='lat' dir='ltr'><strong><em>Nullum</em></strong></span> <span class='ocrx_word' id='word_1_285' title='bbox 591 1968 658 2028; x_wconf 84' lang='lat' dir='ltr'><strong><em>erat</em></strong></span> <span class='ocrx_word' id='word_1_286' title='bbox 685 1964 721 2027; x_wconf 93' lang='lat' dir='ltr'><strong><em>in</em></strong></span> <span class='ocrx_word' id='word_1_287' title='bbox 742 1963 811 2029; x_wconf 92' lang='lat' dir='ltr'><strong><em>Deo</em></strong></span> <span class='ocrx_word' id='word_1_288' title='bbox 832 1967 1016 2041; x_wconf 89' lang='lat' dir='ltr'><strong><em>monstrum,</em></strong></span> <span class='ocrx_word' id='word_1_289' title='bbox 1038 1959 1129 2026; x_wconf 85' lang='lat' dir='ltr'><strong><em>nulla</em></strong></span> <span class='ocrx_word' id='word_1_290' title='bbox 1175 1964 1303 2041; x_wconf 89' lang='lat' dir='ltr'><strong><em>patrem</em></strong></span> <span class='ocrx_word' id='word_1_291' title='bbox 1323 1960 1452 2026; x_wconf 78' lang='lat' dir='ltr'><strong><em>deitatis</em></strong></span> <span class='ocrx_word' id='word_1_292' title='bbox 1471 1959 1598 2041; x_wconf 77' lang='lat' dir='ltr'><strong><em>Christi,</em></strong></span> <span class='ocrx_word' id='word_1_293' title='bbox 1619 1964 1702 2029; x_wconf 90' lang='lat' dir='ltr'><strong><em>sieut</em></strong></span> <span class='ocrx_word' id='word_1_294' title='bbox 1722 1968 1768 2028; x_wconf 91' lang='lat' dir='ltr'><strong><em>est</em></strong></span> <span class='ocrx_word' id='word_1_295' title='bbox 1782 1968 1878 2044; x_wconf 85' lang='lat' dir='ltr'><strong><em>pater</em></strong></span> <span class='ocrx_word' id='word_1_296' title='bbox 1897 1963 2032 2030; x_wconf 84' lang='lat' dir='ltr'><strong><em>Christi.</em></strong></span> <span class='ocrx_word' id='word_1_297' title='bbox 2067 1963 2168 2030; x_wconf 75' lang='lat' dir='ltr'><strong><em>Chris</em></strong></span> 
     </span>
     <span class='ocr_line' id='line_1_21' title="bbox 145 2044 2170 2135; baseline 0 -20"><span class='ocrx_word' id='word_1_298' title='bbox 145 2049 307 2130; x_wconf 83' lang='lat' dir='ltr'><strong><em>dissectio,</em></strong></span> <span class='ocrx_word' id='word_1_299' title='bbox 334 2049 425 2116; x_wconf 89' lang='lat' dir='ltr'><strong><em>nulla</em></strong></span> <span class='ocrx_word' id='word_1_300' title='bbox 451 2050 550 2115; x_wconf 89' lang='lat' dir='ltr'><strong><em>realis</em></strong></span> <span class='ocrx_word' id='word_1_301' title='bbox 577 2050 752 2115; x_wconf 81' lang='lat' dir='ltr'><strong><em>distinctio:</em></strong></span> <span class='ocrx_word' id='word_1_302' title='bbox 779 2049 833 2115; x_wconf 87' lang='lat' dir='ltr'><strong><em>sad</em></strong></span> <span class='ocrx_word' id='word_1_303' title='bbox 861 2049 968 2132; x_wconf 78' lang='lat' dir='ltr'><strong><em>ploria</em></strong></span> <span class='ocrx_word' id='word_1_304' title='bbox 1002 2051 1129 2112; x_wconf 89' lang='lat' dir='ltr'><strong><em>aeterna</em></strong></span> <span class='ocrx_word' id='word_1_305' title='bbox 1181 2051 1248 2108; x_wconf 90' lang='lat' dir='ltr'><strong><em>tum</em></strong></span> <span class='ocrx_word' id='word_1_306' title='bbox 1268 2064 1334 2110; x_wconf 91' lang='lat' dir='ltr'><strong><em>esse</em></strong></span> <span class='ocrx_word' id='word_1_307' title='bbox 1354 2044 1490 2111; x_wconf 88' lang='lat' dir='ltr'><strong><em>hominis</em></strong></span> <span class='ocrx_word' id='word_1_308' title='bbox 1511 2046 1702 2127; x_wconf 86' lang='lat' dir='ltr'><strong><em>voeabularn,</em></strong></span> <span class='ocrx_word' id='word_1_309' title='bbox 1723 2049 1853 2130; x_wconf 80' lang='lat' dir='ltr'><strong><em>fateris:</em></strong></span> <span class='ocrx_word' id='word_1_310' title='bbox 1875 2071 1950 2135; x_wconf 79' lang='lat' dir='ltr'><strong><em>erpo</em></strong></span> <span class='ocrx_word' id='word_1_311' title='bbox 1967 2049 2065 2116; x_wconf 88' lang='lat' dir='ltr'><strong><em>Deus</em></strong></span> <span class='ocrx_word' id='word_1_312' title='bbox 2080 2056 2170 2132; x_wconf 83' lang='lat' dir='ltr'><strong><em>pater</em></strong></span> 
     </span>
     <span class='ocr_line' id='line_1_22' title="bbox 145 2127 2169 2219; baseline 0 -19"><span class='ocrx_word' id='word_1_313' title='bbox 145 2135 285 2201; x_wconf 77' lang='lat' dir='ltr'><strong><em>taurinis</em></strong></span> <span class='ocrx_word' id='word_1_314' title='bbox 302 2134 381 2209; x_wconf 77' lang='lat' dir='ltr'><strong><em>Iesu</em></strong></span> <span class='ocrx_word' id='word_1_315' title='bbox 399 2134 526 2214; x_wconf 80' lang='lat' dir='ltr'><strong><em>bleristi,</em></strong></span> <span class='ocrx_word' id='word_1_316' title='bbox 547 2134 611 2217; x_wconf 74' lang='lat' dir='ltr'><strong><em>tilii</em></strong></span> <span class='ocrx_word' id='word_1_317' title='bbox 628 2134 702 2215; x_wconf 88' lang='lat' dir='ltr'><strong><em>Dei,</em></strong></span> <span class='ocrx_word' id='word_1_318' title='bbox 724 2136 760 2200; x_wconf 89' lang='lat' dir='ltr'><strong><em>in</em></strong></span> <span class='ocrx_word' id='word_1_319' title='bbox 781 2155 815 2199; x_wconf 92' lang='lat' dir='ltr'><strong><em>eo</em></strong></span> <span class='ocrx_word' id='word_1_320' title='bbox 833 2136 873 2199; x_wconf 91' lang='lat' dir='ltr'><strong><em>ab</em></strong></span> <span class='ocrx_word' id='word_1_321' title='bbox 890 2139 1021 2212; x_wconf 77' lang='lat' dir='ltr'><strong><em>aduno,</em></strong></span> <span class='ocrx_word' id='word_1_322' title='bbox 1044 2138 1073 2197; x_wconf 89' lang='grc' dir='ltr'><em>ει</em></span> <span class='ocrx_word' id='word_1_323' title='bbox 1093 2133 1129 2196; x_wconf 90' lang='lat' dir='ltr'><strong><em>in</em></strong></span> <span class='ocrx_word' id='word_1_324' title='bbox 1183 2127 1305 2196; x_wconf 88' lang='lat' dir='ltr'><strong><em>Christi</em></strong></span> <span class='ocrx_word' id='word_1_325' title='bbox 1326 2135 1371 2196; x_wconf 92' lang='lat' dir='ltr'><strong><em>est</em></strong></span> <span class='ocrx_word' id='word_1_326' title='bbox 1385 2136 1480 2213; x_wconf 86' lang='lat' dir='ltr'><strong><em>pater</em></strong></span> <span class='ocrx_word' id='word_1_327' title='bbox 1495 2132 1640 2213; x_wconf 90' lang='lat' dir='ltr'><strong><em>hominis,</em></strong></span> <span class='ocrx_word' id='word_1_328' title='bbox 1662 2133 1754 2200; x_wconf 91' lang='lat' dir='ltr'><strong><em>Deus</em></strong></span> <span class='ocrx_word' id='word_1_329' title='bbox 1769 2138 1893 2219; x_wconf 78' lang='lat' dir='ltr'><strong><em>penitor</em></strong></span> <span class='ocrx_word' id='word_1_330' title='bbox 1913 2137 2067 2202; x_wconf 83' lang='lat' dir='ltr'><strong><em>homi-nis</em></strong></span> <span class='ocrx_word' id='word_1_331' title='bbox 2106 2136 2169 2201; x_wconf 80' lang='lat' dir='ltr'><strong><em>Na·</em></strong></span> 
     </span>
     <span class='ocr_line' id='line_1_23' title="bbox 146 2215 2169 2303; baseline 0 -15"><span class='ocrx_word' id='word_1_332' title='bbox 146 2227 315 2301; x_wconf 63' lang='lat' dir='ltr'><strong><em>manum,</em></strong></span> <span class='ocrx_word' id='word_1_333' title='bbox 349 2221 560 2303; x_wconf 78' lang='lat' dir='ltr'><strong><em>personaliter</em></strong></span> <span class='ocrx_word' id='word_1_334' title='bbox 599 2227 627 2287; x_wconf 89' lang='lat' dir='ltr'><strong><em>et</em></strong></span> <span class='ocrx_word' id='word_1_335' title='bbox 665 2221 911 2286; x_wconf 76' lang='lat' dir='ltr'><strong><em>substantialiter</em></strong></span> <span class='ocrx_word' id='word_1_336' title='bbox 942 2219 1128 2284; x_wconf 77' lang='lat' dir='ltr'><strong><em>exsistentis.</em></strong></span> <span class='ocrx_word' id='word_1_337' title='bbox 1181 2215 1298 2281; x_wconf 89' lang='lat' dir='ltr'><strong><em>taralis</em></strong></span> <span class='ocrx_word' id='word_1_338' title='bbox 1322 2215 1411 2283; x_wconf 80' lang='lat' dir='ltr'><strong><em>honio</em></strong></span> <span class='ocrx_word' id='word_1_339' title='bbox 1436 2223 1617 2300; x_wconf 90' lang='lat' dir='ltr'><strong><em>natusest,</em></strong></span> <span class='ocrx_word' id='word_1_340' title='bbox 1645 2222 1805 2286; x_wconf 79' lang='lat' dir='ltr'><strong><em>naturalis</em></strong></span> <span class='ocrx_word' id='word_1_341' title='bbox 1831 2221 1921 2288; x_wconf 89' lang='lat' dir='ltr'><strong><em>homo</em></strong></span> <span class='ocrx_word' id='word_1_342' title='bbox 1947 2222 2059 2303; x_wconf 74' lang='lat' dir='ltr'><strong><em>filius,</em></strong></span> <span class='ocrx_word' id='word_1_343' title='bbox 2087 2222 2169 2288; x_wconf 87' lang='lat' dir='ltr'><strong><em>hono</em></strong></span> 
     </span>
     <span class='ocr_line' id='line_1_24' title="bbox 148 2303 2169 2391; baseline 0 -18"><span class='ocrx_word' id='word_1_344' title='bbox 148 2306 200 2374; x_wconf 77' lang='lat' dir='ltr'><strong><em>Sit</em></strong></span> <span class='ocrx_word' id='word_1_345' title='bbox 226 2312 324 2372; x_wconf 73' lang='lat' dir='ltr'><strong><em>neum</em></strong></span> <span class='ocrx_word' id='word_1_346' title='bbox 348 2307 441 2373; x_wconf 85' lang='lat' dir='ltr'><strong><em>Iesus</em></strong></span> <span class='ocrx_word' id='word_1_347' title='bbox 465 2304 623 2388; x_wconf 87' lang='lat' dir='ltr'><strong><em>Christus,</em></strong></span> <span class='ocrx_word' id='word_1_348' title='bbox 652 2311 687 2372; x_wconf 92' lang='lat' dir='ltr'><strong><em>ut</em></strong></span> <span class='ocrx_word' id='word_1_349' title='bbox 720 2309 826 2389; x_wconf 88' lang='lat' dir='ltr'><strong><em>ipsam</em></strong></span> <span class='ocrx_word' id='word_1_350' title='bbox 859 2306 930 2371; x_wconf 78' lang='lat' dir='ltr'><strong><em>beree</em></strong></span> <span class='ocrx_word' id='word_1_351' title='bbox 956 2323 1129 2389; x_wconf 73' lang='lat' dir='ltr'><strong><em>eoynoseas.</em></strong></span> <span class='ocrx_word' id='word_1_352' title='bbox 1181 2303 1371 2368; x_wconf 82' lang='lat' dir='ltr'><strong><em>naturaliter</em></strong></span> <span class='ocrx_word' id='word_1_353' title='bbox 1390 2305 1513 2388; x_wconf 76' lang='lat' dir='ltr'><strong><em>penitae</em></strong></span> <span class='ocrx_word' id='word_1_354' title='bbox 1534 2310 1580 2370; x_wconf 90' lang='lat' dir='ltr'><strong><em>est</em></strong></span> <span class='ocrx_word' id='word_1_355' title='bbox 1599 2306 1787 2372; x_wconf 88' lang='lat' dir='ltr'><strong><em>naturaliter</em></strong></span> <span class='ocrx_word' id='word_1_356' title='bbox 1808 2308 1904 2384; x_wconf 76' lang='lat' dir='ltr'><strong><em>tiliois.</em></strong></span> <span class='ocrx_word' id='word_1_357' title='bbox 1952 2308 1995 2373; x_wconf 85' lang='lat' dir='ltr'><strong><em>Si</em></strong></span> <span class='ocrx_word' id='word_1_358' title='bbox 2023 2310 2081 2374; x_wconf 88' lang='lat' dir='ltr'><strong><em>ille</em></strong></span> <span class='ocrx_word' id='word_1_359' title='bbox 2108 2311 2169 2391; x_wconf 85' lang='lat' dir='ltr'><strong><em>ipse</em></strong></span> 
     </span>
     <span class='ocr_line' id='line_1_25' title="bbox 147 2387 2169 2479; baseline 0.009 -35"><span class='ocrx_word' id='word_1_360' title='bbox 147 2392 261 2458; x_wconf 64' lang='lat' dir='ltr'><strong><em>Amen,</em></strong></span> <span class='ocrx_word' id='word_1_361' title='bbox 421 2402 424 2407; x_wconf 90' lang='lat'>·</span> <span class='ocrx_word' id='word_1_362' title='bbox 1182 2387 1273 2453; x_wconf 87' lang='lat' dir='ltr'><strong><em>Deus</em></strong></span> <span class='ocrx_word' id='word_1_363' title='bbox 1294 2409 1383 2455; x_wconf 91' lang='lat' dir='ltr'><strong><em>meus</em></strong></span> <span class='ocrx_word' id='word_1_364' title='bbox 1402 2395 1431 2455; x_wconf 84' lang='lat' dir='ltr'><strong><em>et</em></strong></span> <span class='ocrx_word' id='word_1_365' title='bbox 1445 2395 1540 2472; x_wconf 85' lang='lat' dir='ltr'><strong><em>pater</em></strong></span> <span class='ocrx_word' id='word_1_366' title='bbox 1561 2398 1606 2457; x_wconf 91' lang='lat' dir='ltr'><strong><em>est</em></strong></span> <span class='ocrx_word' id='word_1_367' title='bbox 1627 2391 1719 2458; x_wconf 89' lang='lat' dir='ltr'><strong><em>Deus</em></strong></span> <span class='ocrx_word' id='word_1_368' title='bbox 1739 2399 1839 2459; x_wconf 88' lang='lat' dir='ltr'><strong><em>vester</em></strong></span> <span class='ocrx_word' id='word_1_369' title='bbox 1859 2399 1889 2458; x_wconf 89' lang='lat' dir='ltr'><strong><em>et</em></strong></span> <span class='ocrx_word' id='word_1_370' title='bbox 1904 2397 2062 2479; x_wconf 85' lang='lat' dir='ltr'><strong><em>pater:⁴)</em></strong></span> <span class='ocrx_word' id='word_1_371' title='bbox 2085 2394 2169 2463; x_wconf 79' lang='lat' dir='ltr'><strong><em>Deus</em></strong></span> 
     </span>
     <span class='ocr_line' id='line_1_26' title="bbox 1182 2473 2169 2558; baseline 0.007 -19"><span class='ocrx_word' id='word_1_372' title='bbox 1182 2473 1322 2540; x_wconf 88' lang='lat' dir='ltr'><strong><em>hominis</em></strong></span> <span class='ocrx_word' id='word_1_373' title='bbox 1342 2480 1389 2541; x_wconf 90' lang='lat' dir='ltr'><strong><em>est</em></strong></span> <span class='ocrx_word' id='word_1_374' title='bbox 1403 2481 1498 2556; x_wconf 83' lang='lat' dir='ltr'><strong><em>pater</em></strong></span> <span class='ocrx_word' id='word_1_375' title='bbox 1516 2475 1667 2558; x_wconf 87' lang='lat' dir='ltr'><strong><em>hominis,</em></strong></span> <span class='ocrx_word' id='word_1_376' title='bbox 1690 2477 1781 2545; x_wconf 85' lang='lat' dir='ltr'><strong><em>Ioan</em></strong></span> <span class='ocrx_word' id='word_1_377' title='bbox 1803 2484 1861 2545; x_wconf 73' lang='lat'><strong><em>20.</em></strong></span> <span class='ocrx_word' id='word_1_378' title='bbox 1907 2479 1953 2544; x_wconf 91' lang='lat' dir='ltr'><strong><em>In</em></strong></span> <span class='ocrx_word' id='word_1_379' title='bbox 1978 2479 2110 2548; x_wconf 89' lang='lat' dir='ltr'><strong><em>Christo</em></strong></span> <span class='ocrx_word' id='word_1_380' title='bbox 2130 2484 2169 2546; x_wconf 79' lang='lat' dir='ltr'><strong><em>est</em></strong></span> 
     </span>
    </p>

    <p class='ocr_par' dir='ltr' id='par_1_3' title="bbox 1183 2560 2168 2646">
     <span class='ocr_line' id='line_1_27' title="bbox 1183 2560 2168 2646; baseline 0.007 -22"><span class='ocrx_word' id='word_1_381' title='bbox 1183 2560 1298 2641; x_wconf 79' lang='lat' dir='ltr'><strong><em>duplae</em></strong></span> <span class='ocrx_word' id='word_1_382' title='bbox 1316 2566 1442 2640; x_wconf 89' lang='lat' dir='ltr'><strong><em>natura,</em></strong></span> <span class='ocrx_word' id='word_1_383' title='bbox 1464 2563 1576 2629; x_wconf 86' lang='lat' dir='ltr'><strong><em>diuino</em></strong></span> <span class='ocrx_word' id='word_1_384' title='bbox 1592 2570 1622 2630; x_wconf 85' lang='lat' dir='ltr'><strong><em>et</em></strong></span> <span class='ocrx_word' id='word_1_385' title='bbox 1637 2563 1785 2646; x_wconf 89' lang='lat' dir='ltr'><strong><em>humana,</em></strong></span> <span class='ocrx_word' id='word_1_386' title='bbox 1803 2571 1916 2631; x_wconf 85' lang='lat' dir='ltr'><strong><em>neutra</em></strong></span> <span class='ocrx_word' id='word_1_387' title='bbox 1937 2571 2048 2633; x_wconf 89' lang='lat' dir='ltr'><strong><em>tamen</em></strong></span> <span class='ocrx_word' id='word_1_388' title='bbox 2066 2585 2168 2633; x_wconf 76' lang='lat' dir='ltr'><strong><em>menn</em></strong></span> 
     </span>
    </p>

    <p class='ocr_par' dir='ltr' id='par_1_4' title="bbox 1183 2645 2168 2733">
     <span class='ocr_line' id='line_1_28' title="bbox 1183 2645 2168 2733; baseline 0.009 -23"><span class='ocrx_word' id='word_1_389' title='bbox 1183 2651 1228 2711; x_wconf 92' lang='lat' dir='ltr'><strong><em>est</em></strong></span> <span class='ocrx_word' id='word_1_390' title='bbox 1253 2645 1357 2727; x_wconf 76' lang='lat' dir='ltr'><strong><em>filins,</em></strong></span> <span class='ocrx_word' id='word_1_391' title='bbox 1390 2648 1445 2714; x_wconf 87' lang='lat' dir='ltr'><strong><em>sed</em></strong></span> <span class='ocrx_word' id='word_1_392' title='bbox 1476 2649 1545 2731; x_wconf 89' lang='lat' dir='ltr'><strong><em>ipse</em></strong></span> <span class='ocrx_word' id='word_1_393' title='bbox 1573 2671 1612 2716; x_wconf 81' lang='lat' dir='ltr'><strong><em>ee</em></strong></span> <span class='ocrx_word' id='word_1_394' title='bbox 1638 2656 1771 2733; x_wconf 75' lang='lat' dir='ltr'><strong><em>unaque</em></strong></span> <span class='ocrx_word' id='word_1_395' title='bbox 1801 2656 1919 2717; x_wconf 91' lang='lat' dir='ltr'><strong><em>natura</em></strong></span> <span class='ocrx_word' id='word_1_396' title='bbox 1948 2658 2100 2720; x_wconf 82' lang='lat' dir='ltr'><strong><em>constans</em></strong></span> <span class='ocrx_word' id='word_1_397' title='bbox 2129 2656 2168 2719; x_wconf 80' lang='lat' dir='ltr'><strong><em>eet</em></strong></span> 
     </span>
    </p>

    <p class='ocr_par' dir='ltr' id='par_1_5' title="bbox 400 2731 2177 2824">
     <span class='ocr_line' id='line_1_29' title="bbox 400 2731 2177 2824; baseline 0.002 -25"><span class='ocrx_word' id='word_1_398' title='bbox 400 2731 634 2801; x_wconf 76' lang='lat' dir='ltr'>EPISTOLA</span> <span class='ocrx_word' id='word_1_399' title='bbox 656 2732 884 2802; x_wconf 80' lang='lat' dir='ltr'><strong><em>SECUNDA.</em></strong></span> <span class='ocrx_word' id='word_1_400' title='bbox 1185 2731 1329 2799; x_wconf 84' lang='lat' dir='ltr'><strong><em>Christus</em></strong></span> <span class='ocrx_word' id='word_1_401' title='bbox 1356 2738 1431 2813; x_wconf 78' lang='lat' dir='ltr'><strong><em>[pag.</em></strong></span> <span class='ocrx_word' id='word_1_402' title='bbox 1452 2739 1527 2815; x_wconf 78' lang='lat'>681]</span> <span class='ocrx_word' id='word_1_403' title='bbox 1553 2736 1643 2818; x_wconf 70' lang='lat' dir='ltr'><strong><em>filius</em></strong></span> <span class='ocrx_word' id='word_1_404' title='bbox 1669 2739 1863 2821; x_wconf 80' lang='lat' dir='ltr'><strong><em>unipenitus,</em></strong></span> <span class='ocrx_word' id='word_1_405' title='bbox 1889 2739 1986 2820; x_wconf 77' lang='lat' dir='ltr'><strong><em>filius</em></strong></span> <span class='ocrx_word' id='word_1_406' title='bbox 2006 2740 2120 2821; x_wconf 81' lang='lat' dir='ltr'><strong><em>patris</em></strong></span> <span class='ocrx_word' id='word_1_407' title='bbox 2143 2741 2177 2824; x_wconf 24' lang='lat' dir='ltr'><strong><em>et·</em></strong></span> 
     </span>
    </p>

    <p class='ocr_par' dir='ltr' id='par_1_6' title="bbox 1182 2819 2167 2902">
     <span class='ocr_line' id='line_1_30' title="bbox 1182 2819 2167 2902; baseline 0.01 -20"><span class='ocrx_word' id='word_1_408' title='bbox 1182 2819 1310 2899; x_wconf 79' lang='lat' dir='ltr'><strong><em>mauis,</em></strong></span> <span class='ocrx_word' id='word_1_409' title='bbox 1332 2821 1446 2886; x_wconf 71' lang='lat' dir='ltr'><strong><em>annus</em></strong></span> <span class='ocrx_word' id='word_1_410' title='bbox 1464 2821 1563 2902; x_wconf 72' lang='lat' dir='ltr'><strong><em>tilius.</em></strong></span> <span class='ocrx_word' id='word_1_411' title='bbox 1609 2821 1843 2891; x_wconf 78' lang='lat' dir='ltr'><strong><em>Similitudines</em></strong></span> <span class='ocrx_word' id='word_1_412' title='bbox 1869 2825 1959 2891; x_wconf 85' lang='lat' dir='ltr'><strong><em>oliae</em></strong></span> <span class='ocrx_word' id='word_1_413' title='bbox 1981 2832 2061 2891; x_wconf 89' lang='lat' dir='ltr'><strong><em>sunt</em></strong></span> <span class='ocrx_word' id='word_1_414' title='bbox 2081 2844 2167 2892; x_wconf 76' lang='lat' dir='ltr'><strong><em>rente·</em></strong></span> 
     </span>
    </p>

    <p class='ocr_par' dir='ltr' id='par_1_7' title="bbox 146 2903 2166 4707">
     <span class='ocr_line' id='line_1_31' title="bbox 234 2903 2166 2987; baseline 0.005 -17"><span class='ocrx_word' id='word_1_415' title='bbox 234 2903 456 2987; x_wconf 80' lang='lat' dir='ltr'><strong><em>Inemporeum</em></strong></span> <span class='ocrx_word' id='word_1_416' title='bbox 488 2927 509 2971; x_wconf 92' lang='lat' dir='ltr'><strong><em>a</em></strong></span> <span class='ocrx_word' id='word_1_417' title='bbox 537 2910 633 2987; x_wconf 80' lang='lat' dir='ltr'><strong><em>patre</em></strong></span> <span class='ocrx_word' id='word_1_418' title='bbox 670 2907 853 2973; x_wconf 74' lang='lat' dir='ltr'><strong><em>distinctum</em></strong></span> <span class='ocrx_word' id='word_1_419' title='bbox 884 2906 1002 2972; x_wconf 86' lang='lat' dir='ltr'><strong><em>reatem</em></strong></span> <span class='ocrx_word' id='word_1_420' title='bbox 1040 2906 1132 2970; x_wconf 86' lang='lat' dir='ltr'><strong><em>illum</em></strong></span> <span class='ocrx_word' id='word_1_421' title='bbox 1181 2905 1289 2983; x_wconf 90' lang='lat' dir='ltr'><strong><em>tiores,</em></strong></span> <span class='ocrx_word' id='word_1_422' title='bbox 1317 2911 1353 2971; x_wconf 90' lang='lat' dir='ltr'><strong><em>ut</em></strong></span> <span class='ocrx_word' id='word_1_423' title='bbox 1378 2907 1480 2972; x_wconf 89' lang='lat' dir='ltr'><strong><em>deitas</em></strong></span> <span class='ocrx_word' id='word_1_424' title='bbox 1503 2907 1600 2973; x_wconf 84' lang='lat' dir='ltr'><strong><em>vineit</em></strong></span> <span class='ocrx_word' id='word_1_425' title='bbox 1625 2910 1661 2973; x_wconf 91' lang='lat' dir='ltr'><strong><em>in</em></strong></span> <span class='ocrx_word' id='word_1_426' title='bbox 1681 2911 1832 2976; x_wconf 75' lang='lat' dir='ltr'><strong><em>omnihm.</em></strong></span> <span class='ocrx_word' id='word_1_427' title='bbox 1880 2910 2026 2977; x_wconf 85' lang='lat' dir='ltr'><strong><em>Ratione</em></strong></span> <span class='ocrx_word' id='word_1_428' title='bbox 2049 2910 2166 2979; x_wconf 76' lang='lat' dir='ltr'><strong><em>deitatis</em></strong></span> 
     </span>
     <span class='ocr_line' id='line_1_32' title="bbox 146 2990 2165 3077; baseline 0.003 -17"><span class='ocrx_word' id='word_1_429' title='bbox 146 2991 340 3060; x_wconf 81' lang='lat' dir='ltr'><strong><em>invisibilem</em></strong></span> <span class='ocrx_word' id='word_1_430' title='bbox 363 2991 483 3072; x_wconf 71' lang='lat' dir='ltr'><strong><em>pilium,</em></strong></span> <span class='ocrx_word' id='word_1_431' title='bbox 509 2996 537 3056; x_wconf 89' lang='lat' dir='ltr'><strong><em>et</em></strong></span> <span class='ocrx_word' id='word_1_432' title='bbox 562 2991 691 3057; x_wconf 90' lang='lat' dir='ltr'><strong><em>radium</em></strong></span> <span class='ocrx_word' id='word_1_433' title='bbox 718 2992 856 3058; x_wconf 76' lang='lat' dir='ltr'><strong><em>deeiunn</em></strong></span> <span class='ocrx_word' id='word_1_434' title='bbox 877 2992 935 3057; x_wconf 89' lang='lat' dir='ltr'><strong><em>tibi</em></strong></span> <span class='ocrx_word' id='word_1_435' title='bbox 955 2992 1133 3075; x_wconf 86' lang='lat' dir='ltr'><strong><em>persuades</em></strong></span> <span class='ocrx_word' id='word_1_436' title='bbox 1182 2995 1228 3056; x_wconf 91' lang='grc' dir='ltr'><strong><em>εει</em></strong></span> <span class='ocrx_word' id='word_1_437' title='bbox 1247 2990 1298 3056; x_wconf 88' lang='lat' dir='ltr'><strong><em>hie</em></strong></span> <span class='ocrx_word' id='word_1_438' title='bbox 1317 2992 1415 3075; x_wconf 91' lang='lat' dir='ltr'><strong><em>lapis,</em></strong></span> <span class='ocrx_word' id='word_1_439' title='bbox 1436 2993 1492 3060; x_wconf 86' lang='lat' dir='ltr'><strong><em>boo</em></strong></span> <span class='ocrx_word' id='word_1_440' title='bbox 1512 3013 1638 3075; x_wconf 89' lang='lat' dir='ltr'><strong><em>aarum,</em></strong></span> <span class='ocrx_word' id='word_1_441' title='bbox 1660 2995 1743 3061; x_wconf 87' lang='lat' dir='ltr'><strong><em>illud</em></strong></span> <span class='ocrx_word' id='word_1_442' title='bbox 1762 2996 1900 3077; x_wconf 72' lang='lat' dir='ltr'><strong><em>funem:</em></strong></span> <span class='ocrx_word' id='word_1_443' title='bbox 1933 3003 1970 3063; x_wconf 90' lang='lat' dir='ltr'><strong><em>at</em></strong></span> <span class='ocrx_word' id='word_1_444' title='bbox 1992 3019 2059 3065; x_wconf 90' lang='lat' dir='ltr'><strong><em>non</em></strong></span> <span class='ocrx_word' id='word_1_445' title='bbox 2077 2998 2165 3065; x_wconf 70' lang='lat' dir='ltr'><strong><em>solen</em></strong></span> 
     </span>
     <span class='ocr_line' id='line_1_33' title="bbox 147 3075 2164 3165; baseline 0.002 -19"><span class='ocrx_word' id='word_1_446' title='bbox 147 3099 187 3146; x_wconf 83' lang='lat' dir='ltr'><strong><em>eu</em></strong></span> <span class='ocrx_word' id='word_1_447' title='bbox 211 3076 330 3158; x_wconf 88' lang='lat' dir='ltr'><strong><em>Paulo,</em></strong></span> <span class='ocrx_word' id='word_1_448' title='bbox 357 3077 414 3158; x_wconf 78' lang='lat' dir='ltr'><strong><em>qui</em></strong></span> <span class='ocrx_word' id='word_1_449' title='bbox 438 3075 598 3143; x_wconf 87' lang='lat' dir='ltr'><strong><em>Christum</em></strong></span> <span class='ocrx_word' id='word_1_450' title='bbox 624 3079 672 3143; x_wconf 90' lang='lat' dir='ltr'><strong><em>ait</em></strong></span> <span class='ocrx_word' id='word_1_451' title='bbox 698 3097 764 3144; x_wconf 89' lang='lat' dir='ltr'><strong><em>osse</em></strong></span> <span class='ocrx_word' id='word_1_452' title='bbox 783 3078 922 3163; x_wconf 73' lang='lat' dir='ltr'><strong><em>peninum</em></strong></span> <span class='ocrx_word' id='word_1_453' title='bbox 949 3097 988 3144; x_wconf 84' lang='lat' dir='ltr'><strong><em>ea</em></strong></span> <span class='ocrx_word' id='word_1_454' title='bbox 1016 3078 1133 3144; x_wconf 91' lang='lat' dir='ltr'><strong><em>semine</em></strong></span> <span class='ocrx_word' id='word_1_455' title='bbox 1183 3077 1335 3158; x_wconf 69' lang='lat' dir='ltr'><strong><em>deitatem</em></strong></span> <span class='ocrx_word' id='word_1_456' title='bbox 1352 3079 1567 3160; x_wconf 88' lang='lat' dir='ltr'><strong><em>sedidtotum,</em></strong></span> <span class='ocrx_word' id='word_1_457' title='bbox 1578 3081 1713 3162; x_wconf 85' lang='lat' dir='ltr'><strong><em>proprie</em></strong></span> <span class='ocrx_word' id='word_1_458' title='bbox 1721 3082 1859 3148; x_wconf 89' lang='lat' dir='ltr'><strong><em>dioimus</em></strong></span> <span class='ocrx_word' id='word_1_459' title='bbox 1877 3085 2034 3165; x_wconf 75' lang='lat' dir='ltr'><strong><em>lapidera,</em></strong></span> <span class='ocrx_word' id='word_1_460' title='bbox 2051 3102 2164 3159; x_wconf 71' lang='lat' dir='ltr'><strong><em>annm,</em></strong></span> 
     </span>
     <span class='ocr_line' id='line_1_34' title="bbox 148 3163 2165 3253; baseline 0.001 -22"><span class='ocrx_word' id='word_1_461' title='bbox 148 3163 291 3231; x_wconf 84' lang='lat' dir='ltr'><strong><em>Doridis</em></strong></span> <span class='ocrx_word' id='word_1_462' title='bbox 316 3163 486 3229; x_wconf 87' lang='lat' dir='ltr'><strong><em>seeundum</em></strong></span> <span class='ocrx_word' id='word_1_463' title='bbox 508 3183 636 3230; x_wconf 89' lang='lat' dir='ltr'><strong><em>earnem</em></strong></span> <span class='ocrx_word' id='word_1_464' title='bbox 656 3163 716 3229; x_wconf 85' lang='lat' dir='ltr'><strong><em>Ro.</em></strong></span> <span class='ocrx_word' id='word_1_465' title='bbox 742 3168 771 3230; x_wconf 87' lang='lat'><strong><em>1.</em></strong></span> <span class='ocrx_word' id='word_1_466' title='bbox 823 3163 910 3231; x_wconf 84' lang='lat' dir='ltr'><strong><em>Unde</em></strong></span> <span class='ocrx_word' id='word_1_467' title='bbox 938 3185 960 3230; x_wconf 91' lang='lat' dir='ltr'><strong><em>a</em></strong></span> <span class='ocrx_word' id='word_1_468' title='bbox 987 3165 1067 3246; x_wconf 88' lang='lat' dir='ltr'><strong><em>pari</em></strong></span> <span class='ocrx_word' id='word_1_469' title='bbox 1097 3170 1133 3231; x_wconf 91' lang='lat' dir='ltr'><strong><em>tu</em></strong></span> <span class='ocrx_word' id='word_1_470' title='bbox 1183 3163 1231 3230; x_wconf 89' lang='lat' dir='ltr'><strong><em>oet</em></strong></span> <span class='ocrx_word' id='word_1_471' title='bbox 1250 3164 1381 3245; x_wconf 80' lang='lat' dir='ltr'><strong><em>ferrum</em></strong></span> <span class='ocrx_word' id='word_1_472' title='bbox 1425 3164 1510 3232; x_wconf 83' lang='lat' dir='ltr'><strong><em>Dore</em></strong></span> <span class='ocrx_word' id='word_1_473' title='bbox 1529 3186 1599 3245; x_wconf 91' lang='lat' dir='ltr'><strong><em>nos,</em></strong></span> <span class='ocrx_word' id='word_1_474' title='bbox 1621 3167 1654 3232; x_wconf 90' lang='lat' dir='ltr'><strong><em>si</em></strong></span> <span class='ocrx_word' id='word_1_475' title='bbox 1668 3172 1772 3249; x_wconf 86' lang='lat' dir='ltr'><strong><em>potes,</em></strong></span> <span class='ocrx_word' id='word_1_476' title='bbox 1793 3169 1940 3235; x_wconf 82' lang='lat' dir='ltr'><strong><em>deitatem</em></strong></span> <span class='ocrx_word' id='word_1_477' title='bbox 1962 3170 2074 3249; x_wconf 78' lang='lat' dir='ltr'><strong><em>illam,</em></strong></span> <span class='ocrx_word' id='word_1_478' title='bbox 2098 3187 2165 3253; x_wconf 78' lang='lat' dir='ltr'><strong><em>quae</em></strong></span> 
     </span>
     <span class='ocr_line' id='line_1_35' title="bbox 148 3248 2163 3334; baseline 0.002 -18"><span class='ocrx_word' id='word_1_479' title='bbox 148 3250 264 3332; x_wconf 73' lang='lat' dir='ltr'><strong><em>infers:</em></strong></span> <span class='ocrx_word' id='word_1_480' title='bbox 327 3248 416 3316; x_wconf 79' lang='lat' dir='ltr'><strong><em>Sient</em></strong></span> <span class='ocrx_word' id='word_1_481' title='bbox 456 3248 601 3315; x_wconf 84' lang='lat' dir='ltr'><strong><em>Christus</em></strong></span> <span class='ocrx_word' id='word_1_482' title='bbox 646 3250 766 3316; x_wconf 78' lang='lat' dir='ltr'><strong><em>rabiem</em></strong></span> <span class='ocrx_word' id='word_1_483' title='bbox 802 3254 938 3316; x_wconf 73' lang='lat' dir='ltr'><strong><em>natam</em></strong></span> <span class='ocrx_word' id='word_1_484' title='bbox 975 3250 1133 3317; x_wconf 83' lang='lat' dir='ltr'><strong><em>hunmnae</em></strong></span> <span class='ocrx_word' id='word_1_485' title='bbox 1184 3251 1296 3324; x_wconf 89' lang='lat' dir='ltr'><strong><em>estin</em></strong></span> <span class='ocrx_word' id='word_1_486' title='bbox 1320 3249 1456 3331; x_wconf 90' lang='lat' dir='ltr'><strong><em>Christo,</em></strong></span> <span class='ocrx_word' id='word_1_487' title='bbox 1489 3251 1609 3318; x_wconf 81' lang='lat' dir='ltr'><strong><em>aliaebi</em></strong></span> <span class='ocrx_word' id='word_1_488' title='bbox 1639 3253 1705 3320; x_wconf 87' lang='lat' dir='ltr'><strong><em>diei</em></strong></span> <span class='ocrx_word' id='word_1_489' title='bbox 1731 3253 1845 3334; x_wconf 80' lang='lat' dir='ltr'><strong><em>tilium</em></strong></span> <span class='ocrx_word' id='word_1_490' title='bbox 1892 3254 1938 3320; x_wconf 91' lang='lat' dir='ltr'><strong><em>In</em></strong></span> <span class='ocrx_word' id='word_1_491' title='bbox 1964 3255 2095 3323; x_wconf 76' lang='lat' dir='ltr'><strong><em>Christo</em></strong></span> <span class='ocrx_word' id='word_1_492' title='bbox 2114 3274 2163 3320; x_wconf 84' lang='lat' dir='ltr'><strong><em>non</em></strong></span> 
     </span>
     <span class='ocr_line' id='line_1_36' title="bbox 147 3334 2163 3423; baseline 0.002 -22"><span class='ocrx_word' id='word_1_493' title='bbox 147 3336 238 3417; x_wconf 69' lang='lat' dir='ltr'><strong><em>[ilites</em></strong></span> <span class='ocrx_word' id='word_1_494' title='bbox 259 3334 401 3401; x_wconf 79' lang='lat' dir='ltr'><strong><em>Doridis</em></strong></span> <span class='ocrx_word' id='word_1_495' title='bbox 428 3337 624 3416; x_wconf 90' lang='lat' dir='ltr'><strong><em>nominatur,</em></strong></span> <span class='ocrx_word' id='word_1_496' title='bbox 655 3337 703 3403; x_wconf 90' lang='lat' dir='ltr'><strong><em>ita</em></strong></span> <span class='ocrx_word' id='word_1_497' title='bbox 730 3337 825 3402; x_wconf 91' lang='lat' dir='ltr'><strong><em>etiam</em></strong></span> <span class='ocrx_word' id='word_1_498' title='bbox 851 3336 973 3402; x_wconf 90' lang='lat' dir='ltr'><strong><em>ratione</em></strong></span> <span class='ocrx_word' id='word_1_499' title='bbox 998 3341 1133 3403; x_wconf 90' lang='lat' dir='ltr'><strong><em>naturae</em></strong></span> <span class='ocrx_word' id='word_1_500' title='bbox 1184 3341 1230 3404; x_wconf 90' lang='lat' dir='ltr'><strong><em>est</em></strong></span> <span class='ocrx_word' id='word_1_501' title='bbox 1245 3357 1312 3402; x_wconf 92' lang='lat' dir='ltr'><strong><em>una</em></strong></span> <span class='ocrx_word' id='word_1_502' title='bbox 1328 3337 1419 3403; x_wconf 88' lang='lat' dir='ltr'><strong><em>illius</em></strong></span> <span class='ocrx_word' id='word_1_503' title='bbox 1435 3339 1571 3404; x_wconf 71' lang='lat' dir='ltr'><strong><em>tentorii</em></strong></span> <span class='ocrx_word' id='word_1_504' title='bbox 1581 3339 1696 3420; x_wconf 86' lang='lat' dir='ltr'><strong><em>portio,</em></strong></span> <span class='ocrx_word' id='word_1_505' title='bbox 1717 3343 1753 3404; x_wconf 90' lang='lat' dir='ltr'><strong><em>ut</em></strong></span> <span class='ocrx_word' id='word_1_506' title='bbox 1769 3342 1829 3421; x_wconf 90' lang='lat' dir='ltr'><strong><em>ais,</em></strong></span> <span class='ocrx_word' id='word_1_507' title='bbox 1851 3342 1908 3407; x_wconf 90' lang='lat' dir='ltr'><strong><em>sed</em></strong></span> <span class='ocrx_word' id='word_1_508' title='bbox 1924 3345 1993 3408; x_wconf 92' lang='lat' dir='ltr'><strong><em>tota</em></strong></span> <span class='ocrx_word' id='word_1_509' title='bbox 2009 3340 2163 3423; x_wconf 68' lang='lat' dir='ltr'><strong><em>domest)</em></strong></span> 
     </span>
     <span class='ocr_line' id='line_1_37' title="bbox 148 3421 2163 3511; baseline 0.002 -23"><span class='ocrx_word' id='word_1_510' title='bbox 148 3422 277 3488; x_wconf 87' lang='lat' dir='ltr'><strong><em>diuinae</em></strong></span> <span class='ocrx_word' id='word_1_511' title='bbox 295 3421 387 3502; x_wconf 80' lang='lat' dir='ltr'><strong><em>tilius</em></strong></span> <span class='ocrx_word' id='word_1_512' title='bbox 408 3425 454 3486; x_wconf 91' lang='lat' dir='ltr'><strong><em>est</em></strong></span> <span class='ocrx_word' id='word_1_513' title='bbox 474 3422 547 3488; x_wconf 80' lang='lat' dir='ltr'><strong><em>Dei.</em></strong></span> <span class='ocrx_word' id='word_1_514' title='bbox 593 3421 685 3488; x_wconf 81' lang='lat' dir='ltr'><strong><em>Reate</em></strong></span> <span class='ocrx_word' id='word_1_515' title='bbox 711 3423 840 3504; x_wconf 78' lang='lat' dir='ltr'><strong><em>quidun</em></strong></span> <span class='ocrx_word' id='word_1_516' title='bbox 860 3423 970 3506; x_wconf 79' lang='lat' dir='ltr'><strong><em>infers.</em></strong></span> <span class='ocrx_word' id='word_1_517' title='bbox 1015 3422 1060 3488; x_wconf 84' lang='lat' dir='ltr'><strong><em>Et</em></strong></span> <span class='ocrx_word' id='word_1_518' title='bbox 1081 3444 1133 3506; x_wconf 79' lang='lat' dir='ltr'><strong><em>epo</em></strong></span> <span class='ocrx_word' id='word_1_519' title='bbox 1179 3423 1360 3507; x_wconf 78' lang='lat' dir='ltr'><strong><em>plenitudo.-</em></strong></span> <span class='ocrx_word' id='word_1_520' title='bbox 1386 3443 1458 3507; x_wconf 80' lang='lat' dir='ltr'><strong><em>erpo</em></strong></span> <span class='ocrx_word' id='word_1_521' title='bbox 1479 3425 1516 3490; x_wconf 91' lang='lat' dir='ltr'><strong><em>in</em></strong></span> <span class='ocrx_word' id='word_1_522' title='bbox 1537 3444 1571 3490; x_wconf 92' lang='lat' dir='ltr'><strong><em>eo</em></strong></span> <span class='ocrx_word' id='word_1_523' title='bbox 1592 3445 1654 3489; x_wconf 93' lang='lat' dir='ltr'><strong><em>non</em></strong></span> <span class='ocrx_word' id='word_1_524' title='bbox 1675 3430 1721 3491; x_wconf 90' lang='lat' dir='ltr'><strong><em>est</em></strong></span> <span class='ocrx_word' id='word_1_525' title='bbox 1741 3426 1861 3508; x_wconf 80' lang='lat' dir='ltr'><strong><em>aliquis</em></strong></span> <span class='ocrx_word' id='word_1_526' title='bbox 1879 3428 1990 3510; x_wconf 74' lang='lat' dir='ltr'><strong><em>filius,</em></strong></span> <span class='ocrx_word' id='word_1_527' title='bbox 2018 3430 2078 3495; x_wconf 87' lang='lat' dir='ltr'><strong><em>sed</em></strong></span> <span class='ocrx_word' id='word_1_528' title='bbox 2096 3429 2163 3511; x_wconf 81' lang='lat' dir='ltr'><strong><em>ipse·</em></strong></span> 
     </span>
     <span class='ocr_line' id='line_1_38' title="bbox 148 3507 2162 3684; baseline 0.002 -26"><span class='ocrx_word' id='word_1_529' title='bbox 148 3507 473 3672; x_wconf 54' lang='lat' dir='ltr'><strong><em>“atterunt</em></strong></span> <span class='ocrx_word' id='word_1_530' title='bbox 493 3507 627 3659; x_wconf 46' lang='lat' dir='ltr'><strong><em>me</em></strong></span> <span class='ocrx_word' id='word_1_531' title='bbox 647 3507 1134 3677; x_wconf 60' lang='lat' dir='ltr'><strong><em>ttttttttttttttt</em></strong></span> <span class='ocrx_word' id='word_1_532' title='bbox 1184 3508 1870 3679; x_wconf 62' lang='lat' dir='ltr'><strong><em>ttttttotthhttttitt</em></strong></span> <span class='ocrx_word' id='word_1_533' title='bbox 1886 3514 2162 3684; x_wconf 66' lang='lat' dir='ltr'><strong><em>astuta</em></strong></span> 
     </span>
     <span class='ocr_line' id='line_1_39' title="bbox 148 3673 2162 3765; baseline 0.003 -22"><span class='ocrx_word' id='word_1_534' title='bbox 148 3678 248 3759; x_wconf 73' lang='lat' dir='ltr'><strong><em>filnes.</em></strong></span> <span class='ocrx_word' id='word_1_535' title='bbox 300 3677 409 3757; x_wconf 86' lang='lat' dir='ltr'><strong><em>Vides,</em></strong></span> <span class='ocrx_word' id='word_1_536' title='bbox 442 3678 577 3760; x_wconf 76' lang='lat' dir='ltr'><strong><em>qualeter</em></strong></span> <span class='ocrx_word' id='word_1_537' title='bbox 609 3680 644 3744; x_wconf 89' lang='lat' dir='ltr'><strong><em>in</em></strong></span> <span class='ocrx_word' id='word_1_538' title='bbox 674 3685 703 3744; x_wconf 91' lang='lat' dir='ltr'><strong><em>te</em></strong></span> <span class='ocrx_word' id='word_1_539' title='bbox 736 3681 870 3745; x_wconf 86' lang='lat' dir='ltr'><strong><em>vertitur</em></strong></span> <span class='ocrx_word' id='word_1_540' title='bbox 905 3687 1133 3765; x_wconf 80' lang='lat' dir='ltr'><strong><em>arpumentum.</em></strong></span> <span class='ocrx_word' id='word_1_541' title='bbox 1182 3681 1293 3763; x_wconf 78' lang='lat' dir='ltr'><strong><em>facitis</em></strong></span> <span class='ocrx_word' id='word_1_542' title='bbox 1311 3680 1381 3745; x_wconf 86' lang='lat' dir='ltr'><strong><em>sine</em></strong></span> <span class='ocrx_word' id='word_1_543' title='bbox 1402 3681 1525 3748; x_wconf 90' lang='lat' dir='ltr'><strong><em>homine</em></strong></span> <span class='ocrx_word' id='word_1_544' title='bbox 1544 3682 1677 3765; x_wconf 68' lang='lat' dir='ltr'><strong><em>pilium?</em></strong></span> <span class='ocrx_word' id='word_1_545' title='bbox 1711 3681 1816 3750; x_wconf 76' lang='lat' dir='ltr'><strong><em>Error</em></strong></span> <span class='ocrx_word' id='word_1_546' title='bbox 1836 3673 2003 3752; x_wconf 68' lang='lat' dir='ltr'><strong><em>manimius</em></strong></span> <span class='ocrx_word' id='word_1_547' title='bbox 2025 3692 2080 3752; x_wconf 88' lang='lat' dir='ltr'><strong><em>est.</em></strong></span> <span class='ocrx_word' id='word_1_548' title='bbox 2112 3683 2162 3750; x_wconf 79' lang='lat' dir='ltr'><strong><em>Er-</em></strong></span> 
     </span>
     <span class='ocr_line' id='line_1_40' title="bbox 153 3763 2161 3856; baseline 0.002 -28"><span class='ocrx_word' id='word_1_549' title='bbox 153 3764 232 3829; x_wconf 78' lang='lat' dir='ltr'><strong><em>Tres</em></strong></span> <span class='ocrx_word' id='word_1_550' title='bbox 264 3763 384 3845; x_wconf 77' lang='lat' dir='ltr'><strong><em>alioqui</em></strong></span> <span class='ocrx_word' id='word_1_551' title='bbox 407 3768 481 3842; x_wconf 78' lang='lat' dir='ltr'><strong><em>[pag.</em></strong></span> <span class='ocrx_word' id='word_1_552' title='bbox 505 3769 580 3843; x_wconf 83' lang='lat'>580]</span> <span class='ocrx_word' id='word_1_553' title='bbox 613 3764 703 3830; x_wconf 78' lang='lat' dir='ltr'><strong><em>riobis</em></strong></span> <span class='ocrx_word' id='word_1_554' title='bbox 734 3767 818 3847; x_wconf 69' lang='lat' dir='ltr'><strong><em>tilios</em></strong></span> <span class='ocrx_word' id='word_1_555' title='bbox 848 3766 956 3848; x_wconf 78' lang='lat' dir='ltr'><strong><em>facies.</em></strong></span> <span class='ocrx_word' id='word_1_556' title='bbox 1003 3768 1134 3832; x_wconf 88' lang='lat' dir='ltr'><strong><em>Natura</em></strong></span> <span class='ocrx_word' id='word_1_557' title='bbox 1184 3767 1272 3832; x_wconf 87' lang='lat' dir='ltr'><strong><em>roris</em></strong></span> <span class='ocrx_word' id='word_1_558' title='bbox 1298 3787 1428 3832; x_wconf 88' lang='lat' dir='ltr'><strong><em>oausam</em></strong></span> <span class='ocrx_word' id='word_1_559' title='bbox 1437 3768 1466 3851; x_wconf 85' lang='lat'><strong><em>⁷)</em></strong></span> <span class='ocrx_word' id='word_1_560' title='bbox 1499 3769 1625 3835; x_wconf 88' lang='lat' dir='ltr'><strong><em>sioelis</em></strong></span> <span class='ocrx_word' id='word_1_561' title='bbox 1645 3769 1774 3849; x_wconf 90' lang='lat' dir='ltr'><strong><em>audire,</em></strong></span> <span class='ocrx_word' id='word_1_562' title='bbox 1790 3772 1909 3852; x_wconf 87' lang='lat' dir='ltr'><strong><em>paneis</em></strong></span> <span class='ocrx_word' id='word_1_563' title='bbox 1945 3793 2002 3856; x_wconf 80' lang='lat' dir='ltr'><strong><em>epa</em></strong></span> <span class='ocrx_word' id='word_1_564' title='bbox 2031 3773 2161 3855; x_wconf 70' lang='lat' dir='ltr'><strong><em>reseram</em></strong></span> 
     </span>
     <span class='ocr_line' id='line_1_41' title="bbox 150 3849 2162 3941; baseline 0.003 -27"><span class='ocrx_word' id='word_1_565' title='bbox 150 3849 291 3915; x_wconf 78' lang='lat' dir='ltr'><strong><em>hunmrea</em></strong></span> <span class='ocrx_word' id='word_1_566' title='bbox 312 3854 357 3915; x_wconf 91' lang='lat' dir='ltr'><strong><em>est</em></strong></span> <span class='ocrx_word' id='word_1_567' title='bbox 376 3849 434 3915; x_wconf 87' lang='lat' dir='ltr'><strong><em>tibi</em></strong></span> <span class='ocrx_word' id='word_1_568' title='bbox 453 3849 552 3930; x_wconf 67' lang='lat' dir='ltr'><strong><em>pilius,</em></strong></span> <span class='ocrx_word' id='word_1_569' title='bbox 573 3855 690 3916; x_wconf 89' lang='lat' dir='ltr'><strong><em>natura</em></strong></span> <span class='ocrx_word' id='word_1_570' title='bbox 711 3851 823 3916; x_wconf 87' lang='lat' dir='ltr'><strong><em>diuina</em></strong></span> <span class='ocrx_word' id='word_1_571' title='bbox 844 3857 889 3916; x_wconf 89' lang='lat' dir='ltr'><strong><em>est</em></strong></span> <span class='ocrx_word' id='word_1_572' title='bbox 910 3852 967 3917; x_wconf 89' lang='lat' dir='ltr'><strong><em>tihi</em></strong></span> <span class='ocrx_word' id='word_1_573' title='bbox 986 3853 1084 3932; x_wconf 79' lang='lat' dir='ltr'><strong><em>tilius,</em></strong></span> <span class='ocrx_word' id='word_1_574' title='bbox 1106 3858 1134 3919; x_wconf 90' lang='lat' dir='ltr'><strong><em>et</em></strong></span> <span class='ocrx_word' id='word_1_575' title='bbox 1188 3850 1347 3918; x_wconf 88' lang='lat' dir='ltr'><strong><em>Christum</em></strong></span> <span class='ocrx_word' id='word_1_576' title='bbox 1366 3854 1468 3935; x_wconf 78' lang='lat' dir='ltr'><strong><em>fuisse</em></strong></span> <span class='ocrx_word' id='word_1_577' title='bbox 1494 3855 1582 3938; x_wconf 87' lang='lat' dir='ltr'><strong><em>apud</em></strong></span> <span class='ocrx_word' id='word_1_578' title='bbox 1602 3853 1709 3920; x_wconf 88' lang='lat' dir='ltr'><strong><em>Deum</em></strong></span> <span class='ocrx_word' id='word_1_579' title='bbox 1731 3857 1878 3941; x_wconf 76' lang='lat' dir='ltr'><strong><em>tepentes,</em></strong></span> <span class='ocrx_word' id='word_1_580' title='bbox 1905 3863 1935 3921; x_wconf 90' lang='lat' dir='ltr'><strong><em>et</em></strong></span> <span class='ocrx_word' id='word_1_581' title='bbox 1965 3863 2123 3925; x_wconf 86' lang='lat' dir='ltr'><strong><em>aeternam</em></strong></span> <span class='ocrx_word' id='word_1_582' title='bbox 2140 3855 2162 3920; x_wconf 90' lang='lat' dir='ltr'><strong><em>ei</em></strong></span> 
     </span>
     <span class='ocr_line' id='line_1_42' title="bbox 149 3933 2162 4028; baseline 0.003 -27"><span class='ocrx_word' id='word_1_583' title='bbox 149 3940 230 4001; x_wconf 88' lang='lat' dir='ltr'><strong><em>totas</em></strong></span> <span class='ocrx_word' id='word_1_584' title='bbox 250 3935 319 4018; x_wconf 89' lang='lat' dir='ltr'><strong><em>ipse</em></strong></span> <span class='ocrx_word' id='word_1_585' title='bbox 342 3933 488 4001; x_wconf 87' lang='lat' dir='ltr'><strong><em>Christus</em></strong></span> <span class='ocrx_word' id='word_1_586' title='bbox 511 3935 609 4016; x_wconf 63' lang='lat' dir='ltr'><strong><em>illua.</em></strong></span> <span class='ocrx_word' id='word_1_587' title='bbox 657 3935 696 4002; x_wconf 76' lang='lat' dir='ltr'><strong><em>st</em></strong></span> <span class='ocrx_word' id='word_1_588' title='bbox 719 3936 818 4003; x_wconf 86' lang='lat' dir='ltr'><strong><em>Pauli</em></strong></span> <span class='ocrx_word' id='word_1_589' title='bbox 845 3939 1134 4021; x_wconf 79' lang='lat' dir='ltr'><strong><em>aequiparationem</em></strong></span> <span class='ocrx_word' id='word_1_590' title='bbox 1185 3939 1285 4003; x_wconf 84' lang='lat' dir='ltr'><strong><em>tribui</em></strong></span> <span class='ocrx_word' id='word_1_591' title='bbox 1319 3942 1547 4022; x_wconf 77' lang='lat' dir='ltr'><strong><em>perierationem</em></strong></span> <span class='ocrx_word' id='word_1_592' title='bbox 1581 3941 1725 4008; x_wconf 86' lang='lat' dir='ltr'><strong><em>divinam</em></strong></span> <span class='ocrx_word' id='word_1_593' title='bbox 1763 3943 1929 4007; x_wconf 69' lang='lat' dir='ltr'><strong><em>audantes</em></strong></span> <span class='ocrx_word' id='word_1_594' title='bbox 1968 3939 2162 4028; x_wconf 82' lang='lat' dir='ltr'><strong><em>metaphpsui</em></strong></span> 
     </span>
     <span class='ocr_line' id='line_1_43' title="bbox 149 4019 2161 4197; baseline 0.004 -25"><span class='ocrx_word' id='word_1_595' title='bbox 149 4019 522 4189; x_wconf 59' lang='lat' dir='ltr'><strong><em>triennale</em></strong></span> <span class='ocrx_word' id='word_1_596' title='bbox 537 4021 1007 4175; x_wconf 52' lang='lat' dir='ltr'><strong><em>intentabant</em></strong></span> <span class='ocrx_word' id='word_1_597' title='bbox 1024 4045 1134 4175; x_wconf 71' lang='lat' dir='ltr'><strong><em>nto</em></strong></span> <span class='ocrx_word' id='word_1_598' title='bbox 1185 4024 1720 4179; x_wconf 61' lang='lat' dir='ltr'><strong><em>tttttntttthttth</em></strong></span> <span class='ocrx_word' id='word_1_599' title='bbox 1737 4025 2161 4197; x_wconf 61' lang='lat' dir='ltr'><strong><em>tttttttthtt</em></strong></span> 
     </span>
     <span class='ocr_line' id='line_1_44' title="bbox 148 4130 2160 4284; baseline 0.004 -26"><span class='ocrx_word' id='word_1_600' title='bbox 148 4192 254 4273; x_wconf 77' lang='lat' dir='ltr'><strong><em>tilium</em></strong></span> <span class='ocrx_word' id='word_1_601' title='bbox 270 4193 344 4259; x_wconf 90' lang='lat' dir='ltr'><strong><em>Dei.</em></strong></span> <span class='ocrx_word' id='word_1_602' title='bbox 389 4193 435 4258; x_wconf 86' lang='lat' dir='ltr'><strong><em>At</em></strong></span> <span class='ocrx_word' id='word_1_603' title='bbox 455 4194 591 4275; x_wconf 88' lang='lat' dir='ltr'><strong><em>spiritus</em></strong></span> <span class='ocrx_word' id='word_1_604' title='bbox 610 4159 729 4261; x_wconf 80' lang='lat' dir='ltr'><strong><em>Christi</em></strong></span> <span class='ocrx_word' id='word_1_605' title='bbox 749 4215 812 4260; x_wconf 91' lang='lat' dir='ltr'><strong><em>non</em></strong></span> <span class='ocrx_word' id='word_1_606' title='bbox 832 4196 951 4262; x_wconf 90' lang='lat' dir='ltr'><strong><em>dieitur</em></strong></span> <span class='ocrx_word' id='word_1_607' title='bbox 971 4130 1022 4260; x_wconf 58' lang='lat' dir='ltr'><strong><em>ibh&#39;)</em></strong></span> <span class='ocrx_word' id='word_1_608' title='bbox 1035 4197 1134 4278; x_wconf 76' lang='lat' dir='ltr'><strong><em>filins,</em></strong></span> <span class='ocrx_word' id='word_1_609' title='bbox 1185 4201 1269 4261; x_wconf 88' lang='lat' dir='ltr'><strong><em>runt.</em></strong></span> <span class='ocrx_word' id='word_1_610' title='bbox 1313 4195 1475 4265; x_wconf 86' lang='lat' dir='ltr'><strong><em>Draoonis</em></strong></span> <span class='ocrx_word' id='word_1_611' title='bbox 1493 4198 1559 4281; x_wconf 79' lang='lat' dir='ltr'><strong><em>fuit</em></strong></span> <span class='ocrx_word' id='word_1_612' title='bbox 1576 4198 1650 4265; x_wconf 87' lang='lat' dir='ltr'><strong><em>haee</em></strong></span> <span class='ocrx_word' id='word_1_613' title='bbox 1670 4199 1785 4281; x_wconf 80' lang='lat' dir='ltr'><strong><em>triceps</em></strong></span> <span class='ocrx_word' id='word_1_614' title='bbox 1806 4199 1929 4282; x_wconf 86' lang='lat' dir='ltr'><strong><em>illusio,</em></strong></span> <span class='ocrx_word' id='word_1_615' title='bbox 1960 4224 2046 4284; x_wconf 79' lang='lat' dir='ltr'><strong><em>quae</em></strong></span> <span class='ocrx_word' id='word_1_616' title='bbox 2071 4204 2105 4267; x_wconf 86' lang='lat' dir='ltr'><strong><em>in</em></strong></span> <span class='ocrx_word' id='word_1_617' title='bbox 2124 4218 2160 4267; x_wconf 81' lang='lat' dir='ltr'><strong><em>so</em></strong></span> 
     </span>
     <span class='ocr_line' id='line_1_45' title="bbox 150 4279 2160 4370; baseline 0.004 -26"><span class='ocrx_word' id='word_1_618' title='bbox 150 4279 207 4344; x_wconf 86' lang='lat' dir='ltr'><strong><em>sed</em></strong></span> <span class='ocrx_word' id='word_1_619' title='bbox 227 4284 272 4344; x_wconf 91' lang='lat' dir='ltr'><strong><em>est</em></strong></span> <span class='ocrx_word' id='word_1_620' title='bbox 293 4298 356 4362; x_wconf 88' lang='lat' dir='ltr'><strong><em>per</em></strong></span> <span class='ocrx_word' id='word_1_621' title='bbox 381 4280 532 4359; x_wconf 87' lang='lat' dir='ltr'><strong><em>spiritum</em></strong></span> <span class='ocrx_word' id='word_1_622' title='bbox 558 4280 609 4345; x_wconf 90' lang='lat' dir='ltr'><strong><em>hie</em></strong></span> <span class='ocrx_word' id='word_1_623' title='bbox 629 4280 718 4347; x_wconf 18' lang='lat' dir='ltr'><strong><em>atomo</em></strong></span> <span class='ocrx_word' id='word_1_624' title='bbox 738 4281 917 4347; x_wconf 77' lang='lat' dir='ltr'><strong><em>declarabas</em></strong></span> <span class='ocrx_word' id='word_1_625' title='bbox 935 4282 1034 4362; x_wconf 71' lang='lat' dir='ltr'><strong><em>filius.</em></strong></span> <span class='ocrx_word' id='word_1_626' title='bbox 1082 4282 1134 4347; x_wconf 86' lang='lat' dir='ltr'><strong><em>Si·</em></strong></span> <span class='ocrx_word' id='word_1_627' title='bbox 1181 4282 1308 4364; x_wconf 87' lang='lat' dir='ltr'><strong><em>phistas</em></strong></span> <span class='ocrx_word' id='word_1_628' title='bbox 1326 4283 1421 4364; x_wconf 82' lang='lat' dir='ltr'><strong><em>faeile</em></strong></span> <span class='ocrx_word' id='word_1_629' title='bbox 1441 4285 1580 4367; x_wconf 84' lang='lat' dir='ltr'><strong><em>irrepsit,</em></strong></span> <span class='ocrx_word' id='word_1_630' title='bbox 1601 4285 1737 4351; x_wconf 85' lang='lat' dir='ltr'><strong><em>instante</em></strong></span> <span class='ocrx_word' id='word_1_631' title='bbox 1756 4306 1850 4370; x_wconf 78' lang='lat' dir='ltr'><strong><em>repno</em></strong></span> <span class='ocrx_word' id='word_1_632' title='bbox 1872 4287 2080 4355; x_wconf 79' lang='lat' dir='ltr'><strong><em>Aritiehristi.</em></strong></span> <span class='ocrx_word' id='word_1_633' title='bbox 2118 4285 2160 4352; x_wconf 74' lang='lat' dir='ltr'><strong><em>a</em></strong></span> 
     </span>
     <span class='ocr_line' id='line_1_46' title="bbox 150 4364 2161 4455; baseline 0.003 -27"><span class='ocrx_word' id='word_1_634' title='bbox 150 4364 222 4428; x_wconf 87' lang='lat' dir='ltr'><strong><em>mili</em></strong></span> <span class='ocrx_word' id='word_1_635' title='bbox 241 4364 398 4430; x_wconf 83' lang='lat' dir='ltr'><strong><em>dioisimee</em></strong></span> <span class='ocrx_word' id='word_1_636' title='bbox 417 4366 519 4430; x_wconf 89' lang='lat' dir='ltr'><strong><em>utitur</em></strong></span> <span class='ocrx_word' id='word_1_637' title='bbox 542 4365 670 4432; x_wconf 89' lang='lat' dir='ltr'><strong><em>Petrus:</em></strong></span> <span class='ocrx_word' id='word_1_638' title='bbox 692 4366 904 4448; x_wconf 82' lang='lat' dir='ltr'><strong><em>Mortitieatus</em></strong></span> <span class='ocrx_word' id='word_1_639' title='bbox 925 4373 971 4433; x_wconf 91' lang='lat' dir='ltr'><strong><em>est</em></strong></span> <span class='ocrx_word' id='word_1_640' title='bbox 990 4367 1136 4434; x_wconf 87' lang='lat' dir='ltr'><strong><em>Christus</em></strong></span> <span class='ocrx_word' id='word_1_641' title='bbox 1188 4389 1250 4434; x_wconf 90' lang='lat' dir='ltr'><strong><em>non</em></strong></span> <span class='ocrx_word' id='word_1_642' title='bbox 1271 4369 1374 4452; x_wconf 75' lang='lat' dir='ltr'><strong><em>lepisti</em></strong></span> <span class='ocrx_word' id='word_1_643' title='bbox 1395 4370 1440 4434; x_wconf 88' lang='lat' dir='ltr'><strong><em>ibi</em></strong></span> <span class='ocrx_word' id='word_1_644' title='bbox 1461 4372 1613 4453; x_wconf 84' lang='lat' dir='ltr'><strong><em>spiritam</em></strong></span> <span class='ocrx_word' id='word_1_645' title='bbox 1634 4372 1794 4450; x_wconf 75' lang='lat' dir='ltr'><strong><em>dracones,</em></strong></span> <span class='ocrx_word' id='word_1_646' title='bbox 1817 4374 1972 4454; x_wconf 88' lang='lat' dir='ltr'><strong><em>spiritum</em></strong></span> <span class='ocrx_word' id='word_1_647' title='bbox 1990 4375 2117 4455; x_wconf 87' lang='lat' dir='ltr'><strong><em>bestiae,</em></strong></span> <span class='ocrx_word' id='word_1_648' title='bbox 2140 4372 2161 4434; x_wconf 83' lang='lat' dir='ltr'><strong><em>d</em></strong></span> 
     </span>
     <span class='ocr_line' id='line_1_47' title="bbox 150 4450 2161 4540; baseline 0.002 -23"><span class='ocrx_word' id='word_1_649' title='bbox 150 4470 253 4530; x_wconf 86' lang='lat' dir='ltr'><strong><em>earne,</em></strong></span> <span class='ocrx_word' id='word_1_650' title='bbox 275 4450 453 4532; x_wconf 74' lang='lat' dir='ltr'><strong><em>vivificatus</em></strong></span> <span class='ocrx_word' id='word_1_651' title='bbox 471 4453 601 4532; x_wconf 86' lang='lat' dir='ltr'><strong><em>spirita.</em></strong></span> <span class='ocrx_word' id='word_1_652' title='bbox 647 4451 806 4535; x_wconf 81' lang='lat' dir='ltr'><strong><em>Spiritum</em></strong></span> <span class='ocrx_word' id='word_1_653' title='bbox 829 4452 946 4519; x_wconf 89' lang='lat' dir='ltr'><strong><em>Christi</em></strong></span> <span class='ocrx_word' id='word_1_654' title='bbox 967 4474 1029 4519; x_wconf 90' lang='lat' dir='ltr'><strong><em>non</em></strong></span> <span class='ocrx_word' id='word_1_655' title='bbox 1050 4460 1137 4520; x_wconf 82' lang='lat' dir='ltr'><strong><em>meat</em></strong></span> <span class='ocrx_word' id='word_1_656' title='bbox 1187 4455 1337 4539; x_wconf 88' lang='lat' dir='ltr'><strong><em>spiritum</em></strong></span> <span class='ocrx_word' id='word_1_657' title='bbox 1363 4457 1649 4540; x_wconf 86' lang='lat' dir='ltr'><strong><em>pseudoprophetae</em></strong></span> <span class='ocrx_word' id='word_1_658' title='bbox 1683 4463 1747 4524; x_wconf 91' lang='lat' dir='ltr'><strong><em>tres</em></strong></span> <span class='ocrx_word' id='word_1_659' title='bbox 1778 4459 1942 4539; x_wconf 79' lang='lat' dir='ltr'><strong><em>spiritus?</em></strong></span> <span class='ocrx_word' id='word_1_660' title='bbox 1992 4463 2072 4527; x_wconf 81' lang='lat' dir='ltr'><strong><em>Tres</em></strong></span> <span class='ocrx_word' id='word_1_661' title='bbox 2104 4458 2161 4527; x_wconf 79' lang='lat' dir='ltr'><strong><em>sent</em></strong></span> 
     </span>
     <span class='ocr_line' id='line_1_48' title="bbox 150 4535 1135 4621; baseline 0.005 -21"><span class='ocrx_word' id='word_1_662' title='bbox 150 4535 263 4615; x_wconf 78' lang='lat' dir='ltr'><strong><em>tilium.</em></strong></span> <span class='ocrx_word' id='word_1_663' title='bbox 309 4537 365 4602; x_wconf 86' lang='lat' dir='ltr'><strong><em>Ad</em></strong></span> <span class='ocrx_word' id='word_1_664' title='bbox 391 4538 473 4602; x_wconf 86' lang='lat' dir='ltr'><strong><em>idone</em></strong></span> <span class='ocrx_word' id='word_1_665' title='bbox 495 4542 527 4602; x_wconf 80' lang='lat'><strong><em>2.</em></strong></span> <span class='ocrx_word' id='word_1_666' title='bbox 554 4537 708 4604; x_wconf 83' lang='lat' dir='ltr'><strong><em>Cor.13:</em></strong></span> <span class='ocrx_word' id='word_1_667' title='bbox 737 4538 919 4619; x_wconf 72' lang='lat' dir='ltr'><strong><em>Crneidreus</em></strong></span> <span class='ocrx_word' id='word_1_668' title='bbox 940 4560 979 4605; x_wconf 84' lang='lat' dir='ltr'><strong><em>ea</em></strong></span> <span class='ocrx_word' id='word_1_669' title='bbox 1000 4541 1135 4621; x_wconf 76' lang='lat' dir='ltr'><strong><em>indemi-</em></strong></span> 
     </span>
     <span class='ocr_line' id='line_1_49' title="bbox 152 4622 1136 4707; baseline 0.008 -22"><span class='ocrx_word' id='word_1_670' title='bbox 152 4624 213 4685; x_wconf 91' lang='lat' dir='ltr'><strong><em>tate</em></strong></span> <span class='ocrx_word' id='word_1_671' title='bbox 233 4622 310 4687; x_wconf 90' lang='lat' dir='ltr'><strong><em>oioit</em></strong></span> <span class='ocrx_word' id='word_1_672' title='bbox 339 4641 378 4687; x_wconf 84' lang='lat' dir='ltr'><strong><em>ea</em></strong></span> <span class='ocrx_word' id='word_1_673' title='bbox 398 4624 511 4690; x_wconf 83' lang='lat' dir='ltr'><strong><em>virtute</em></strong></span> <span class='ocrx_word' id='word_1_674' title='bbox 530 4624 603 4690; x_wconf 90' lang='lat' dir='ltr'><strong><em>Dei.</em></strong></span> <span class='ocrx_word' id='word_1_675' title='bbox 652 4625 754 4707; x_wconf 74' lang='lat' dir='ltr'><strong><em>Quam</em></strong></span> <span class='ocrx_word' id='word_1_676' title='bbox 776 4626 921 4691; x_wconf 86' lang='lat' dir='ltr'><strong><em>virtutem</em></strong></span> <span class='ocrx_word' id='word_1_677' title='bbox 952 4632 1070 4692; x_wconf 91' lang='lat' dir='ltr'><strong><em>eonstat</em></strong></span> <span class='ocrx_word' id='word_1_678' title='bbox 1090 4626 1136 4692; x_wconf 89' lang='lat' dir='ltr'><strong><em>ibi</em></strong></span> 
     </span>
    </p>
   </div>
   <div class='ocr_carea' id='block_1_3' title="bbox 1257 4676 1872 4878">
    <p class='ocr_par' dir='ltr' id='par_1_8' title="bbox 1257 4676 1872 4878">
     <span class='ocr_line' id='line_1_50' title="bbox 1258 4676 1872 4813; baseline 0.007 -82"><span class='ocrx_word' id='word_1_679' title='bbox 1258 4676 1288 4813; x_wconf 59' lang='lat'><strong><em>13</em></strong></span> <span class='ocrx_word' id='word_1_680' title='bbox 1307 4677 1366 4746; x_wconf 79' lang='lat' dir='ltr'><strong><em>Qua</em></strong></span> <span class='ocrx_word' id='word_1_681' title='bbox 1383 4680 1482 4733; x_wconf 81' lang='lat' dir='ltr'><strong><em>virtute</em></strong></span> <span class='ocrx_word' id='word_1_682' title='bbox 1500 4686 1609 4735; x_wconf 78' lang='lat' dir='ltr'><strong><em>constat</em></strong></span> <span class='ocrx_word' id='word_1_683' title='bbox 1626 4696 1680 4736; x_wconf 87' lang='lat' dir='ltr'><strong><em>non</em></strong></span> <span class='ocrx_word' id='word_1_684' title='bbox 1698 4696 1759 4736; x_wconf 85' lang='lat' dir='ltr'><strong><em>esso</em></strong></span> <span class='ocrx_word' id='word_1_685' title='bbox 1778 4679 1872 4737; x_wconf 75' lang='lat' dir='ltr'><strong><em>tilium,</em></strong></span> 
     </span>
     <span class='ocr_line' id='line_1_51' title="bbox 1257 4745 1513 4814; baseline 0.02 -16"><span class='ocrx_word' id='word_1_686' title='bbox 1257 4745 1513 4814; x_wconf 53' lang='lat' dir='ltr'><strong><em>ifflmffl.</em></strong></span> 
     </span>
     <span class='ocr_line' id='line_1_52' title="bbox 1257 4814 1496 4878; baseline 0.013 -10"><span class='ocrx_word' id='word_1_687' title='bbox 1257 4814 1496 4878; x_wconf 58' lang='lat' dir='ltr'><strong><em>mmmm</em></strong></span> 
     </span>
    </p>
   </div>
   <div class='ocr_carea' id='block_1_4' title="bbox 221 4883 2156 5226">
    <p class='ocr_par' dir='ltr' id='par_1_9' title="bbox 221 4883 2156 5226">
     <span class='ocr_line' id='line_1_53' title="bbox 1257 4883 2156 4957; baseline 0.011 -21"><span class='ocrx_word' id='word_1_688' title='bbox 1257 4883 1288 4951; x_wconf 81' lang='lat'><strong><em>4)</em></strong></span> <span class='ocrx_word' id='word_1_689' title='bbox 1313 4884 1343 4938; x_wconf 85' lang='lat' dir='ltr'><strong><em>Si</em></strong></span> <span class='ocrx_word' id='word_1_690' title='bbox 1368 4885 1414 4940; x_wconf 88' lang='lat' dir='ltr'><strong><em>ille</em></strong></span> <span class='ocrx_word' id='word_1_691' title='bbox 1441 4887 1500 4955; x_wconf 84' lang='lat' dir='ltr'><strong><em>ipse</em></strong></span> <span class='ocrx_word' id='word_1_692' title='bbox 1522 4885 1597 4942; x_wconf 83' lang='lat' dir='ltr'><strong><em>Deus</em></strong></span> <span class='ocrx_word' id='word_1_693' title='bbox 1626 4902 1702 4943; x_wconf 82' lang='lat' dir='ltr'><strong><em>meus</em></strong></span> <span class='ocrx_word' id='word_1_694' title='bbox 1729 4894 1757 4944; x_wconf 87' lang='lat' dir='ltr'><strong><em>et</em></strong></span> <span class='ocrx_word' id='word_1_695' title='bbox 1783 4894 1879 4957; x_wconf 76' lang='lat' dir='ltr'><strong><em>pater,</em></strong></span> <span class='ocrx_word' id='word_1_696' title='bbox 1910 4895 1956 4946; x_wconf 81' lang='lat' dir='ltr'><strong><em>est</em></strong></span> <span class='ocrx_word' id='word_1_697' title='bbox 1982 4891 2056 4947; x_wconf 84' lang='lat' dir='ltr'><strong><em>Deus</em></strong></span> <span class='ocrx_word' id='word_1_698' title='bbox 2082 4898 2156 4945; x_wconf 73' lang='lat' dir='ltr'><strong><em>vester</em></strong></span> 
     </span>
     <span class='ocr_line' id='line_1_54' title="bbox 223 4943 1343 5024; baseline 0.009 -27"><span class='ocrx_word' id='word_1_699' title='bbox 223 4943 418 5014; x_wconf 56' lang='lat' dir='ltr'><strong><em>mmm</em></strong></span> <span class='ocrx_word' id='word_1_700' title='bbox 1188 4958 1343 5024; x_wconf 57' lang='lat' dir='ltr'><strong><em>mn,</em></strong></span> 
     </span>
     <span class='ocr_line' id='line_1_55' title="bbox 221 5011 1365 5089; baseline 0.009 -23"><span class='ocrx_word' id='word_1_701' title='bbox 221 5011 253 5078; x_wconf 79' lang='lat'><strong><em>2)</em></strong></span> <span class='ocrx_word' id='word_1_702' title='bbox 271 5013 334 5067; x_wconf 90' lang='lat' dir='ltr'><strong><em>olim</em></strong></span> <span class='ocrx_word' id='word_1_703' title='bbox 352 5029 402 5067; x_wconf 93' lang='lat' dir='ltr'><strong><em>om.</em></strong></span> <span class='ocrx_word' id='word_1_704' title='bbox 1257 5020 1288 5089; x_wconf 83' lang='lat'><strong><em>5)</em></strong></span> <span class='ocrx_word' id='word_1_705' title='bbox 1306 5021 1365 5077; x_wconf 88' lang='lat' dir='ltr'><strong><em>Dei.</em></strong></span> 
     </span>
     <span class='ocr_line' id='line_1_56' title="bbox 222 5079 1447 5155; baseline 0.009 -21"><span class='ocrx_word' id='word_1_706' title='bbox 222 5079 253 5147; x_wconf 85' lang='lat'><strong><em>3)</em></strong></span> <span class='ocrx_word' id='word_1_707' title='bbox 273 5083 461 5149; x_wconf 83' lang='lat' dir='ltr'><strong><em>personaliter.</em></strong></span> <span class='ocrx_word' id='word_1_708' title='bbox 1258 5090 1287 5155; x_wconf 89' lang='grc'><strong><em>6)</em></strong></span> <span class='ocrx_word' id='word_1_709' title='bbox 1307 5091 1447 5147; x_wconf 83' lang='lat' dir='ltr'><strong><em>doceatur.</em></strong></span> 
     </span>
     <span class='ocr_line' id='line_1_57' title="bbox 222 5148 1447 5226; baseline 0.01 -24"><span class='ocrx_word' id='word_1_710' title='bbox 222 5148 254 5219; x_wconf 82' lang='lat'><strong><em>4)</em></strong></span> <span class='ocrx_word' id='word_1_711' title='bbox 274 5165 400 5219; x_wconf 78' lang='lat' dir='ltr'><strong><em>persona</em></strong></span> <span class='ocrx_word' id='word_1_712' title='bbox 1259 5158 1289 5226; x_wconf 80' lang='grc'><strong><em>7)</em></strong></span> <span class='ocrx_word' id='word_1_713' title='bbox 1307 5161 1447 5217; x_wconf 79' lang='lat' dir='ltr'><strong><em>rationem.</em></strong></span> 
     </span>
    </p>
   </div>
   <div class='ocr_carea' id='block_1_5' title="bbox 0 0 2314 5894">
    <p class='ocr_par' dir='ltr' id='par_1_10' title="bbox 0 0 2314 5894">
     <span class='ocr_line' id='line_1_58' title="bbox 0 0 2314 5894; baseline 0 0"><span class='ocrx_word' id='word_1_714' title='bbox 0 0 2314 5894; x_wconf 95' lang='lat' dir='ltr'><strong><em> </em></strong></span> 
     </span>
    </p>
   </div>
  </div>
 </body>
</html>
