4620 5894
197 256 239 320 43
913 308 916 313 .
1016 248 1081 315 DE
1103 247 1378 317 SOANDALIS.
1844 304 1849 312 .
2164 254 2207 321 44

196 440 382 508 habebatur
403 439 539 504 deorum
560 444 772 521 contemptor.
805 438 892 502 Nam
913 459 1015 520 quum
1027 436 1176 503 carnales
1227 437 1354 503 malitia
1374 438 1520 504 obruunt
1531 447 1566 503 et
1581 439 1808 524 exstinguunt,
1832 459 1887 506 eos
1899 439 2061 506 vellemus
2072 441 2206 524 impune

195 528 259 593 sibi
275 524 355 591 deos
371 528 547 610 fingerent,
568 523 651 587 nihil
669 524 799 589 facilius
816 531 890 589 erat
906 544 1006 608 quam
1017 522 1176 603 religione
1227 522 1300 588 Deo
1321 522 1481 589 illudere?
1525 523 1623 605 Quod
1653 527 1680 590 si
1703 527 1815 590 Deum
1839 534 2048 609 contemptae
2078 526 2130 591 vel
2150 526 2206 592 ab·

197 613 340 697 defungi.
376 610 479 694 Atqui
501 608 659 687 videmus,
682 616 720 675 ut
741 611 861 677 aeriter
881 610 919 673 in
941 609 1102 675 derisores
1125 608 1176 672 in·
1227 609 1331 674 ieotae
1364 630 1445 674 suae
1478 610 1606 693 gratiae
1638 632 1790 676 severum
1827 630 1900 675 esse
1933 609 2099 677 vindicem
2133 610 2206 695 plus

197 697 363 763 vehantur
392 695 584 780 prophetae:
618 693 704 777 quod
731 695 847 776 procul
882 694 982 760 dubio
1009 715 1076 759 non
1104 695 1175 758 sine
1228 713 1328 776 quam
1346 714 1488 777 aequum
1510 704 1571 772 est,
1593 718 1653 761 our
1674 697 1744 762 eius
1766 696 1948 774 vindictae,
1977 716 2062 781 quae
2083 698 2120 761 in
2141 699 2207 780 pri·

198 782 355 868 gravibus
381 782 488 847 causis
515 780 650 846 faciunt.
701 780 750 844 lllr
773 801 792 845 o
819 781 990 864 impietas,
1024 800 1107 862 quae
1140 798 1176 844 se
1227 780 1291 844 mis
1318 779 1485 845 laudanda
1513 789 1579 858 ost,
1607 782 1759 863 exempla
1785 790 1958 847 cernentes
1984 781 2205 848 offendimur?

198 869 371 936 exserebat
391 868 427 932 in
436 867 500 932 Dei
517 865 662 941 ecclesia,
683 801 773 947 apud
787 865 973 932 incredulos
993 864 1086 930 nulla
1108 865 1176 928 fere
1227 864 1301 928 Ima
1323 865 1432 946 potius
1453 864 1601 944 decebat,
1627 876 1666 930 ut
1691 867 1759 930 iam
1781 866 1865 944 dixi,
1896 867 1992 933 sicuti
2019 867 2082 933 hoc
2112 866 2206 934 modo

197 962 277 1021 tunc
299 952 460 1037 apparuit.
494 954 549 1016 An
569 950 644 1015 ideo
657 950 766 1034 legem
787 950 1022 1034 etprophetias
1044 948 1177 1015 flabella
1228 949 1393 1034 evangelii
1414 952 1621 1017 maiestatem
1639 951 1756 1017 asserit
1766 951 1868 1029 Deus,
1891 953 1938 1016 ita
1959 953 2030 1018 eius
2052 974 2206 1019 reveren·

199 1038 336 1106 adeam
359 1037 567 1103 excitandam
590 1037 691 1101 fuisso
713 1036 880 1102 dicemus?
924 1038 979 1101 Au
1001 1033 1074 1100 ideo
1091 1056 1177 1118 pura
1228 1036 1311 1101 tiam
1340 1037 1376 1099 in
1404 1036 1523 1101 animis
1550 1037 1674 1102 nostris
1701 1037 1831 1102 sanciri.
1874 1037 2115 1123 Evangelium,
2143 1058 2206 1124 quo
2267 1037 2274 1047 ”

199 1126 329 1210 religio,
358 1143 442 1206 quae
471 1120 613 1206 hydram
638 1121 731 1187 illam
757 1123 792 1186 in
818 1122 927 1188 lucem
955 1121 1175 1205 protrahebat,
1228 1143 1264 1186 se
1286 1120 1380 1186 nobis
1408 1123 1443 1186 in
1465 1118 1525 1186 filii
1548 1142 1689 1203 persona
1715 1124 1811 1187 offert
1838 1144 1876 1189 ao
1898 1122 2015 1202 donat,
2045 1124 2206 1208 quomodo

198 1212 335 1277 minoris
357 1207 566 1275 censebitur?
611 1206 825 1288 Quinetiam
844 1208 881 1271 in
898 1209 971 1291 ipsa
988 1207 1052 1272 Dei
1074 1206 1176 1272 eccle-
1229 1206 1309 1272 satis
1337 1205 1436 1291 digne
1464 1208 1572 1290 excipi
1599 1207 1728 1289 potest?
1775 1209 1878 1292 Atqui
1905 1213 1979 1287 [pag.
1999 1212 2053 1289 54]
2083 1210 2206 1275 incom-

198 1298 262 1375 sia,
291 1318 357 1361 non
380 1294 444 1360 nisi
465 1303 540 1378 post
560 1301 676 1357 natum
699 1292 802 1370 Isaac,
823 1293 974 1359 ismaelis
995 1312 1120 1358 sannae
1141 1313 1177 1358 se
1228 1291 1409 1374 parabilem
1443 1292 1534 1357 hunc
1565 1293 1758 1358 thesaurum
1791 1293 1921 1378 vulgari
1954 1295 2080 1360 honore
2113 1294 2206 1360 multi

196 1383 377 1466 proferunt.
412 1378 480 1461 Qui
502 1386 600 1445 autea
617 1378 781 1444 secundus
803 1392 875 1444 erat
896 1401 916 1443 a
937 1387 1050 1444 saneto
1070 1378 1177 1444 Abra·
1229 1380 1288 1446 vix
1315 1377 1512 1463 dignantur:
1541 1376 1599 1441 alii
1626 1376 1784 1443 abiiciunt
1811 1377 1866 1467 ad,
1880 1379 1993 1462 pedes,
2026 1379 2083 1444 alii
2113 1381 2206 1446 vania

197 1467 306 1545 hamo,
330 1474 467 1550 repente
489 1466 526 1529 in
547 1463 744 1535 sceleratum¹
764 1465 890 1548 gratiae
912 1465 976 1529 Dei
997 1462 1177 1529 ludibrium
1228 1463 1343 1529 mundi
1366 1463 1485 1530 delitiis
1515 1484 1629 1529 secure
1651 1463 1869 1546 posthabent:
1896 1465 1992 1529 multi
2012 1466 2114 1531 etiam
2134 1474 2206 1530 tan-

198 1553 357 1636 erumpit:
379 1572 442 1634 qua
465 1562 651 1615 moratura
672 1549 775 1632 patris
793 1549 917 1614 familia
933 1549 1087 1616 abdicari.
1121 1550 1176 1614 An
1229 1570 1329 1633 quam
1351 1549 1481 1631 aliquod
1502 1548 1680 1626 ludicrum,
1708 1552 1813 1614 iocose
1840 1549 1882 1615 ad
1908 1550 2081 1632 profanam
2103 1550 2206 1616 oblec-

198 1639 265 1705 tale
293 1636 482 1720 exemplum
512 1635 667 1701 Abrahae
694 1633 888 1701 domesticos
912 1657 933 1699 a
961 1644 1076 1700 saneta
1102 1655 1177 1717 pro·
1229 1636 1389 1701 tationem
1415 1643 1623 1700 convertunt.
1668 1635 1759 1716 Quid
1789 1643 1902 1719 pastea
1930 1644 2110 1721 sequutum
2136 1634 2205 1703 estl

198 1725 297 1809 genie
324 1723 470 1788 alienare
499 1719 636 1786 debuit?
681 1720 802 1799 Porro,
837 1721 924 1804 quod
951 1722 988 1786 in
1008 1720 1102 1786 Isaac
1127 1732 1177 1785 te-
1229 1719 1343 1803 Quum
1365 1720 1475 1802 aliqua
1496 1721 1614 1787 saltem
1635 1720 1751 1805 religio
1773 1742 1887 1786 eorum
1908 1722 2029 1788 animis
2040 1721 2205 1801 insideret,

198 1811 310 1876 uuiter
331 1808 395 1873 fuit
416 1806 657 1883 adumbratum,
680 1806 716 1870 in
738 1805 872 1872 Christo
894 1806 1015 1872 elarius
1037 1805 1177 1888 exprimi
1229 1827 1319 1872 nunc
1346 1826 1466 1872 canum
1493 1808 1529 1871 in
1556 1827 1683 1871 morem
1711 1806 1868 1873 adversm
1895 1805 2008 1872 Deum
2020 1810 2046 1892 ¹)
2074 1808 2205 1874 latrant

199 1895 357 1978 oportuit:
391 1892 490 1976 idque
517 1893 639 1957 factum
668 1899 808 1957 testatur
837 1892 999 1976 evangelii
1030 1891 1175 1956 historia
1229 1893 1340 1975 Atque
1361 1891 1423 1957 hoe
1445 1892 1579 1975 quidem
1601 1894 1751 1959 acumine
1773 1893 1835 1958 sibi
1858 1893 1996 1975 placent,
2019 1895 2089 1958 imo
2112 1895 2206 1960 semi·

199 1980 332 2047 Scimus
355 1980 458 2056 enim,
488 1999 530 2043 ex
557 1999 621 2060 quo
650 1977 683 2042 in
715 1977 877 2043 mundum
902 1979 972 2060 ipse
998 1977 1177 2060 productus
1229 1978 1281 2043 dei
1303 1976 1467 2056 videntur,
1490 1977 1577 2061 quod
1596 1977 1910 2062 nubibusoppedere
1928 1976 2206 2064 nondubitantt)

198 2066 272 2144 fuit,
295 2076 496 2148 quantopere
518 2062 707 2128 efferbuerit
725 2064 988 2140 eornminsania,
1012 2062 1069 2146 qui
1085 2064 1178 2145 prius
1228 2065 1276 2128 At
1296 2083 1387 2141 vero,
1410 2064 1438 2127 si
1459 2062 1646 2147 prodigiosa
1667 2077 1717 2129 est
1734 2064 1876 2129 hominis
1897 2065 1933 2127 in
1950 2064 2112 2147 pecudem
2132 2086 2206 2132 oon-

199 2173 235 2217 so
267 2151 436 2233 religionis
475 2149 571 2214 titulo
604 2148 828 2214 venditabant.
884 2147 997 2229 Quare
1030 2147 1178 2231 maligna
1230 2149 1410 2228 versiaco
1431 2151 1537 2233 magis
1548 2160 1627 2214 sunt
1638 2149 1840 2232 deplorandi,
1864 2149 1950 2232 quod
1961 2150 2053 2215 nullo
2064 2151 2146 2215 mali
2156 2150 2207 2217 sni

199 2237 282 2303 haec
303 2237 443 2301 facessat
464 2235 584 2316 opinio,
607 2255 649 2298 ex
671 2234 997 2317 evangeliideetrina
1018 2234 1178 2298 scaturire
1229 2234 1340 2299 dolore
1361 2242 1553 2318 tanguntur.
1587 2237 1800 2319 Papistarum
1811 2236 1952 2317 ineptias
1969 2234 2205 2318 lapiderident,

199 2321 380 2404 impietatis
402 2319 581 2385 licentiam:
604 2319 682 2401 quia
702 2318 798 2384 velut
819 2340 837 2383 e
858 2318 1003 2384 latibulis
1024 2319 1059 2382 in
1083 2340 1177 2398 aper·
1229 2319 1287 2386 sed
1296 2320 1361 2404 ipsi
1372 2319 1500 2404 indigni
1518 2331 1606 2397 sunt,
1624 2323 1680 2404 qui
1692 2341 1837 2404 unquam
1848 2320 1890 2385 ad
1901 2323 2088 2405 papismum
2099 2342 2206 2389 rever·

200 2417 271 2472 tam
300 2407 409 2472 luoem
440 2403 653 2487 protrahitur.
709 2401 802 2484 Quin
834 2405 943 2487 patius
976 2405 1038 2469 boo
1069 2404 1178 2486 ipsum
1229 2414 1354 2471 tantur.
1376 2405 1491 2489 Neque
1502 2406 1591 2471 enim
1601 2406 1657 2472 vul
1738 2408 2081 2473 seorumexitusesse
2092 2428 2207 2474 eonve-

200 2514 261 2558 nos
283 2491 439 2569 oblectet,
468 2488 574 2573 retegi
602 2509 644 2554 ex
671 2489 850 2555 multorum
878 2489 1030 2556 cordibus
1055 2492 1178 2574 cogita·
1229 2491 1326 2576 nit,⁸)
1344 2491 1465 2574 quibus
1482 2499 1516 2557 et
1534 2513 1626 2558 sacer
1708 2493 1763 2558 isti
1780 2493 1924 2577 sangine,
1948 2502 1982 2557 et
1998 2503 2136 2559 aeterna
2145 2493 2206 2560 Dei

199 2579 316 2644 nones.
1230 2577 1366 2655 veritas,
1396 2586 1429 2642 et
1448 2577 1508 2642 lux
1529 2578 1633 2656 ritae,
1662 2578 1784 2661 partim
1806 2578 1889 2643 risui
1910 2579 2060 2656 luerunt,
2088 2580 2206 2662 partim

288 2669 362 2744 [pag.
383 2666 436 2740 53]
458 2659 658 2743 Quanquam
686 2660 784 2726 huius
806 2661 854 2725 rei
882 2661 948 2727 alia
969 2681 1099 2745 quoque
1119 2684 1178 2729 no·
1230 2665 1444 2746 contomptui.
1476 2663 1524 2728 llt
1541 2672 1629 2728 certe
1646 2665 1702 2745 qui
1719 2685 1810 2730 nuno
1827 2664 1950 2747 passim
1970 2674 2090 2748 regnat
2105 2685 2206 2731 evan·

200 2748 304 2815 tanda
334 2755 386 2814 est
416 2747 515 2812 ratio:
554 2766 673 2828 nempe
705 2768 807 2828 quum
839 2746 982 2812 oblatam
1014 2749 1179 2831 evangelii
1230 2747 1308 2832 gelii
1328 2754 1533 2830 contemptus
1551 2758 1678 2814 certum
1688 2757 1739 2814 est
1750 2749 1915 2814 belluinae
1932 2749 2104 2814 cuiusdam
2120 2751 2206 2816 vitae

200 2835 342 2920 gratiam
364 2833 420 2899 alii
443 2842 607 2915 respuant,
630 2832 687 2897 alii
709 2834 923 2916 contemptim
946 2833 1083 2898 summis
1105 2849 1178 2898 tan·
1230 2835 1446 2918 praesagium.
1491 2834 1588 2910 Nam,
1610 2855 1713 2917 quum
1731 2835 1792 2901 hac
1814 2848 2001 2900 extremum
2025 2836 2070 2900 sit
2090 2855 2205 2901 curan·

199 2930 273 2986 tum
294 2920 395 2986 labris
416 2926 560 3002 gustent,
574 2920 597 2998 ι)
621 2917 677 2983 alii
699 2918 839 2999 superbe
860 2917 1042 3001 repudient,
1067 2939 1179 2984 annon
1230 2919 1281 2984 dis
1309 2919 1481 2984 hominum
1511 2921 1600 2985 vitiis
1628 2921 1826 2998 remedium,
1859 2921 1914 2986 ubi
1941 2921 2107 2986 Dominus
2135 2942 2207 2987 oum

200 3007 302 3091 digna
323 3015 373 3070 est
393 3005 542 3069 omnium
564 3003 781 3087 ingratitudo,
814 3001 854 3068 de
877 3024 941 3086 qua
966 3025 1033 3069 non
1054 3003 1179 3069 medio-
1231 3005 1406 3088 evangelio
1436 3025 1495 3070 suo
1518 3005 1669 3089 affulget,
1699 3007 1818 3087 quibus
1840 3005 1924 3070 nibil
1947 3005 2082 3089 prodest
2103 3027 2207 3073 reme·

200 3113 290 3159 orem
318 3090 498 3156 vindictam
520 3088 613 3154 Deus
640 3088 773 3172 exigat?
817 3089 864 3155 Et
890 3091 1035 3173 profecto
1064 3110 1178 3155 severe
1231 3088 1332 3154 dium·
1345 3090 1421 3167 hoc,
1451 3113 1505 3156 eos
1534 3112 1605 3157 esse
1633 3092 1831 3157 incurabiles
1859 3101 1994 3157 constat.
2041 3090 2110 3173 Qui
2132 3112 2207 3160 vero

199 3177 385 3253 ulciscitur,
416 3197 518 3258 quum
545 3175 698 3257 adempto
726 3174 895 3259 religionis
923 3196 1023 3241 sensu
1043 3176 1079 3239 in
1102 3175 1178 3240 hor·
1231 3175 1396 3241 medicum
1417 3177 1559 3242 seientes
1581 3199 1619 3242 ao
1640 3177 1789 3243 volentes
1811 3188 1870 3242 aut
1892 3175 2031 3263 eludunt
2052 3185 2113 3244 ant
2132 3197 2207 3262 prc-

200 3262 339 3328 rendam
359 3263 456 3328 istam
473 3261 665 3326 caecitatem
686 3281 741 3326 eos
763 3261 965 3344 praecipitat.
1010 3259 1180 3345 Quotquot
1230 3262 1284 3326 oul
1311 3263 1464 3346 abigunt,
1498 3263 1586 3327 ultro
1620 3262 1682 3328 sibi
1710 3263 1841 3344 quasvis
1875 3272 2048 3328 accersunt
2074 3274 2206 3330 mortes

201 3369 279 3433 ergo
302 3347 454 3412 videmus
476 3344 573 3411 hodie
595 3346 792 3412 Lucianioos
814 3345 974 3423 homines,
998 3348 1054 3429 qui
1076 3356 1179 3412 totam
1203 3334 1206 3393 l
1230 3348 1277 3414 Ut
1299 3359 1400 3430 eaput
1421 3348 1482 3412 hoo
1504 3347 1710 3425 concludam,
1740 3349 1858 3430 quibus
1879 3359 1974 3413 atrox
2001 3347 2144 3427 malum,
2170 3357 2208 3415 ut

201 3433 327 3499 Christi
367 3431 560 3515 religionem
600 3432 860 3515 subsannant:²)
902 3443 1060 3516 quotquot
1098 3434 1178 3498 item
1230 3442 1289 3512 est,
1313 3444 1465 3499 censetur
1485 3435 1650 3516 impietas,
1684 3433 1720 3497 hi
1742 3454 1783 3497 ex
1806 3434 1868 3500 hac
1890 3434 2050 3516 gravitate
2072 3455 2207 3518 paenae,

200 3518 392 3600 Epicureos,
415 3518 471 3598 qui
494 3516 660 3582 uulloDei
684 3534 773 3581 metu
796 3517 837 3580 ad
862 3517 1043 3600 quamlibet
1064 3520 1177 3601 nequi·
1230 3540 1328 3602 quam
1357 3518 1491 3603 indigne
1513 3519 1677 3603 evangelii
1704 3520 1754 3583 sui
1784 3530 2008 3602 contemptum
2031 3521 2118 3585 ferat
2138 3521 2208 3586 Do-

201 3605 283 3669 tiam
303 3623 339 3667 se
360 3602 578 3685 prostituunt:
607 3601 743 3667 totidem
772 3603 914 3668 sciamus
942 3626 962 3667 a
985 3604 1057 3668 Deo
1084 3603 1177 3669 nobis
1230 3606 1355 3681 minus,
1385 3606 1612 3685 aestimant:⁴)
1646 3612 1743 3687 atque
1769 3605 1831 3671 hoc
1858 3604 2052 3670 documento
2079 3607 2114 3671 in
2137 3607 2209 3674 eins

202 3696 280 3755 ante
301 3688 414 3753 oculos
436 3688 514 3769 poni
538 3686 701 3752 vindictae
711 3688 774 3752 Dei
797 3688 956 3770 exempla,
980 3709 1062 3770 quae
1084 3688 1177 3754 nobis
1230 3689 1295 3755 lide
1317 3701 1351 3755 et
1372 3689 1557 3755 obedientia
1582 3691 1827 3756 confirmantur.
1874 3691 2070 3773 Agrippam,
2101 3691 2209 3773 Villa·

202 3773 366 3859 evangelii
378 3773 573 3855 dignitatem
590 3773 797 3855 pretiumque
815 3773 1051 3838 commendent.
1090 3775 1178 3839 Pau·
1213 3784 1405 3853 novenum,
1428 3775 1630 3857 Doleturu,·'¹)
1642 3786 1674 3841 et
1685 3775 1809 3840 similes
1820 3775 1919 3858 vulgo
1931 3785 2048 3840 natum
2066 3786 2118 3842 est
2135 3787 2209 3843 tau·

200 3861 254 3927 lus
275 3860 393 3925 merito
415 3860 450 3923 in
471 3858 645 3940 reprobum
668 3879 800 3923 sensum
820 3869 855 3923 et
871 3859 982 3924 foedas
1004 3858 1178 3942 probrique
1202 3866 1205 3941 1

200 3947 317 4032 plenas
339 3943 534 4028 cupiditates
555 3944 715 4008 coniectos
736 3944 836 4009 fuisse
858 3942 945 4021 dicit,
967 3944 1097 4026 quiDei
1120 3967 1177 4010 no·
1202 3950 1205 3995 Ι

201 4033 318 4111 titiam,
340 4030 446 4114 qualis
468 4051 510 4093 ex
531 4028 600 4094 solo
621 4028 737 4094 mundi
759 4044 891 4112 aspectu
914 4031 1038 4112 concipi
1060 4042 1177 4113 potest,
1299 4067 1328 4125 ii
1348 4083 1409 4121 eum
1428 4066 1503 4119 Bm
1520 4071 1544 4119 εἰ
1562 4065 1647 4119 Amet.

201 4119 324 4184 iniuste
358 4127 623 4199 suppresserant:
657 4124 694 4179 ut
721 4117 777 4198 qui
803 4116 912 4180 Deum
945 4116 1180 4181 laudaverant
1299 4134 1766 4203 2)quandilsosentdeopitor1e
1786 4133 1835 4187 oret
1855 4142 1882 4186 et
1900 4141 1976 4189 rouro
1994 4134 2122 4190 Dionia.

202 4225 261 4269 suo
290 4204 431 4279 honore,
458 4212 624 4266 extremae
651 4201 852 4284 ignominiae
874 4202 1026 4279 subiecti,
1055 4203 1177 4268 iustam
1203 4208 1206 4249 ¹
1298 4203 1328 4265 3)
1348 4220 1381 4258 ue
1407 4204 1524 4273 doivent
1548 4205 1624 4272 point
1647 4202 1798 4270 eschapper
1820 4219 1872 4270 que
1892 4203 1959 4256 Dico
1981 4201 2043 4257 n’eu
2068 4203 2133 4260 foco
2154 4220 2207 4261 una

201 4290 387 4371 imperent
397 4286 648 4371 ingratitudinis
660 4308 738 4351 guae
748 4286 932 4353 mei-oedem
944 4289 1054 4372 (Rom
1074 4294 1098 4365 1,
1112 4293 1176 4368 23).
1231 4274 1373 4328 execution
1389 4273 1501 4352 ¹terrible
1520 4279 1548 4325 et
1566 4272 1612 4339 qui
1629 4271 1689 4325 face
1707 4270 1816 4325 dresser
1839 4271 1879 4324 los
1898 4272 2019 4325 chevcux
2038 4288 2073 4325 en
2089 4273 2119 4327 la
2136 4280 2208 4330 teste

1231 4345 1247 4397 d
1266 4358 1332 4395 ceux
1351 4359 1394 4409 qut
1414 4358 1447 4395 eu
1467 4346 1547 4409 oycnt
1564 4340 1662 4407 parler.

203 4372 278 4454 Qu⁰
298 4374 468 4473 indignius
490 4383 540 4438 ⁰⁸t
557 4372 767 4471 ,smilflglum
779 4372 943 4471 evangelii
961 4384 1177 4472 fflnoemPFUffi
1203 4400 1207 4471 l
1299 4409 1329 4475 4)
1347 4409 1419 4462 sod.
1438 4409 1563 4477 Parquoy
1580 4416 1640 4461 tant
1657 4407 1713 4461 s’eu
1732 4406 1790 4460 faut
1814 4406 1892 4475 qu'ils
1910 4414 2007 4475 seyent
2029 4408 2156 4463 troubles
2175 4408 2209 4463 de

203 4481 271 4524 non
293 4481 414 4523 mirum
443 4468 509 4536 θὸῐ,
538 4481 566 4523 Sl
588 4470 730 4523 atrocior
757 4458 798 4521 (Ῐθ
826 4480 897 4540 lpse
926 4481 1013 4525 1111ssss
1036 4470 1179 4524 sumrtur
1231 4480 1290 4532 voir
1308 4495 1376 4533 ceux
1400 4479 1445 4546 qui
1463 4493 1492 4530 se
1517 4476 1681 4530 desbordent
1704 4475 1803 4530 atelle
1827 4476 1986 4544 impudente
2010 4492 2062 4543 que
2087 4477 2210 4545 plustost

203 4542 357 4609 vindicta.
392 4543 480 4624 Quid
499 4543 609 4608 enim?
644 4545 698 4608 An
721 4543 778 4625 qui
800 4544 996 4609 scintillulas
1013 4547 1048 4610 iu
1065 4544 1179 4610 mundi
1231 4548 1291 4602 cela
1307 4546 1347 4602 les
1365 4546 1500 4625 conterno
1518 4552 1565 4624 oto.
1845 4613 1850 4623 ‚
1931 4613 1936 4623 Ι
2145 4615 2151 4626 .
2195 4615 2201 4625 ⁸

202 4629 326 4695 fabrica
347 4630 526 4695 emicantes
548 4651 608 4694 sua
626 4629 773 4694 socordia
795 4630 963 4713 exstingui
984 4632 1070 4713 passi
1092 4643 1179 4709 sunt,
1204 4610 1207 4731 1
1300 4614 1330 4674 at
1353 4614 1485 4668 (ΜΝ
1502 4614 1546 4668 '¹²⁶
1560 4615 1655 4681 ptores
1678 4628 1745 4666 ΜΘ
1762 4618 1863 4666 “mm
1879 4618 2210 4684 ⁸ffl1²l⁰t⁶³t²⁷⁸lt¹tt⁸l

203 4716 275 4796 iure
296 4714 411 4797 plexos
434 4735 504 4780 esse
526 4716 715 4780 fatebimur:
746 4716 801 4797 qui
824 4729 935 4780 autem
954 4716 1088 4798 plenum
1111 4717 1179 4800 glo·
1205 4736 1208 4799 ξ
1232 4681 2209 4820 miii,‘'ii-mim,eiifflfmfiufi‘mff'gffiwffl,952

204 4802 273 4865 riae
290 4800 355 4864 Dei
373 4800 546 4884 fulgorem,
565 4802 620 4884 qui
643 4803 679 4864 iu
702 4801 872 4884 evangelio
894 4801 991 4879 lueet,
1015 4801 1178 4867 destinata
1229 4836 1307 4889 pom
1328 4837 1347 4873 o
1370 4820 1533 4874 astartem
1555 4820 1690 4888 eooopotit
1709 4819 1937 4886 contemptorem
1958 4819 2133 4888 adnumeret,
2158 4835 2209 4874 noe

1270 4887 1342 4942 idem
1358 4904 1415 4942 aaa
1431 4889 1610 4957 conquiram.
1648 4888 1780 4942 Fortasse
1795 4888 1913 4955 rcapeaa’t
1930 4887 1969 4940 ad
1985 4888 2122 4943 amaa&
2196 4903 2210 4943 t

1231 4958 1277 5011 tle
1294 4958 1325 5010 tlt
1342 4956 1412 5011 libra
1435 4973 1485 5011 atta
1503 4957 1536 5010 de
1558 4956 1751 5011 incertitudine
1767 4962 1793 5010 et
1809 4958 1931 5010 vanitate
1948 4956 2127 5010 scientam
2154 4958 2209 5012 nto-

274 5021 302 5087 1)
322 5022 356 5076 ils
374 5028 489 5076 metteut
507 5021 533 5076 le
551 5036 602 5076 nez
621 5037 723 5075 comme
742 5037 776 5076 en
794 5028 915 5091 pussant.
1233 5027 1296 5079 riae
1312 5025 1503 5094 ἀὶεριιιαυοναι
1520 5024 1565 5078 De
1581 5027 1734 5094 emichone
1756 5040 1853 5079 sacrae
1874 5026 2026 5079 autoribus
2064 5024 2209 5080 Fortassis

274 5089 305 5157 2)
324 5090 373 5145 des
391 5106 552 5159 meoqueurs
569 5089 614 5156 qui
633 5105 697 5144 saus
716 5090 842 5146 couleurs
860 5091 973 5147 subtiles
988 5107 1017 5146 se
1030 5092 1131 5158 gabent
1147 5090 1181 5147 de
1233 5096 1315 5149 etiam
1330 5095 1493 5162 eceptietami
1508 5101 1660 5162 aspectam
1676 5095 1792 5150 babebat
1807 5100 1832 5147 et
1848 5094 2089 5161 thasopbrbaeiaa
2103 5095 2209 5162 placita

204 5157 233 5215 la
250 5158 427 5216 Chrestieute'.
1234 5164 1304 5219 eatis
1320 5163 1420 5220 dubiae
1442 5170 1468 5218 et
1489 5165 1636 5219 intricatae
1657 5163 1772 5233 indolis,
1795 5163 1914 5232 theotoco
1936 5164 2045 5232 inperii
2064 5164 2208 5219 luciditate
