<?xml version="1.0" encoding="UTF-8"?>
<!DOCTYPE html PUBLIC "-//W3C//DTD XHTML 1.0 Transitional//EN"
    "http://www.w3.org/TR/xhtml1/DTD/xhtml1-transitional.dtd">
<html xmlns="http://www.w3.org/1999/xhtml" xml:lang="en" lang="en">
 <head>
  <title>
</title>
<meta http-equiv="Content-Type" content="text/html;charset=utf-8" />
  <meta name='ocr-system' content='tesseract 3.04.00' />
  <meta name='ocr-capabilities' content='ocr_page ocr_carea ocr_par ocr_line ocrx_word'/>
</head>
<body>
  <div class='ocr_page' id='page_1' title='image "./ioanniscalvinio14calvgoog_0046.png"; bbox 0 0 4620 5894; ppageno 0'>
   <div class='ocr_carea' id='block_1_1' title="bbox 771 206 2104 275">
    <p class='ocr_par' dir='ltr' id='par_1_1' title="bbox 771 206 2104 275">
     <span class='ocr_line' id='line_1_1' title="bbox 771 206 2104 275; baseline -0.002 1"><span class='ocrx_word' id='word_1_1' title='bbox 771 246 774 251; x_wconf 89' lang='lat'><strong>·</strong></span> <span class='ocrx_word' id='word_1_2' title='bbox 906 206 1275 275; x_wconf 75' lang='lat' dir='ltr'>PROLEGOMENA.</span> <span class='ocrx_word' id='word_1_3' title='bbox 1941 207 2104 274; x_wconf 83' lang='lat' dir='ltr'>XXXIX</span> 
     </span>
    </p>
   </div>
   <div class='ocr_carea' id='block_1_2' title="bbox 80 395 2103 481">
    <p class='ocr_par' dir='ltr' id='par_1_2' title="bbox 80 395 2103 481">
     <span class='ocr_line' id='line_1_2' title="bbox 80 395 2103 481; baseline -0.002 -16"><span class='ocrx_word' id='word_1_4' title='bbox 80 408 266 466; x_wconf 63' lang='lat' dir='ltr'>antistas</span> <span class='ocrx_word' id='word_1_5' title='bbox 287 406 391 466; x_wconf 71' lang='lat' dir='ltr'>tarto</span> <span class='ocrx_word' id='word_1_6' title='bbox 411 407 438 465; x_wconf 84' lang='grc' dir='ltr'><strong>Δ</strong></span> <span class='ocrx_word' id='word_1_7' title='bbox 461 407 614 464; x_wconf 72' lang='lat' dir='ltr'>cumano</span> <span class='ocrx_word' id='word_1_8' title='bbox 636 406 736 463; x_wconf 80' lang='lat' dir='ltr'>NATO</span> <span class='ocrx_word' id='word_1_9' title='bbox 758 408 797 463; x_wconf 86' lang='grc' dir='ltr'>Μ.</span> <span class='ocrx_word' id='word_1_10' title='bbox 814 408 848 463; x_wconf 87' lang='grc' dir='ltr'>Ι).</span> <span class='ocrx_word' id='word_1_11' title='bbox 865 407 964 463; x_wconf 84' lang='lat' dir='ltr'>XLIX.</span> <span class='ocrx_word' id='word_1_12' title='bbox 988 405 1145 461; x_wconf 78' lang='lat' dir='ltr'>CALEND.</span> <span class='ocrx_word' id='word_1_13' title='bbox 1167 404 1296 476; x_wconf 81' lang='lat' dir='ltr'>MART.;</span> <span class='ocrx_word' id='word_1_14' title='bbox 1335 396 1487 462; x_wconf 80' lang='lat' dir='ltr'><strong>ultimam</strong></span> <span class='ocrx_word' id='word_1_15' title='bbox 1515 397 1655 481; x_wconf 88' lang='lat' dir='ltr'>denique</span> <span class='ocrx_word' id='word_1_16' title='bbox 1683 395 1845 463; x_wconf 82' lang='lat' dir='ltr'><strong>emblema</strong></span> <span class='ocrx_word' id='word_1_17' title='bbox 1870 395 2001 481; x_wconf 86' lang='lat' dir='ltr'>palmae</span> <span class='ocrx_word' id='word_1_18' title='bbox 2025 416 2103 462; x_wconf 93' lang='lat' dir='ltr'>oum</span> 
     </span>
    </p>
   </div>
   <div class='ocr_carea' id='block_1_3' title="bbox 78 505 2104 1710">
    <p class='ocr_par' dir='ltr' id='par_1_3' title="bbox 80 505 2103 821">
     <span class='ocr_line' id='line_1_3' title="bbox 80 505 2103 598; baseline -0.002 -20"><span class='ocrx_word' id='word_1_19' title='bbox 80 532 189 598; x_wconf 89' lang='lat' dir='ltr'>puero</span> <span class='ocrx_word' id='word_1_20' title='bbox 216 533 277 578; x_wconf 92' lang='lat' dir='ltr'>suc</span> <span class='ocrx_word' id='word_1_21' title='bbox 305 508 363 579; x_wconf 84' lang='lat' dir='ltr'>ssd</span> <span class='ocrx_word' id='word_1_22' title='bbox 388 511 461 579; x_wconf 87' lang='lat' dir='ltr'>sine</span> <span class='ocrx_word' id='word_1_23' title='bbox 488 508 614 595; x_wconf 87' lang='lat' dir='ltr'>adagio.</span> <span class='ocrx_word' id='word_1_24' title='bbox 659 510 801 594; x_wconf 79' lang='lat' dir='ltr'>Legitur</span> <span class='ocrx_word' id='word_1_25' title='bbox 828 509 910 574; x_wconf 90' lang='lat' dir='ltr'>haec</span> <span class='ocrx_word' id='word_1_26' title='bbox 940 509 1047 575; x_wconf 86' lang='lat' dir='ltr'>versio</span> <span class='ocrx_word' id='word_1_27' title='bbox 1074 505 1163 590; x_wconf 90' lang='lat' dir='ltr'>apud</span> <span class='ocrx_word' id='word_1_28' title='bbox 1187 505 1371 573; x_wconf 83' lang='lat' dir='ltr'>Gallasium</span> <span class='ocrx_word' id='word_1_29' title='bbox 1401 529 1431 591; x_wconf 91' lang='lat' dir='ltr'>p.</span> <span class='ocrx_word' id='word_1_30' title='bbox 1456 511 1655 589; x_wconf 78' lang='lat' dir='ltr'>eol—8213</span> <span class='ocrx_word' id='word_1_31' title='bbox 1690 508 1778 592; x_wconf 89' lang='lat' dir='ltr'>apud</span> <span class='ocrx_word' id='word_1_32' title='bbox 1807 508 1929 573; x_wconf 78' lang='lat' dir='ltr'>Bezam</span> <span class='ocrx_word' id='word_1_33' title='bbox 1959 509 2103 592; x_wconf 90' lang='lat' dir='ltr'>primum</span> 
     </span>
     <span class='ocr_line' id='line_1_4' title="bbox 80 618 2101 711; baseline -0.001 -25"><span class='ocrx_word' id='word_1_34' title='bbox 80 644 159 711; x_wconf 80' lang='lat' dir='ltr'>pag.</span> <span class='ocrx_word' id='word_1_35' title='bbox 192 626 390 701; x_wconf 79' lang='lat' dir='ltr'>eoo-alc,</span> <span class='ocrx_word' id='word_1_36' title='bbox 432 629 507 687; x_wconf 89' lang='lat' dir='ltr'>tum</span> <span class='ocrx_word' id='word_1_37' title='bbox 540 625 621 686; x_wconf 84' lang='grc'><strong>1597</strong></span> <span class='ocrx_word' id='word_1_38' title='bbox 653 641 728 705; x_wconf 88' lang='lat' dir='ltr'>pag.</span> <span class='ocrx_word' id='word_1_39' title='bbox 762 623 960 698; x_wconf 74' lang='lat' dir='ltr'>ara-6863</span> <span class='ocrx_word' id='word_1_40' title='bbox 1000 618 1088 703; x_wconf 92' lang='lat' dir='ltr'>apud</span> <span class='ocrx_word' id='word_1_41' title='bbox 1121 618 1292 684; x_wconf 81' lang='lat' dir='ltr'>Stoerium</span> <span class='ocrx_word' id='word_1_42' title='bbox 1325 639 1399 703; x_wconf 87' lang='lat' dir='ltr'>pag.</span> <span class='ocrx_word' id='word_1_43' title='bbox 1435 623 1635 701; x_wconf 72' lang='lat' dir='ltr'>eac-591,</span> <span class='ocrx_word' id='word_1_44' title='bbox 1677 620 1818 704; x_wconf 92' lang='lat' dir='ltr'>denique</span> <span class='ocrx_word' id='word_1_45' title='bbox 1850 621 1886 684; x_wconf 93' lang='lat' dir='ltr'>in</span> <span class='ocrx_word' id='word_1_46' title='bbox 1915 618 1965 684; x_wconf 87' lang='lat' dir='ltr'>ed.</span> <span class='ocrx_word' id='word_1_47' title='bbox 1994 620 2101 684; x_wconf 83' lang='lat' dir='ltr'>Amet.</span> 
     </span>
     <span class='ocr_line' id='line_1_5' title="bbox 82 737 391 821; baseline 0 -21"><span class='ocrx_word' id='word_1_48' title='bbox 82 754 160 821; x_wconf 86' lang='lat' dir='ltr'>pag.</span> <span class='ocrx_word' id='word_1_49' title='bbox 197 737 391 800; x_wconf 77' lang='lat' dir='ltr'>too-509.</span> 
     </span>
    </p>

    <p class='ocr_par' dir='ltr' id='par_1_4' title="bbox 78 840 2104 1710">
     <span class='ocr_line' id='line_1_6' title="bbox 240 840 2104 930; baseline -0.002 -19"><span class='ocrx_word' id='word_1_50' title='bbox 240 842 296 911; x_wconf 92' lang='lat' dir='ltr'>De</span> <span class='ocrx_word' id='word_1_51' title='bbox 316 851 462 911; x_wconf 87' lang='lat' dir='ltr'>tractatu</span> <span class='ocrx_word' id='word_1_52' title='bbox 486 844 557 930; x_wconf 91' lang='lat' dir='ltr'>ipso</span> <span class='ocrx_word' id='word_1_53' title='bbox 579 845 714 928; x_wconf 91' lang='lat' dir='ltr'>eiusque</span> <span class='ocrx_word' id='word_1_54' title='bbox 736 842 871 911; x_wconf 91' lang='lat' dir='ltr'>consilio</span> <span class='ocrx_word' id='word_1_55' title='bbox 893 850 927 908; x_wconf 91' lang='lat' dir='ltr'>et</span> <span class='ocrx_word' id='word_1_56' title='bbox 947 842 1074 906; x_wconf 88' lang='lat' dir='ltr'>ratione</span> <span class='ocrx_word' id='word_1_57' title='bbox 1095 849 1143 920; x_wconf 90' lang='lat' dir='ltr'>te,</span> <span class='ocrx_word' id='word_1_58' title='bbox 1173 840 1328 907; x_wconf 89' lang='lat' dir='ltr'>benevole</span> <span class='ocrx_word' id='word_1_59' title='bbox 1348 840 1465 923; x_wconf 89' lang='lat' dir='ltr'>lector,</span> <span class='ocrx_word' id='word_1_60' title='bbox 1492 864 1560 908; x_wconf 90' lang='lat' dir='ltr'>non</span> <span class='ocrx_word' id='word_1_61' title='bbox 1582 842 1785 909; x_wconf 83' lang='lat' dir='ltr'><strong>morabimur</strong></span> <span class='ocrx_word' id='word_1_62' title='bbox 1806 842 1976 921; x_wconf 91' lang='lat' dir='ltr'>hocloco,</span> <span class='ocrx_word' id='word_1_63' title='bbox 1998 860 2104 924; x_wconf 94' lang='lat' dir='ltr'>neque</span> 
     </span>
     <span class='ocr_line' id='line_1_7' title="bbox 82 952 2103 1041; baseline -0.003 -17"><span class='ocrx_word' id='word_1_64' title='bbox 82 955 250 1041; x_wconf 87' lang='lat' dir='ltr'>estquod</span> <span class='ocrx_word' id='word_1_65' title='bbox 277 966 313 1022; x_wconf 89' lang='lat' dir='ltr'>te</span> <span class='ocrx_word' id='word_1_66' title='bbox 338 976 532 1023; x_wconf 87' lang='lat' dir='ltr'>moneamus</span> <span class='ocrx_word' id='word_1_67' title='bbox 559 955 769 1041; x_wconf 84' lang='lat' dir='ltr'>Astrologiae</span> <span class='ocrx_word' id='word_1_68' title='bbox 794 954 926 1021; x_wconf 90' lang='lat' dir='ltr'>nomine</span> <span class='ocrx_word' id='word_1_69' title='bbox 953 953 1011 1018; x_wconf 92' lang='lat' dir='ltr'>illo</span> <span class='ocrx_word' id='word_1_70' title='bbox 1039 952 1169 1019; x_wconf 88' lang='lat' dir='ltr'>saeculo</span> <span class='ocrx_word' id='word_1_71' title='bbox 1196 952 1260 1018; x_wconf 93' lang='lat' dir='ltr'>duo</span> <span class='ocrx_word' id='word_1_72' title='bbox 1287 952 1418 1021; x_wconf 90' lang='lat' dir='ltr'>diversa</span> <span class='ocrx_word' id='word_1_73' title='bbox 1446 955 1602 1020; x_wconf 89' lang='lat' dir='ltr'>scientiae</span> <span class='ocrx_word' id='word_1_74' title='bbox 1630 975 1752 1039; x_wconf 85' lang='lat' dir='ltr'>genera</span> <span class='ocrx_word' id='word_1_75' title='bbox 1783 954 1925 1020; x_wconf 85' lang='lat' dir='ltr'>venisse:</span> <span class='ocrx_word' id='word_1_76' title='bbox 1963 952 2103 1018; x_wconf 84' lang='lat' dir='ltr'>alterum</span> 
     </span>
     <span class='ocr_line' id='line_1_8' title="bbox 81 1063 2103 1162; baseline -0.002 -29"><span class='ocrx_word' id='word_1_77' title='bbox 81 1067 322 1153; x_wconf 72' lang='lat' dir='ltr'>superstitione</span> <span class='ocrx_word' id='word_1_78' title='bbox 360 1067 497 1151; x_wconf 91' lang='lat' dir='ltr'>plenum</span> <span class='ocrx_word' id='word_1_79' title='bbox 533 1076 567 1132; x_wconf 90' lang='lat' dir='ltr'>et</span> <span class='ocrx_word' id='word_1_80' title='bbox 600 1088 643 1133; x_wconf 87' lang='lat' dir='ltr'>ex</span> <span class='ocrx_word' id='word_1_81' title='bbox 678 1087 764 1133; x_wconf 85' lang='lat' dir='ltr'>vana</span> <span class='ocrx_word' id='word_1_82' title='bbox 798 1066 969 1131; x_wconf 90' lang='lat' dir='ltr'>hominum</span> <span class='ocrx_word' id='word_1_83' title='bbox 1008 1063 1203 1131; x_wconf 81' lang='lat' dir='ltr'>credulitate</span> <span class='ocrx_word' id='word_1_84' title='bbox 1242 1071 1372 1162; x_wconf 66' lang='lat' dir='ltr'>natum,</span> <span class='ocrx_word' id='word_1_85' title='bbox 1414 1072 1528 1132; x_wconf 89' lang='lat' dir='ltr'>contra</span> <span class='ocrx_word' id='word_1_86' title='bbox 1567 1066 1654 1150; x_wconf 92' lang='lat' dir='ltr'>quod</span> <span class='ocrx_word' id='word_1_87' title='bbox 1695 1065 1855 1131; x_wconf 89' lang='lat' dir='ltr'>Nostrum</span> <span class='ocrx_word' id='word_1_88' title='bbox 1895 1065 2103 1149; x_wconf 78' lang='lat' dir='ltr'>argumentis</span> 
     </span>
     <span class='ocr_line' id='line_1_9' title="bbox 79 1174 2102 1266; baseline -0.003 -18"><span class='ocrx_word' id='word_1_89' title='bbox 79 1180 280 1266; x_wconf 84' lang='lat' dir='ltr'>plerumque</span> <span class='ocrx_word' id='word_1_90' title='bbox 301 1179 383 1244; x_wconf 90' lang='lat' dir='ltr'>satis</span> <span class='ocrx_word' id='word_1_91' title='bbox 403 1178 523 1258; x_wconf 89' lang='lat' dir='ltr'>firmis,</span> <span class='ocrx_word' id='word_1_92' title='bbox 542 1200 604 1263; x_wconf 90' lang='lat' dir='ltr'>pro</span> <span class='ocrx_word' id='word_1_93' title='bbox 625 1180 758 1264; x_wconf 88' lang='lat' dir='ltr'>ingenio</span> <span class='ocrx_word' id='word_1_94' title='bbox 779 1177 940 1244; x_wconf 92' lang='lat' dir='ltr'>lectorum</span> <span class='ocrx_word' id='word_1_95' title='bbox 961 1176 1080 1260; x_wconf 89' lang='lat' dir='ltr'>quibus</span> <span class='ocrx_word' id='word_1_96' title='bbox 1102 1174 1160 1240; x_wconf 90' lang='lat' dir='ltr'>illa</span> <span class='ocrx_word' id='word_1_97' title='bbox 1181 1175 1383 1255; x_wconf 87' lang='lat' dir='ltr'>destinabat,</span> <span class='ocrx_word' id='word_1_98' title='bbox 1405 1199 1504 1243; x_wconf 91' lang='lat' dir='ltr'>usum</span> <span class='ocrx_word' id='word_1_99' title='bbox 1525 1199 1597 1244; x_wconf 92' lang='lat' dir='ltr'>esse</span> <span class='ocrx_word' id='word_1_100' title='bbox 1619 1177 1743 1242; x_wconf 69' lang='lat' dir='ltr'>dmeris</span> <span class='ocrx_word' id='word_1_101' title='bbox 1749 1201 1757 1257; x_wconf 85' lang='lat'>3</span> <span class='ocrx_word' id='word_1_102' title='bbox 1787 1176 1944 1256; x_wconf 89' lang='lat' dir='ltr'>alterum,</span> <span class='ocrx_word' id='word_1_103' title='bbox 1967 1175 2021 1241; x_wconf 89' lang='lat' dir='ltr'>cui</span> <span class='ocrx_word' id='word_1_104' title='bbox 2042 1196 2102 1242; x_wconf 91' lang='lat' dir='ltr'>nos</span> 
     </span>
     <span class='ocr_line' id='line_1_10' title="bbox 80 1287 2103 1377; baseline -0.003 -19"><span class='ocrx_word' id='word_1_105' title='bbox 80 1289 182 1358; x_wconf 84' lang='lat' dir='ltr'>bodie</span> <span class='ocrx_word' id='word_1_106' title='bbox 203 1290 425 1356; x_wconf 71' lang='lat' dir='ltr'>astronomiae</span> <span class='ocrx_word' id='word_1_107' title='bbox 446 1310 566 1377; x_wconf 88' lang='lat' dir='ltr'>nomen</span> <span class='ocrx_word' id='word_1_108' title='bbox 588 1297 624 1356; x_wconf 90' lang='lat' dir='ltr'>et</span> <span class='ocrx_word' id='word_1_109' title='bbox 644 1291 802 1356; x_wconf 91' lang='lat' dir='ltr'>honorem</span> <span class='ocrx_word' id='word_1_110' title='bbox 823 1309 1039 1367; x_wconf 88' lang='lat' dir='ltr'>reservamus,</span> <span class='ocrx_word' id='word_1_111' title='bbox 1061 1287 1148 1371; x_wconf 92' lang='lat' dir='ltr'>quod</span> <span class='ocrx_word' id='word_1_112' title='bbox 1170 1288 1241 1371; x_wconf 92' lang='lat' dir='ltr'>ipse</span> <span class='ocrx_word' id='word_1_113' title='bbox 1263 1288 1358 1354; x_wconf 89' lang='lat' dir='ltr'>enixe</span> <span class='ocrx_word' id='word_1_114' title='bbox 1379 1288 1587 1355; x_wconf 91' lang='lat' dir='ltr'>commendat</span> <span class='ocrx_word' id='word_1_115' title='bbox 1608 1296 1719 1373; x_wconf 88' lang='lat' dir='ltr'>utpote</span> <span class='ocrx_word' id='word_1_116' title='bbox 1737 1287 1803 1354; x_wconf 87' lang='lat' dir='ltr'>Dei</span> <span class='ocrx_word' id='word_1_117' title='bbox 1824 1287 1976 1353; x_wconf 88' lang='lat' dir='ltr'>laudibus</span> <span class='ocrx_word' id='word_1_118' title='bbox 1997 1288 2103 1352; x_wconf 88' lang='lat' dir='ltr'>inser·</span> 
     </span>
     <span class='ocr_line' id='line_1_11' title="bbox 78 1398 2103 1486; baseline -0.002 -17"><span class='ocrx_word' id='word_1_119' title='bbox 78 1402 180 1469; x_wconf 71' lang='lat' dir='ltr'>aiens</span> <span class='ocrx_word' id='word_1_120' title='bbox 200 1401 290 1486; x_wconf 85' lang='lat' dir='ltr'>apud</span> <span class='ocrx_word' id='word_1_121' title='bbox 312 1401 425 1468; x_wconf 85' lang='lat' dir='ltr'>doctos</span> <span class='ocrx_word' id='word_1_122' title='bbox 447 1407 482 1467; x_wconf 92' lang='lat' dir='ltr'>et</span> <span class='ocrx_word' id='word_1_123' title='bbox 501 1402 689 1486; x_wconf 87' lang='lat' dir='ltr'>prudentes,</span> <span class='ocrx_word' id='word_1_124' title='bbox 712 1400 806 1467; x_wconf 88' lang='lat' dir='ltr'>cuius</span> <span class='ocrx_word' id='word_1_125' title='bbox 827 1408 947 1478; x_wconf 87' lang='lat' dir='ltr'>tamen,</span> <span class='ocrx_word' id='word_1_126' title='bbox 970 1399 1024 1464; x_wconf 86' lang='lat' dir='ltr'>vel</span> <span class='ocrx_word' id='word_1_127' title='bbox 1047 1420 1105 1482; x_wconf 88' lang='lat' dir='ltr'>pro</span> <span class='ocrx_word' id='word_1_128' title='bbox 1128 1400 1244 1465; x_wconf 88' lang='lat' dir='ltr'>aetatis</span> <span class='ocrx_word' id='word_1_129' title='bbox 1266 1399 1357 1464; x_wconf 90' lang='lat' dir='ltr'>illius</span> <span class='ocrx_word' id='word_1_130' title='bbox 1374 1400 1517 1481; x_wconf 90' lang='lat' dir='ltr'>modulo,</span> <span class='ocrx_word' id='word_1_131' title='bbox 1540 1401 1620 1467; x_wconf 88' lang='lat' dir='ltr'>satis</span> <span class='ocrx_word' id='word_1_132' title='bbox 1638 1398 1794 1467; x_wconf 90' lang='lat' dir='ltr'>mediocri</span> <span class='ocrx_word' id='word_1_133' title='bbox 1811 1400 1904 1483; x_wconf 89' lang='lat' dir='ltr'>copia</span> <span class='ocrx_word' id='word_1_134' title='bbox 1920 1399 2103 1464; x_wconf 88' lang='lat' dir='ltr'>instructus</span> 
     </span>
     <span class='ocr_line' id='line_1_12' title="bbox 79 1509 2102 1597; baseline -0.003 -17"><span class='ocrx_word' id='word_1_135' title='bbox 79 1514 184 1580; x_wconf 81' lang='lat' dir='ltr'>fnisse</span> <span class='ocrx_word' id='word_1_136' title='bbox 204 1513 350 1594; x_wconf 81' lang='lat' dir='ltr'>videtur,</span> <span class='ocrx_word' id='word_1_137' title='bbox 373 1513 524 1597; x_wconf 80' lang='lat' dir='ltr'>quamvis</span> <span class='ocrx_word' id='word_1_138' title='bbox 546 1511 586 1578; x_wconf 94' lang='lat' dir='ltr'>de</span> <span class='ocrx_word' id='word_1_139' title='bbox 608 1512 705 1579; x_wconf 89' lang='lat' dir='ltr'>rebus</span> <span class='ocrx_word' id='word_1_140' title='bbox 727 1512 793 1578; x_wconf 90' lang='lat' dir='ltr'>huc</span> <span class='ocrx_word' id='word_1_141' title='bbox 814 1511 1057 1595; x_wconf 89' lang='lat' dir='ltr'>pertinentibus</span> <span class='ocrx_word' id='word_1_142' title='bbox 1086 1511 1135 1575; x_wconf 89' lang='lat' dir='ltr'>ita</span> <span class='ocrx_word' id='word_1_143' title='bbox 1156 1509 1348 1595; x_wconf 91' lang='lat' dir='ltr'>plerumque</span> <span class='ocrx_word' id='word_1_144' title='bbox 1375 1512 1549 1596; x_wconf 92' lang='lat' dir='ltr'>loquutum</span> <span class='ocrx_word' id='word_1_145' title='bbox 1577 1511 1749 1578; x_wconf 80' lang='lat' dir='ltr'>rideamus</span> <span class='ocrx_word' id='word_1_146' title='bbox 1772 1519 1810 1576; x_wconf 92' lang='lat' dir='ltr'>ut</span> <span class='ocrx_word' id='word_1_147' title='bbox 1832 1510 2000 1597; x_wconf 83' lang='lat' dir='ltr'>doctrinae</span> <span class='ocrx_word' id='word_1_148' title='bbox 2022 1529 2102 1575; x_wconf 89' lang='lat' dir='ltr'>suae</span> 
     </span>
     <span class='ocr_line' id='line_1_13' title="bbox 80 1621 1064 1710; baseline -0.006 -17"><span class='ocrx_word' id='word_1_149' title='bbox 80 1623 241 1705; x_wconf 84' lang='lat' dir='ltr'>detectus,</span> <span class='ocrx_word' id='word_1_150' title='bbox 263 1626 293 1690; x_wconf 91' lang='lat' dir='ltr'>si</span> <span class='ocrx_word' id='word_1_151' title='bbox 315 1624 373 1710; x_wconf 88' lang='lat' dir='ltr'>qui</span> <span class='ocrx_word' id='word_1_152' title='bbox 393 1624 527 1704; x_wconf 86' lang='lat' dir='ltr'>tuerint,</span> <span class='ocrx_word' id='word_1_153' title='bbox 550 1644 619 1690; x_wconf 92' lang='lat' dir='ltr'>non</span> <span class='ocrx_word' id='word_1_154' title='bbox 641 1621 721 1690; x_wconf 87' lang='lat' dir='ltr'>adeo</span> <span class='ocrx_word' id='word_1_155' title='bbox 743 1622 852 1707; x_wconf 90' lang='lat' dir='ltr'>palam</span> <span class='ocrx_word' id='word_1_156' title='bbox 873 1621 1064 1707; x_wconf 87' lang='lat' dir='ltr'>prodiderit.</span> 
     </span>
    </p>
   </div>
   <div class='ocr_carea' id='block_1_4' title="bbox 406 1967 1808 2304">
    <p class='ocr_par' dir='ltr' id='par_1_5' title="bbox 406 1967 1808 2304">
     <span class='ocr_line' id='line_1_14' title="bbox 878 1967 1308 2054; baseline 0 -1"><span class='ocrx_word' id='word_1_157' title='bbox 878 1967 1083 2054; x_wconf 76' lang='lat' dir='ltr'><strong>CAPUT</strong></span> <span class='ocrx_word' id='word_1_158' title='bbox 1137 1968 1308 2053; x_wconf 88' lang='lat' dir='ltr'>XXIV.</span> 
     </span>
     <span class='ocr_line' id='line_1_15' title="bbox 406 2197 1808 2304; baseline -0.003 0"><span class='ocrx_word' id='word_1_159' title='bbox 406 2207 479 2304; x_wconf 89' lang='lat' dir='ltr'>IN</span> <span class='ocrx_word' id='word_1_160' title='bbox 481 2206 696 2304; x_wconf 83' lang='lat' dir='ltr'><strong>TERIM</strong></span> <span class='ocrx_word' id='word_1_161' title='bbox 745 2204 1113 2304; x_wconf 85' lang='lat' dir='ltr'><strong>ADULTERO</strong></span> <span class='ocrx_word' id='word_1_162' title='bbox 1131 2252 1148 2275; x_wconf 95' lang='lat'><em>·</em></span> <span class='ocrx_word' id='word_1_163' title='bbox 1164 2204 1450 2304; x_wconf 85' lang='lat' dir='ltr'><strong>GERMAN</strong></span> <span class='ocrx_word' id='word_1_164' title='bbox 1458 2207 1568 2303; x_wconf 87' lang='lat' dir='ltr'>UM.</span> <span class='ocrx_word' id='word_1_165' title='bbox 1658 2197 1808 2300; x_wconf 84' lang='lat'>1549.</span> 
     </span>
    </p>
   </div>
   <div class='ocr_carea' id='block_1_5' title="bbox 80 2425 2176 5189">
    <p class='ocr_par' dir='ltr' id='par_1_6' title="bbox 80 2425 2176 5076">
     <span class='ocr_line' id='line_1_16' title="bbox 240 2425 2102 2512; baseline 0 -16"><span class='ocrx_word' id='word_1_166' title='bbox 240 2428 413 2496; x_wconf 77' lang='lat' dir='ltr'>Historiae</span> <span class='ocrx_word' id='word_1_167' title='bbox 435 2427 679 2494; x_wconf 78' lang='lat' dir='ltr'>constitutionis</span> <span class='ocrx_word' id='word_1_168' title='bbox 701 2425 892 2505; x_wconf 87' lang='lat' dir='ltr'>Interim,</span> <span class='ocrx_word' id='word_1_169' title='bbox 915 2447 1014 2510; x_wconf 90' lang='lat' dir='ltr'>quam</span> <span class='ocrx_word' id='word_1_170' title='bbox 1037 2434 1164 2506; x_wconf 85' lang='lat' dir='ltr'>vocant,</span> <span class='ocrx_word' id='word_1_171' title='bbox 1188 2425 1383 2507; x_wconf 82' lang='lat' dir='ltr'>narrandae,</span> <span class='ocrx_word' id='word_1_172' title='bbox 1403 2434 1479 2510; x_wconf 93' lang='lat' dir='ltr'>post</span> <span class='ocrx_word' id='word_1_173' title='bbox 1500 2435 1549 2493; x_wconf 88' lang='lat' dir='ltr'>tot</span> <span class='ocrx_word' id='word_1_174' title='bbox 1568 2434 1741 2512; x_wconf 86' lang='lat' dir='ltr'>tentosque</span> <span class='ocrx_word' id='word_1_175' title='bbox 1763 2429 1909 2496; x_wconf 85' lang='lat' dir='ltr'>virorum</span> <span class='ocrx_word' id='word_1_176' title='bbox 1932 2427 2102 2496; x_wconf 86' lang='lat' dir='ltr'>doctorum</span> 
     </span>
     <span class='ocr_line' id='line_1_17' title="bbox 80 2537 2101 2624; baseline -0.001 -15"><span class='ocrx_word' id='word_1_177' title='bbox 80 2541 228 2621; x_wconf 79' lang='lat' dir='ltr'>labores,</span> <span class='ocrx_word' id='word_1_178' title='bbox 255 2563 277 2607; x_wconf 88' lang='lat' dir='ltr'>a</span> <span class='ocrx_word' id='word_1_179' title='bbox 298 2538 455 2607; x_wconf 82' lang='lat' dir='ltr'>Sleidano</span> <span class='ocrx_word' id='word_1_180' title='bbox 477 2539 624 2624; x_wconf 87' lang='lat' dir='ltr'>principe</span> <span class='ocrx_word' id='word_1_181' title='bbox 646 2537 688 2605; x_wconf 84' lang='lat' dir='ltr'>ad</span> <span class='ocrx_word' id='word_1_182' title='bbox 709 2537 881 2605; x_wconf 81' lang='lat' dir='ltr'>Ranlrium</span> <span class='ocrx_word' id='word_1_183' title='bbox 903 2545 1054 2604; x_wconf 91' lang='lat' dir='ltr'>nostrum</span> <span class='ocrx_word' id='word_1_184' title='bbox 1075 2545 1109 2604; x_wconf 93' lang='lat' dir='ltr'>et</span> <span class='ocrx_word' id='word_1_185' title='bbox 1130 2538 1465 2604; x_wconf 87' lang='lat' dir='ltr'>Maurenbrecherum</span> <span class='ocrx_word' id='word_1_186' title='bbox 1492 2537 1593 2624; x_wconf 86' lang='lat' dir='ltr'>(Karl</span> <span class='ocrx_word' id='word_1_187' title='bbox 1615 2538 1674 2605; x_wconf 95' lang='lat' dir='ltr'>der</span> <span class='ocrx_word' id='word_1_188' title='bbox 1695 2539 1819 2606; x_wconf 77' lang='lat' dir='ltr'>Funfte</span> <span class='ocrx_word' id='word_1_189' title='bbox 1839 2539 1909 2606; x_wconf 92' lang='lat' dir='ltr'>und</span> <span class='ocrx_word' id='word_1_190' title='bbox 1931 2540 1984 2606; x_wconf 94' lang='lat' dir='ltr'>die</span> <span class='ocrx_word' id='word_1_191' title='bbox 2006 2540 2101 2607; x_wconf 89' lang='lat' dir='ltr'>deut·</span> 
     </span>
     <span class='ocr_line' id='line_1_18' title="bbox 82 2649 2099 2737; baseline -0.001 -16"><span class='ocrx_word' id='word_1_192' title='bbox 82 2654 185 2721; x_wconf 81' lang='lat' dir='ltr'>echan</span> <span class='ocrx_word' id='word_1_193' title='bbox 195 2652 341 2719; x_wconf 78' lang='lat' dir='ltr'>Protest.</span> <span class='ocrx_word' id='word_1_194' title='bbox 357 2651 465 2737; x_wconf 81' lang='lat'>1865),</span> <span class='ocrx_word' id='word_1_195' title='bbox 476 2651 596 2716; x_wconf 86' lang='lat' dir='ltr'>merita</span> <span class='ocrx_word' id='word_1_196' title='bbox 607 2649 703 2716; x_wconf 90' lang='lat' dir='ltr'>laude</span> <span class='ocrx_word' id='word_1_197' title='bbox 714 2649 903 2729; x_wconf 88' lang='lat' dir='ltr'>celebratos,</span> <span class='ocrx_word' id='word_1_198' title='bbox 916 2649 1010 2715; x_wconf 86' lang='lat' dir='ltr'>facilc</span> <span class='ocrx_word' id='word_1_199' title='bbox 1021 2649 1084 2715; x_wconf 89' lang='lat' dir='ltr'>hoc</span> <span class='ocrx_word' id='word_1_200' title='bbox 1104 2649 1175 2715; x_wconf 90' lang='lat' dir='ltr'>loco</span> <span class='ocrx_word' id='word_1_201' title='bbox 1187 2649 1448 2732; x_wconf 83' lang='lat' dir='ltr'>supersedemus.</span> <span class='ocrx_word' id='word_1_202' title='bbox 1482 2650 1603 2717; x_wconf 87' lang='lat' dir='ltr'>Paucis</span> <span class='ocrx_word' id='word_1_203' title='bbox 1614 2652 1718 2736; x_wconf 83' lang='lat' dir='ltr'>igitur</span> <span class='ocrx_word' id='word_1_204' title='bbox 1732 2653 1803 2733; x_wconf 88' lang='lat' dir='ltr'>tibi,</span> <span class='ocrx_word' id='word_1_205' title='bbox 1815 2652 1974 2720; x_wconf 89' lang='lat' dir='ltr'>benevole</span> <span class='ocrx_word' id='word_1_206' title='bbox 1986 2653 2099 2735; x_wconf 91' lang='lat' dir='ltr'>lector,</span> 
     </span>
     <span class='ocr_line' id='line_1_19' title="bbox 81 2760 2102 2848; baseline 0 -17"><span class='ocrx_word' id='word_1_207' title='bbox 81 2766 119 2831; x_wconf 91' lang='lat' dir='ltr'>in</span> <span class='ocrx_word' id='word_1_208' title='bbox 138 2763 337 2831; x_wconf 85' lang='lat' dir='ltr'>memoriam</span> <span class='ocrx_word' id='word_1_209' title='bbox 358 2762 586 2829; x_wconf 81' lang='lat' dir='ltr'>revocabimus</span> <span class='ocrx_word' id='word_1_210' title='bbox 607 2760 866 2829; x_wconf 88' lang='lat' dir='ltr'>Protestantium</span> <span class='ocrx_word' id='word_1_211' title='bbox 894 2783 947 2827; x_wconf 88' lang='lat' dir='ltr'>res</span> <span class='ocrx_word' id='word_1_212' title='bbox 968 2772 1042 2844; x_wconf 91' lang='lat' dir='ltr'>post</span> <span class='ocrx_word' id='word_1_213' title='bbox 1063 2760 1187 2826; x_wconf 90' lang='lat' dir='ltr'>bellum</span> <span class='ocrx_word' id='word_1_214' title='bbox 1208 2760 1454 2829; x_wconf 89' lang='lat' dir='ltr'>smalcaldicum</span> <span class='ocrx_word' id='word_1_215' title='bbox 1475 2760 1555 2828; x_wconf 88' lang='lat' dir='ltr'>adeo</span> <span class='ocrx_word' id='word_1_216' title='bbox 1576 2762 1802 2844; x_wconf 86' lang='lat' dir='ltr'>labefactatas,</span> <span class='ocrx_word' id='word_1_217' title='bbox 1825 2765 1891 2831; x_wconf 93' lang='lat' dir='ltr'>imo</span> <span class='ocrx_word' id='word_1_218' title='bbox 1913 2764 2102 2848; x_wconf 86' lang='lat' dir='ltr'>desperatas</span> 
     </span>
     <span class='ocr_line' id='line_1_20' title="bbox 82 2870 2103 2963; baseline -0.001 -20"><span class='ocrx_word' id='word_1_219' title='bbox 82 2876 197 2958; x_wconf 83' lang='lat' dir='ltr'>fnisse,</span> <span class='ocrx_word' id='word_1_220' title='bbox 232 2872 417 2941; x_wconf 69' lang='lat' dir='ltr'>necessat</span> <span class='ocrx_word' id='word_1_221' title='bbox 444 2872 614 2958; x_wconf 86' lang='lat' dir='ltr'>religionis</span> <span class='ocrx_word' id='word_1_222' title='bbox 642 2870 777 2939; x_wconf 86' lang='lat' dir='ltr'>dissidia</span> <span class='ocrx_word' id='word_1_223' title='bbox 804 2871 939 2937; x_wconf 89' lang='lat' dir='ltr'>tandem</span> <span class='ocrx_word' id='word_1_224' title='bbox 968 2871 1142 2955; x_wconf 90' lang='lat' dir='ltr'>aliquando</span> <span class='ocrx_word' id='word_1_225' title='bbox 1170 2893 1211 2937; x_wconf 87' lang='lat' dir='ltr'>ex</span> <span class='ocrx_word' id='word_1_226' title='bbox 1238 2872 1368 2956; x_wconf 90' lang='lat' dir='ltr'>publica</span> <span class='ocrx_word' id='word_1_227' title='bbox 1397 2873 1587 2955; x_wconf 87' lang='lat' dir='ltr'>autoritate,</span> <span class='ocrx_word' id='word_1_228' title='bbox 1616 2878 1766 2959; x_wconf 84' lang='lat' dir='ltr'>quamvis</span> <span class='ocrx_word' id='word_1_229' title='bbox 1787 2898 1892 2960; x_wconf 88' lang='lat' dir='ltr'>usque</span> <span class='ocrx_word' id='word_1_230' title='bbox 1910 2878 1974 2963; x_wconf 69' lang='lat' dir='ltr'>⁴sub</span> <span class='ocrx_word' id='word_1_231' title='bbox 1994 2877 2103 2960; x_wconf 87' lang='lat' dir='ltr'>specie</span> 
     </span>
     <span class='ocr_line' id='line_1_21' title="bbox 83 2983 2102 3073; baseline -0.001 -16"><span class='ocrx_word' id='word_1_232' title='bbox 83 2987 206 3057; x_wconf 85' lang='lat' dir='ltr'>liberae</span> <span class='ocrx_word' id='word_1_233' title='bbox 234 2985 474 3063; x_wconf 86' lang='lat' dir='ltr'>consensionis,</span> <span class='ocrx_word' id='word_1_234' title='bbox 507 2984 668 3069; x_wconf 92' lang='lat' dir='ltr'>compesci</span> <span class='ocrx_word' id='word_1_235' title='bbox 694 3005 805 3069; x_wconf 89' lang='lat' dir='ltr'>posse,</span> <span class='ocrx_word' id='word_1_236' title='bbox 837 2983 936 3050; x_wconf 89' lang='lat' dir='ltr'>simul</span> <span class='ocrx_word' id='word_1_237' title='bbox 964 3003 1058 3050; x_wconf 91' lang='lat' dir='ltr'>suam</span> <span class='ocrx_word' id='word_1_238' title='bbox 1084 2983 1189 3067; x_wconf 92' lang='lat' dir='ltr'>ipsius</span> <span class='ocrx_word' id='word_1_239' title='bbox 1217 2991 1414 3067; x_wconf 87' lang='lat' dir='ltr'>potestatem</span> <span class='ocrx_word' id='word_1_240' title='bbox 1438 2985 1473 3049; x_wconf 92' lang='lat' dir='ltr'>in</span> <span class='ocrx_word' id='word_1_241' title='bbox 1495 2986 1593 3052; x_wconf 89' lang='lat' dir='ltr'>rebus</span> <span class='ocrx_word' id='word_1_242' title='bbox 1615 2987 1788 3071; x_wconf 85' lang='lat' dir='ltr'>gerundis,</span> <span class='ocrx_word' id='word_1_243' title='bbox 1821 3007 1901 3073; x_wconf 87' lang='lat' dir='ltr'>pace</span> <span class='ocrx_word' id='word_1_244' title='bbox 1923 2988 1982 3054; x_wconf 92' lang='lat' dir='ltr'>tali</span> <span class='ocrx_word' id='word_1_245' title='bbox 2004 2988 2102 3055; x_wconf 93' lang='lat' dir='ltr'>modo</span> 
     </span>
     <span class='ocr_line' id='line_1_22' title="bbox 86 3095 2102 3182; baseline 0 -15"><span class='ocrx_word' id='word_1_246' title='bbox 86 3099 247 3179; x_wconf 80' lang='lat' dir='ltr'>stabilita,</span> <span class='ocrx_word' id='word_1_247' title='bbox 270 3104 405 3164; x_wconf 88' lang='lat' dir='ltr'>auctum</span> <span class='ocrx_word' id='word_1_248' title='bbox 425 3096 469 3161; x_wconf 89' lang='lat' dir='ltr'>iri</span> <span class='ocrx_word' id='word_1_249' title='bbox 489 3101 647 3181; x_wconf 88' lang='lat' dir='ltr'>speraret.</span> <span class='ocrx_word' id='word_1_250' title='bbox 692 3095 809 3180; x_wconf 89' lang='lat' dir='ltr'>Itaque</span> <span class='ocrx_word' id='word_1_251' title='bbox 836 3096 873 3160; x_wconf 94' lang='lat' dir='ltr'>in</span> <span class='ocrx_word' id='word_1_252' title='bbox 902 3095 1044 3161; x_wconf 88' lang='lat' dir='ltr'>comitiis</span> <span class='ocrx_word' id='word_1_253' title='bbox 1064 3096 1234 3178; x_wconf 79' lang='lat' dir='ltr'>Augustae</span> <span class='ocrx_word' id='word_1_254' title='bbox 1256 3095 1508 3162; x_wconf 83' lang='lat' dir='ltr'>Vindelicorum</span> <span class='ocrx_word' id='word_1_255' title='bbox 1529 3096 1607 3162; x_wconf 90' lang='lat' dir='ltr'>inde</span> <span class='ocrx_word' id='word_1_256' title='bbox 1630 3118 1650 3163; x_wconf 91' lang='lat' dir='ltr'>a</span> <span class='ocrx_word' id='word_1_257' title='bbox 1672 3097 1829 3165; x_wconf 84' lang='lat' dir='ltr'>Calendis</span> <span class='ocrx_word' id='word_1_258' title='bbox 1852 3097 2102 3182; x_wconf 81' lang='lat' dir='ltr'>Septembribus</span> 
     </span>
     <span class='ocr_line' id='line_1_23' title="bbox 86 3204 2101 3294; baseline 0 -17"><span class='ocrx_word' id='word_1_259' title='bbox 86 3231 114 3277; x_wconf 85' lang='lat' dir='ltr'>a</span> <span class='ocrx_word' id='word_1_260' title='bbox 138 3215 222 3276; x_wconf 82' lang='lat'>1547</span> <span class='ocrx_word' id='word_1_261' title='bbox 244 3208 468 3294; x_wconf 84' lang='lat' dir='ltr'>congregatis,</span> <span class='ocrx_word' id='word_1_262' title='bbox 496 3227 599 3292; x_wconf 89' lang='lat' dir='ltr'>quum</span> <span class='ocrx_word' id='word_1_263' title='bbox 627 3228 702 3291; x_wconf 89' lang='lat' dir='ltr'>spes</span> <span class='ocrx_word' id='word_1_264' title='bbox 729 3206 979 3291; x_wconf 81' lang='lat' dir='ltr'>redintegrandi</span> <span class='ocrx_word' id='word_1_265' title='bbox 1006 3205 1134 3272; x_wconf 89' lang='lat' dir='ltr'>concilii</span> <span class='ocrx_word' id='word_1_266' title='bbox 1161 3204 1348 3273; x_wconf 70' lang='lat' dir='ltr'>Tridentini</span> <span class='ocrx_word' id='word_1_267' title='bbox 1377 3228 1484 3290; x_wconf 88' lang='lat' dir='ltr'>nuper</span> <span class='ocrx_word' id='word_1_268' title='bbox 1511 3230 1532 3273; x_wconf 92' lang='lat' dir='ltr'>a</span> <span class='ocrx_word' id='word_1_269' title='bbox 1558 3211 1712 3292; x_wconf 90' lang='lat' dir='ltr'>pontifice</span> <span class='ocrx_word' id='word_1_270' title='bbox 1739 3212 1906 3293; x_wconf 87' lang='lat' dir='ltr'>prorogati</span> <span class='ocrx_word' id='word_1_271' title='bbox 1934 3211 1986 3277; x_wconf 84' lang='lat' dir='ltr'>vel</span> <span class='ocrx_word' id='word_1_272' title='bbox 2008 3211 2101 3278; x_wconf 92' lang='lat' dir='ltr'>nulla</span> 
     </span>
     <span class='ocr_line' id='line_1_24' title="bbox 86 3315 2101 3407; baseline 0 -18"><span class='ocrx_word' id='word_1_273' title='bbox 86 3328 288 3407; x_wconf 86' lang='lat' dir='ltr'>superesset,</span> <span class='ocrx_word' id='word_1_274' title='bbox 320 3320 374 3388; x_wconf 82' lang='lat' dir='ltr'>vel</span> <span class='ocrx_word' id='word_1_275' title='bbox 395 3319 513 3386; x_wconf 87' lang='lat' dir='ltr'>saltem</span> <span class='ocrx_word' id='word_1_276' title='bbox 535 3318 663 3404; x_wconf 92' lang='lat' dir='ltr'>longior</span> <span class='ocrx_word' id='word_1_277' title='bbox 683 3339 777 3384; x_wconf 93' lang='lat' dir='ltr'>mora</span> <span class='ocrx_word' id='word_1_278' title='bbox 798 3319 1017 3385; x_wconf 81' lang='lat' dir='ltr'>intercessura</span> <span class='ocrx_word' id='word_1_279' title='bbox 1039 3315 1209 3383; x_wconf 85' lang='lat' dir='ltr'>videretur</span> <span class='ocrx_word' id='word_1_280' title='bbox 1230 3325 1406 3402; x_wconf 89' lang='lat' dir='ltr'>antequam</span> <span class='ocrx_word' id='word_1_281' title='bbox 1429 3318 1536 3384; x_wconf 91' lang='lat' dir='ltr'>denuo</span> <span class='ocrx_word' id='word_1_282' title='bbox 1557 3321 1777 3387; x_wconf 82' lang='lat' dir='ltr'>convenirent</span> <span class='ocrx_word' id='word_1_283' title='bbox 1801 3321 1958 3405; x_wconf 88' lang='lat' dir='ltr'>episcopi,</span> <span class='ocrx_word' id='word_1_284' title='bbox 1992 3322 2101 3389; x_wconf 92' lang='lat' dir='ltr'>medio</span> 
     </span>
     <span class='ocr_line' id='line_1_25' title="bbox 87 3427 2102 3516; baseline 0 -16"><span class='ocrx_word' id='word_1_285' title='bbox 87 3435 154 3500; x_wconf 82' lang='lat' dir='ltr'>fere</span> <span class='ocrx_word' id='word_1_286' title='bbox 177 3453 295 3499; x_wconf 90' lang='lat' dir='ltr'>mense</span> <span class='ocrx_word' id='word_1_287' title='bbox 319 3432 475 3497; x_wconf 89' lang='lat' dir='ltr'>Ianuario</span> <span class='ocrx_word' id='word_1_288' title='bbox 501 3431 580 3497; x_wconf 89' lang='lat' dir='ltr'>anni</span> <span class='ocrx_word' id='word_1_289' title='bbox 607 3430 774 3515; x_wconf 89' lang='lat' dir='ltr'>sequentis</span> <span class='ocrx_word' id='word_1_290' title='bbox 798 3428 934 3514; x_wconf 86' lang='lat' dir='ltr'>Imperii</span> <span class='ocrx_word' id='word_1_291' title='bbox 954 3427 1123 3494; x_wconf 88' lang='lat' dir='ltr'>ordinibus</span> <span class='ocrx_word' id='word_1_292' title='bbox 1145 3429 1307 3513; x_wconf 87' lang='lat' dir='ltr'>exposuit,</span> <span class='ocrx_word' id='word_1_293' title='bbox 1330 3429 1434 3496; x_wconf 86' lang='lat' dir='ltr'>videri</span> <span class='ocrx_word' id='word_1_294' title='bbox 1457 3429 1519 3497; x_wconf 93' lang='lat' dir='ltr'>sibi</span> <span class='ocrx_word' id='word_1_295' title='bbox 1541 3452 1673 3498; x_wconf 91' lang='lat' dir='ltr'>necesse</span> <span class='ocrx_word' id='word_1_296' title='bbox 1695 3433 1887 3516; x_wconf 89' lang='lat' dir='ltr'>cumprimis</span> <span class='ocrx_word' id='word_1_297' title='bbox 1908 3440 1947 3499; x_wconf 92' lang='lat' dir='ltr'>ut</span> <span class='ocrx_word' id='word_1_298' title='bbox 1967 3435 2102 3502; x_wconf 87' lang='lat' dir='ltr'>interim</span> 
     </span>
     <span class='ocr_line' id='line_1_26' title="bbox 88 3541 2102 3629; baseline 0 -18"><span class='ocrx_word' id='word_1_299' title='bbox 88 3547 168 3611; x_wconf 88' lang='lat' dir='ltr'>ratio</span> <span class='ocrx_word' id='word_1_300' title='bbox 190 3543 366 3629; x_wconf 87' lang='lat' dir='ltr'>quaepiam</span> <span class='ocrx_word' id='word_1_301' title='bbox 387 3544 596 3611; x_wconf 87' lang='lat' dir='ltr'>inveniretur</span> <span class='ocrx_word' id='word_1_302' title='bbox 617 3563 700 3626; x_wconf 91' lang='lat' dir='ltr'>quae</span> <span class='ocrx_word' id='word_1_303' title='bbox 723 3541 764 3608; x_wconf 92' lang='lat' dir='ltr'>ad</span> <span class='ocrx_word' id='word_1_304' title='bbox 780 3541 979 3608; x_wconf 80' lang='lat' dir='ltr'>Germaniae</span> <span class='ocrx_word' id='word_1_305' title='bbox 999 3562 1114 3625; x_wconf 89' lang='lat' dir='ltr'>pacem</span> <span class='ocrx_word' id='word_1_306' title='bbox 1136 3541 1313 3606; x_wconf 86' lang='lat' dir='ltr'>conferret:</span> <span class='ocrx_word' id='word_1_307' title='bbox 1337 3541 1529 3625; x_wconf 85' lang='lat' dir='ltr'>deligendos</span> <span class='ocrx_word' id='word_1_308' title='bbox 1551 3564 1623 3609; x_wconf 92' lang='lat' dir='ltr'>esse</span> <span class='ocrx_word' id='word_1_309' title='bbox 1643 3565 1763 3628; x_wconf 91' lang='lat' dir='ltr'>paucos</span> <span class='ocrx_word' id='word_1_310' title='bbox 1775 3545 2046 3628; x_wconf 87' lang='lat' dir='ltr'>quosdambonos</span> <span class='ocrx_word' id='word_1_311' title='bbox 2068 3554 2102 3614; x_wconf 89' lang='lat' dir='ltr'>et</span> 
     </span>
     <span class='ocr_line' id='line_1_27' title="bbox 89 3651 2101 3740; baseline 0.001 -16"><span class='ocrx_word' id='word_1_312' title='bbox 89 3656 196 3724; x_wconf 81' lang='lat' dir='ltr'>doctos</span> <span class='ocrx_word' id='word_1_313' title='bbox 217 3658 307 3723; x_wconf 80' lang='lat' dir='ltr'>viros</span> <span class='ocrx_word' id='word_1_314' title='bbox 329 3655 384 3738; x_wconf 90' lang='lat' dir='ltr'>qui</span> <span class='ocrx_word' id='word_1_315' title='bbox 404 3654 467 3722; x_wconf 90' lang='lat' dir='ltr'>hoc</span> <span class='ocrx_word' id='word_1_316' title='bbox 488 3655 659 3739; x_wconf 82' lang='lat' dir='ltr'>negotium</span> <span class='ocrx_word' id='word_1_317' title='bbox 681 3660 861 3720; x_wconf 88' lang='lat' dir='ltr'>tractarent</span> <span class='ocrx_word' id='word_1_318' title='bbox 883 3663 916 3719; x_wconf 90' lang='lat' dir='ltr'>et</span> <span class='ocrx_word' id='word_1_319' title='bbox 937 3653 1027 3718; x_wconf 92' lang='lat' dir='ltr'>omni</span> <span class='ocrx_word' id='word_1_320' title='bbox 1050 3651 1195 3735; x_wconf 90' lang='lat' dir='ltr'>deposito</span> <span class='ocrx_word' id='word_1_321' title='bbox 1218 3652 1337 3718; x_wconf 89' lang='lat' dir='ltr'>affectu</span> <span class='ocrx_word' id='word_1_322' title='bbox 1360 3653 1401 3718; x_wconf 91' lang='lat' dir='ltr'>de</span> <span class='ocrx_word' id='word_1_323' title='bbox 1423 3654 1635 3722; x_wconf 88' lang='lat' dir='ltr'>conciliandis</span> <span class='ocrx_word' id='word_1_324' title='bbox 1656 3655 1776 3721; x_wconf 88' lang='lat' dir='ltr'>animis</span> <span class='ocrx_word' id='word_1_325' title='bbox 1799 3657 1896 3723; x_wconf 92' lang='lat' dir='ltr'>unice</span> <span class='ocrx_word' id='word_1_326' title='bbox 1918 3658 2101 3740; x_wconf 78' lang='lat' dir='ltr'>cogitantes</span> 
     </span>
     <span class='ocr_line' id='line_1_28' title="bbox 90 3763 2100 3852; baseline 0.001 -18"><span class='ocrx_word' id='word_1_327' title='bbox 90 3776 120 3833; x_wconf 86' lang='lat' dir='ltr'>et</span> <span class='ocrx_word' id='word_1_328' title='bbox 138 3767 311 3834; x_wconf 87' lang='lat' dir='ltr'>doctrinae</span> <span class='ocrx_word' id='word_1_329' title='bbox 332 3772 364 3831; x_wconf 93' lang='lat' dir='ltr'>et</span> <span class='ocrx_word' id='word_1_330' title='bbox 387 3767 664 3832; x_wconf 87' lang='lat' dir='ltr'>caeremoniarum</span> <span class='ocrx_word' id='word_1_331' title='bbox 686 3772 720 3828; x_wconf 94' lang='lat' dir='ltr'>et</span> <span class='ocrx_word' id='word_1_332' title='bbox 739 3763 976 3830; x_wconf 87' lang='lat' dir='ltr'>emendationis</span> <span class='ocrx_word' id='word_1_333' title='bbox 998 3763 1234 3829; x_wconf 89' lang='lat' dir='ltr'>ecclesiasticae</span> <span class='ocrx_word' id='word_1_334' title='bbox 1257 3766 1365 3847; x_wconf 90' lang='lat' dir='ltr'>capita</span> <span class='ocrx_word' id='word_1_335' title='bbox 1382 3765 1634 3832; x_wconf 88' lang='lat' dir='ltr'>conscriberent.</span> <span class='ocrx_word' id='word_1_336' title='bbox 1678 3767 1793 3832; x_wconf 72' lang='lat' dir='ltr'>Talem</span> <span class='ocrx_word' id='word_1_337' title='bbox 1815 3767 1990 3833; x_wconf 85' lang='lat' dir='ltr'>formulam</span> <span class='ocrx_word' id='word_1_338' title='bbox 2012 3771 2100 3852; x_wconf 88' lang='lat' dir='ltr'>paci·</span> 
     </span>
     <span class='ocr_line' id='line_1_29' title="bbox 89 3874 2100 3961; baseline 0.002 -17"><span class='ocrx_word' id='word_1_339' title='bbox 89 3878 246 3947; x_wconf 78' lang='lat' dir='ltr'>flectionis</span> <span class='ocrx_word' id='word_1_340' title='bbox 273 3878 341 3942; x_wconf 90' lang='lat' dir='ltr'>iam</span> <span class='ocrx_word' id='word_1_341' title='bbox 368 3886 467 3943; x_wconf 87' lang='lat' dir='ltr'>antea</span> <span class='ocrx_word' id='word_1_342' title='bbox 493 3879 730 3961; x_wconf 87' lang='lat' dir='ltr'>conscripserat</span> <span class='ocrx_word' id='word_1_343' title='bbox 756 3874 861 3941; x_wconf 90' lang='lat' dir='ltr'>Iulius</span> <span class='ocrx_word' id='word_1_344' title='bbox 888 3876 1040 3960; x_wconf 87' lang='lat' dir='ltr'>Pflugius</span> <span class='ocrx_word' id='word_1_345' title='bbox 1067 3875 1240 3958; x_wconf 89' lang='lat' dir='ltr'>episcopus</span> <span class='ocrx_word' id='word_1_346' title='bbox 1268 3875 1547 3961; x_wconf 86' lang='lat' dir='ltr'>Numburgensis:</span> <span class='ocrx_word' id='word_1_347' title='bbox 1580 3898 1663 3961; x_wconf 87' lang='lat' dir='ltr'>quae</span> <span class='ocrx_word' id='word_1_348' title='bbox 1688 3877 1806 3945; x_wconf 93' lang='lat' dir='ltr'>deinde</span> <span class='ocrx_word' id='word_1_349' title='bbox 1834 3879 1945 3945; x_wconf 89' lang='lat' dir='ltr'>accitis</span> <span class='ocrx_word' id='word_1_350' title='bbox 1974 3880 2100 3949; x_wconf 88' lang='lat' dir='ltr'>duobus</span> 
     </span>
     <span class='ocr_line' id='line_1_30' title="bbox 92 3984 2099 4075; baseline 0 -17"><span class='ocrx_word' id='word_1_351' title='bbox 92 3991 159 4058; x_wconf 85' lang='lat' dir='ltr'>aliis</span> <span class='ocrx_word' id='word_1_352' title='bbox 178 3989 360 4073; x_wconf 87' lang='lat' dir='ltr'>theologis,</span> <span class='ocrx_word' id='word_1_353' title='bbox 383 3988 488 4054; x_wconf 85' lang='lat' dir='ltr'>altera</span> <span class='ocrx_word' id='word_1_354' title='bbox 509 4011 551 4054; x_wconf 87' lang='lat' dir='ltr'>ex</span> <span class='ocrx_word' id='word_1_355' title='bbox 571 3997 664 4072; x_wconf 91' lang='lat' dir='ltr'>parte</span> <span class='ocrx_word' id='word_1_356' title='bbox 683 3987 808 4053; x_wconf 87' lang='lat' dir='ltr'>Ioanne</span> <span class='ocrx_word' id='word_1_357' title='bbox 830 3985 999 4072; x_wconf 86' lang='lat' dir='ltr'>Agricola,</span> <span class='ocrx_word' id='word_1_358' title='bbox 1023 3986 1123 4070; x_wconf 84' lang='lat' dir='ltr'>vulgo</span> <span class='ocrx_word' id='word_1_359' title='bbox 1143 3984 1257 4052; x_wconf 89' lang='lat' dir='ltr'>Islebii</span> <span class='ocrx_word' id='word_1_360' title='bbox 1279 3987 1413 4052; x_wconf 89' lang='lat' dir='ltr'>nomine</span> <span class='ocrx_word' id='word_1_361' title='bbox 1434 3988 1581 4072; x_wconf 85' lang='lat' dir='ltr'>cognito,</span> <span class='ocrx_word' id='word_1_362' title='bbox 1605 3998 1677 4054; x_wconf 91' lang='lat' dir='ltr'>tum</span> <span class='ocrx_word' id='word_1_363' title='bbox 1699 3991 1856 4075; x_wconf 89' lang='lat' dir='ltr'>temporis</span> <span class='ocrx_word' id='word_1_364' title='bbox 1877 3990 2036 4056; x_wconf 90' lang='lat' dir='ltr'>Ioachimi</span> <span class='ocrx_word' id='word_1_365' title='bbox 2053 3991 2099 4058; x_wconf 86' lang='grc' dir='ltr'>Π.</span> 
     </span>
     <span class='ocr_line' id='line_1_31' title="bbox 92 4096 2101 4185; baseline 0 -17"><span class='ocrx_word' id='word_1_366' title='bbox 92 4101 235 4168; x_wconf 86' lang='lat' dir='ltr'>electoris</span> <span class='ocrx_word' id='word_1_367' title='bbox 257 4097 520 4185; x_wconf 81' lang='lat' dir='ltr'>Brundeburgici</span> <span class='ocrx_word' id='word_1_368' title='bbox 542 4099 764 4184; x_wconf 89' lang='lat' dir='ltr'>praedicatore</span> <span class='ocrx_word' id='word_1_369' title='bbox 787 4098 902 4176; x_wconf 90' lang='lat' dir='ltr'>aulico,</span> <span class='ocrx_word' id='word_1_370' title='bbox 926 4119 967 4162; x_wconf 82' lang='lat' dir='ltr'>ox</span> <span class='ocrx_word' id='word_1_371' title='bbox 990 4098 1094 4163; x_wconf 88' lang='lat' dir='ltr'>altera</span> <span class='ocrx_word' id='word_1_372' title='bbox 1116 4097 1279 4163; x_wconf 89' lang='lat' dir='ltr'>Michaelc</span> <span class='ocrx_word' id='word_1_373' title='bbox 1300 4096 1490 4183; x_wconf 85' lang='lat' dir='ltr'>Heldingio,</span> <span class='ocrx_word' id='word_1_374' title='bbox 1513 4101 1661 4184; x_wconf 86' lang='lat' dir='ltr'>episcopo</span> <span class='ocrx_word' id='word_1_375' title='bbox 1684 4100 1818 4168; x_wconf 81' lang='lat' dir='ltr'>Sidonis</span> <span class='ocrx_word' id='word_1_376' title='bbox 1839 4103 1875 4166; x_wconf 92' lang='lat' dir='ltr'>in</span> <span class='ocrx_word' id='word_1_377' title='bbox 1896 4102 2045 4185; x_wconf 91' lang='lat' dir='ltr'>partibus</span> <span class='ocrx_word' id='word_1_378' title='bbox 2066 4111 2101 4168; x_wconf 92' lang='lat' dir='ltr'>et</span> 
     </span>
     <span class='ocr_line' id='line_1_32' title="bbox 94 4206 2100 4298; baseline 0 -19"><span class='ocrx_word' id='word_1_379' title='bbox 94 4213 274 4298; x_wconf 82' lang='lat' dir='ltr'>coadjutore</span> <span class='ocrx_word' id='word_1_380' title='bbox 295 4211 509 4296; x_wconf 83' lang='lat' dir='ltr'>Moguntino,</span> <span class='ocrx_word' id='word_1_381' title='bbox 534 4211 592 4277; x_wconf 89' lang='lat' dir='ltr'>diu</span> <span class='ocrx_word' id='word_1_382' title='bbox 612 4211 817 4294; x_wconf 91' lang='lat' dir='ltr'>multumque</span> <span class='ocrx_word' id='word_1_383' title='bbox 839 4216 1017 4275; x_wconf 89' lang='lat' dir='ltr'>retractata</span> <span class='ocrx_word' id='word_1_384' title='bbox 1038 4217 1071 4274; x_wconf 92' lang='lat' dir='ltr'>et</span> <span class='ocrx_word' id='word_1_385' title='bbox 1094 4209 1154 4274; x_wconf 91' lang='lat' dir='ltr'>sub</span> <span class='ocrx_word' id='word_1_386' title='bbox 1177 4206 1332 4275; x_wconf 91' lang='lat' dir='ltr'>incudem</span> <span class='ocrx_word' id='word_1_387' title='bbox 1353 4217 1514 4290; x_wconf 86' lang='lat' dir='ltr'>revocata,</span> <span class='ocrx_word' id='word_1_388' title='bbox 1538 4212 1671 4278; x_wconf 89' lang='lat' dir='ltr'>tandem</span> <span class='ocrx_word' id='word_1_389' title='bbox 1694 4212 1829 4278; x_wconf 78' lang='lat' dir='ltr'>Caesari</span> <span class='ocrx_word' id='word_1_390' title='bbox 1851 4211 1973 4277; x_wconf 88' lang='lat' dir='ltr'>tradita</span> <span class='ocrx_word' id='word_1_391' title='bbox 1995 4220 2045 4279; x_wconf 89' lang='lat' dir='ltr'>est</span> <span class='ocrx_word' id='word_1_392' title='bbox 2066 4222 2100 4280; x_wconf 85' lang='lat' dir='ltr'>&#39;et</span> 
     </span>
     <span class='ocr_line' id='line_1_33' title="bbox 94 4320 2100 4407; baseline 0.003 -21"><span class='ocrx_word' id='word_1_393' title='bbox 94 4320 129 4388; x_wconf 87' lang='lat' dir='ltr'>ab</span> <span class='ocrx_word' id='word_1_394' title='bbox 145 4345 184 4391; x_wconf 93' lang='lat' dir='ltr'>eo</span> <span class='ocrx_word' id='word_1_395' title='bbox 205 4329 350 4407; x_wconf 85' lang='lat' dir='ltr'>recepta.</span> <span class='ocrx_word' id='word_1_396' title='bbox 394 4323 562 4388; x_wconf 88' lang='lat' dir='ltr'>Bucerum</span> <span class='ocrx_word' id='word_1_397' title='bbox 582 4343 710 4407; x_wconf 91' lang='lat' dir='ltr'>quoque</span> <span class='ocrx_word' id='word_1_398' title='bbox 732 4321 852 4387; x_wconf 91' lang='lat' dir='ltr'>elector</span> <span class='ocrx_word' id='word_1_399' title='bbox 869 4320 925 4384; x_wconf 90' lang='lat' dir='ltr'>ille</span> <span class='ocrx_word' id='word_1_400' title='bbox 942 4321 1130 4404; x_wconf 86' lang='lat' dir='ltr'>Augustam</span> <span class='ocrx_word' id='word_1_401' title='bbox 1148 4321 1365 4387; x_wconf 84' lang='lat' dir='ltr'>accersiverat</span> <span class='ocrx_word' id='word_1_402' title='bbox 1381 4322 1438 4404; x_wconf 91' lang='lat' dir='ltr'>qui</span> <span class='ocrx_word' id='word_1_403' title='bbox 1455 4322 1532 4389; x_wconf 91' lang='lat' dir='ltr'>huic</span> <span class='ocrx_word' id='word_1_404' title='bbox 1550 4324 1641 4407; x_wconf 90' lang='lat' dir='ltr'>operi</span> <span class='ocrx_word' id='word_1_405' title='bbox 1659 4324 1803 4389; x_wconf 90' lang='lat' dir='ltr'>nominis</span> <span class='ocrx_word' id='word_1_406' title='bbox 1821 4324 1872 4387; x_wconf 92' lang='lat' dir='ltr'>sui</span> <span class='ocrx_word' id='word_1_407' title='bbox 1890 4326 2100 4392; x_wconf 88' lang='lat' dir='ltr'>autoritatem</span> 
     </span>
     <span class='ocr_line' id='line_1_34' title="bbox 95 4429 2098 4519; baseline -0.001 -19"><span class='ocrx_word' id='word_1_408' title='bbox 95 4434 221 4502; x_wconf 83' lang='lat' dir='ltr'>adderet</span> <span class='ocrx_word' id='word_1_409' title='bbox 242 4435 379 4500; x_wconf 90' lang='lat' dir='ltr'>minime</span> <span class='ocrx_word' id='word_1_410' title='bbox 401 4434 620 4519; x_wconf 89' lang='lat' dir='ltr'>spernendam</span> <span class='ocrx_word' id='word_1_411' title='bbox 625 4457 635 4515; x_wconf 79' lang='lat'><em>3</em></span> <span class='ocrx_word' id='word_1_412' title='bbox 656 4454 772 4501; x_wconf 81' lang='lat' dir='ltr'>verum</span> <span class='ocrx_word' id='word_1_413' title='bbox 793 4433 831 4510; x_wconf 89' lang='lat' dir='ltr'>is,</span> <span class='ocrx_word' id='word_1_414' title='bbox 855 4432 1001 4514; x_wconf 91' lang='lat' dir='ltr'>alioquin</span> <span class='ocrx_word' id='word_1_415' title='bbox 1021 4430 1063 4495; x_wconf 90' lang='lat' dir='ltr'>ad</span> <span class='ocrx_word' id='word_1_416' title='bbox 1084 4429 1291 4496; x_wconf 89' lang='lat' dir='ltr'>concordiam</span> <span class='ocrx_word' id='word_1_417' title='bbox 1314 4439 1347 4496; x_wconf 93' lang='lat' dir='ltr'>et</span> <span class='ocrx_word' id='word_1_418' title='bbox 1368 4453 1483 4516; x_wconf 90' lang='lat' dir='ltr'>pacem</span> <span class='ocrx_word' id='word_1_419' title='bbox 1504 4434 1592 4500; x_wconf 90' lang='lat' dir='ltr'>inter</span> <span class='ocrx_word' id='word_1_420' title='bbox 1610 4433 1807 4501; x_wconf 90' lang='lat' dir='ltr'>dissidentes</span> <span class='ocrx_word' id='word_1_421' title='bbox 1824 4433 1993 4518; x_wconf 91' lang='lat' dir='ltr'>theologos</span> <span class='ocrx_word' id='word_1_422' title='bbox 2012 4455 2098 4500; x_wconf 93' lang='lat' dir='ltr'>com·</span> 
     </span>
     <span class='ocr_line' id='line_1_35' title="bbox 96 4541 2097 4630; baseline 0 -18"><span class='ocrx_word' id='word_1_423' title='bbox 96 4545 272 4627; x_wconf 84' lang='lat' dir='ltr'>ponendam</span> <span class='ocrx_word' id='word_1_424' title='bbox 301 4547 450 4610; x_wconf 91' lang='lat' dir='ltr'>omnium</span> <span class='ocrx_word' id='word_1_425' title='bbox 476 4546 720 4630; x_wconf 84' lang='lat' dir='ltr'>paratissimus,</span> <span class='ocrx_word' id='word_1_426' title='bbox 753 4565 857 4628; x_wconf 92' lang='lat' dir='ltr'>quum</span> <span class='ocrx_word' id='word_1_427' title='bbox 882 4541 986 4609; x_wconf 93' lang='lat' dir='ltr'>libelli</span> <span class='ocrx_word' id='word_1_428' title='bbox 1016 4550 1163 4606; x_wconf 90' lang='lat' dir='ltr'>tenorem</span> <span class='ocrx_word' id='word_1_429' title='bbox 1192 4544 1423 4626; x_wconf 87' lang='lat' dir='ltr'>perspexisset,</span> <span class='ocrx_word' id='word_1_430' title='bbox 1453 4546 1633 4629; x_wconf 88' lang='lat' dir='ltr'>approbare</span> <span class='ocrx_word' id='word_1_431' title='bbox 1655 4566 1730 4610; x_wconf 90' lang='lat' dir='ltr'>eum</span> <span class='ocrx_word' id='word_1_432' title='bbox 1756 4544 1897 4611; x_wconf 89' lang='lat' dir='ltr'>firmiter</span> <span class='ocrx_word' id='word_1_433' title='bbox 1923 4546 2097 4613; x_wconf 87' lang='lat' dir='ltr'>recusavit.</span> 
     </span>
     <span class='ocr_line' id='line_1_36' title="bbox 99 4651 2098 4739; baseline 0.001 -17"><span class='ocrx_word' id='word_1_434' title='bbox 99 4651 222 4723; x_wconf 77' lang='lat' dir='ltr'>Scilicet</span> <span class='ocrx_word' id='word_1_435' title='bbox 247 4657 307 4722; x_wconf 92' lang='lat' dir='ltr'>illa</span> <span class='ocrx_word' id='word_1_436' title='bbox 333 4657 584 4723; x_wconf 84' lang='lat' dir='ltr'>triumvirorum</span> <span class='ocrx_word' id='word_1_437' title='bbox 604 4657 745 4722; x_wconf 86' lang='lat' dir='ltr'>formula</span> <span class='ocrx_word' id='word_1_438' title='bbox 766 4656 903 4721; x_wconf 86' lang='lat' dir='ltr'>minimo</span> <span class='ocrx_word' id='word_1_439' title='bbox 926 4677 963 4720; x_wconf 89' lang='lat' dir='ltr'>eo</span> <span class='ocrx_word' id='word_1_440' title='bbox 990 4660 1084 4738; x_wconf 89' lang='lat' dir='ltr'>pacto</span> <span class='ocrx_word' id='word_1_441' title='bbox 1112 4653 1374 4720; x_wconf 90' lang='lat' dir='ltr'>conciliationem</span> <span class='ocrx_word' id='word_1_442' title='bbox 1401 4655 1543 4739; x_wconf 89' lang='lat' dir='ltr'>aliquam</span> <span class='ocrx_word' id='word_1_443' title='bbox 1569 4656 1746 4739; x_wconf 89' lang='lat' dir='ltr'>quaerebat</span> <span class='ocrx_word' id='word_1_444' title='bbox 1777 4663 1814 4722; x_wconf 93' lang='lat' dir='ltr'>ut</span> <span class='ocrx_word' id='word_1_445' title='bbox 1838 4657 2098 4724; x_wconf 87' lang='lat' dir='ltr'>concessionibus</span> 
     </span>
     <span class='ocr_line' id='line_1_37' title="bbox 100 4763 2176 4853; baseline 0.002 -23"><span class='ocrx_word' id='word_1_446' title='bbox 100 4769 243 4853; x_wconf 84' lang='lat' dir='ltr'>utrinque</span> <span class='ocrx_word' id='word_1_447' title='bbox 263 4770 359 4834; x_wconf 86' lang='lat' dir='ltr'>factis</span> <span class='ocrx_word' id='word_1_448' title='bbox 381 4770 473 4853; x_wconf 90' lang='lat' dir='ltr'>quasi</span> <span class='ocrx_word' id='word_1_449' title='bbox 495 4771 530 4834; x_wconf 94' lang='lat' dir='ltr'>in</span> <span class='ocrx_word' id='word_1_450' title='bbox 552 4768 659 4835; x_wconf 93' lang='lat' dir='ltr'>medio</span> <span class='ocrx_word' id='word_1_451' title='bbox 681 4789 793 4834; x_wconf 92' lang='lat' dir='ltr'>rerum</span> <span class='ocrx_word' id='word_1_452' title='bbox 816 4765 953 4834; x_wconf 88' lang='lat' dir='ltr'>docendi</span> <span class='ocrx_word' id='word_1_453' title='bbox 976 4773 1009 4831; x_wconf 89' lang='lat' dir='ltr'>et</span> <span class='ocrx_word' id='word_1_454' title='bbox 1031 4763 1148 4850; x_wconf 87' lang='lat' dir='ltr'>agendi</span> <span class='ocrx_word' id='word_1_455' title='bbox 1171 4786 1320 4830; x_wconf 90' lang='lat' dir='ltr'>normam</span> <span class='ocrx_word' id='word_1_456' title='bbox 1343 4774 1512 4845; x_wconf 85' lang='lat' dir='ltr'>statueret,</span> <span class='ocrx_word' id='word_1_457' title='bbox 1537 4766 1605 4847; x_wconf 90' lang='lat' dir='ltr'>sed,</span> <span class='ocrx_word' id='word_1_458' title='bbox 1628 4776 1664 4832; x_wconf 92' lang='lat' dir='ltr'>ut</span> <span class='ocrx_word' id='word_1_459' title='bbox 1686 4789 1751 4832; x_wconf 92' lang='lat' dir='ltr'>uno</span> <span class='ocrx_word' id='word_1_460' title='bbox 1773 4766 1874 4833; x_wconf 86' lang='lat' dir='ltr'>verbo</span> <span class='ocrx_word' id='word_1_461' title='bbox 1896 4790 1967 4834; x_wconf 91' lang='lat' dir='ltr'>rem</span> <span class='ocrx_word' id='word_1_462' title='bbox 1990 4769 2098 4836; x_wconf 89' lang='lat' dir='ltr'>absol·</span> <span class='ocrx_word' id='word_1_463' title='bbox 2167 4804 2176 4819; x_wconf 91' lang='lat'><strong>·</strong></span> 
     </span>
     <span class='ocr_line' id='line_1_38' title="bbox 103 4876 2100 4962; baseline 0.003 -19"><span class='ocrx_word' id='word_1_464' title='bbox 103 4897 221 4959; x_wconf 75' lang='lat' dir='ltr'>umus,</span> <span class='ocrx_word' id='word_1_465' title='bbox 253 4880 322 4946; x_wconf 83' lang='lat' dir='ltr'>lere</span> <span class='ocrx_word' id='word_1_466' title='bbox 347 4879 383 4945; x_wconf 93' lang='lat' dir='ltr'>in</span> <span class='ocrx_word' id='word_1_467' title='bbox 410 4880 562 4947; x_wconf 90' lang='lat' dir='ltr'>omnibus</span> <span class='ocrx_word' id='word_1_468' title='bbox 589 4881 757 4946; x_wconf 87' lang='lat' dir='ltr'>doctrinae</span> <span class='ocrx_word' id='word_1_469' title='bbox 779 4886 813 4943; x_wconf 95' lang='lat' dir='ltr'>et</span> <span class='ocrx_word' id='word_1_470' title='bbox 834 4878 1024 4962; x_wconf 88' lang='lat' dir='ltr'>disciplinae</span> <span class='ocrx_word' id='word_1_471' title='bbox 1048 4876 1209 4960; x_wconf 89' lang='lat' dir='ltr'>capitibus</span> <span class='ocrx_word' id='word_1_472' title='bbox 1234 4879 1475 4960; x_wconf 86' lang='lat' dir='ltr'>pontificiorum</span> <span class='ocrx_word' id='word_1_473' title='bbox 1497 4878 1618 4961; x_wconf 88' lang='lat' dir='ltr'>placita</span> <span class='ocrx_word' id='word_1_474' title='bbox 1639 4878 1829 4945; x_wconf 88' lang='lat' dir='ltr'>vindicabat</span> <span class='ocrx_word' id='word_1_475' title='bbox 1850 4887 1884 4944; x_wconf 87' lang='lat' dir='ltr'>et</span> <span class='ocrx_word' id='word_1_476' title='bbox 1904 4880 2100 4949; x_wconf 89' lang='lat' dir='ltr'>traditiones</span> 
     </span>
     <span class='ocr_line' id='line_1_39' title="bbox 106 4987 2098 5076; baseline 0.004 -21"><span class='ocrx_word' id='word_1_477' title='bbox 106 4991 252 5069; x_wconf 76' lang='lat' dir='ltr'>servabat,</span> <span class='ocrx_word' id='word_1_478' title='bbox 273 4991 478 5075; x_wconf 88' lang='lat' dir='ltr'>paucissimis</span> <span class='ocrx_word' id='word_1_479' title='bbox 499 4992 645 5076; x_wconf 84' lang='lat' dir='ltr'>exceptis</span> <span class='ocrx_word' id='word_1_480' title='bbox 666 4992 702 5056; x_wconf 90' lang='lat' dir='ltr'>in</span> <span class='ocrx_word' id='word_1_481' title='bbox 724 4989 856 5074; x_wconf 88' lang='lat' dir='ltr'>quibus,</span> <span class='ocrx_word' id='word_1_482' title='bbox 880 4991 960 5056; x_wconf 90' lang='lat' dir='ltr'>dum</span> <span class='ocrx_word' id='word_1_483' title='bbox 981 4988 1156 5056; x_wconf 89' lang='lat' dir='ltr'>concilium</span> <span class='ocrx_word' id='word_1_484' title='bbox 1172 4989 1327 5071; x_wconf 86' lang='lat' dir='ltr'>generale</span> <span class='ocrx_word' id='word_1_485' title='bbox 1348 4987 1445 5054; x_wconf 85' lang='lat' dir='ltr'>aliter</span> <span class='ocrx_word' id='word_1_486' title='bbox 1465 4993 1633 5071; x_wconf 88' lang='lat' dir='ltr'>statuerit,</span> <span class='ocrx_word' id='word_1_487' title='bbox 1655 5011 1716 5074; x_wconf 91' lang='lat' dir='ltr'>pro</span> <span class='ocrx_word' id='word_1_488' title='bbox 1739 4998 1884 5075; x_wconf 84' lang='lat' dir='ltr'>tempore</span> <span class='ocrx_word' id='word_1_489' title='bbox 1905 4994 2098 5062; x_wconf 85' lang='lat' dir='ltr'>Protestan-</span> 
     </span>
    </p>

    <p class='ocr_par' dir='ltr' id='par_1_7' title="bbox 109 5096 2097 5189">
     <span class='ocr_line' id='line_1_40' title="bbox 109 5096 2097 5189; baseline 0.005 -26"><span class='ocrx_word' id='word_1_490' title='bbox 109 5096 179 5163; x_wconf 85' lang='lat' dir='ltr'>tium</span> <span class='ocrx_word' id='word_1_491' title='bbox 197 5101 369 5185; x_wconf 88' lang='lat' dir='ltr'>postulatis</span> <span class='ocrx_word' id='word_1_492' title='bbox 390 5103 622 5187; x_wconf 88' lang='lat' dir='ltr'>acquiescebat.</span> <span class='ocrx_word' id='word_1_493' title='bbox 667 5101 780 5184; x_wconf 77' lang='lat' dir='ltr'>Quum</span> <span class='ocrx_word' id='word_1_494' title='bbox 802 5103 889 5169; x_wconf 94' lang='lat' dir='ltr'>enim</span> <span class='ocrx_word' id='word_1_495' title='bbox 911 5102 1007 5170; x_wconf 89' lang='lat' dir='ltr'>multi</span> <span class='ocrx_word' id='word_1_496' title='bbox 1027 5100 1150 5183; x_wconf 89' lang='lat' dir='ltr'>passim</span> <span class='ocrx_word' id='word_1_497' title='bbox 1174 5098 1319 5167; x_wconf 83' lang='lat' dir='ltr'>ministri</span> <span class='ocrx_word' id='word_1_498' title='bbox 1340 5119 1461 5164; x_wconf 84' lang='lat' dir='ltr'>uxores</span> <span class='ocrx_word' id='word_1_499' title='bbox 1482 5100 1644 5168; x_wconf 89' lang='lat' dir='ltr'>haberent</span> <span class='ocrx_word' id='word_1_500' title='bbox 1665 5124 1747 5186; x_wconf 88' lang='lat' dir='ltr'>quas</span> <span class='ocrx_word' id='word_1_501' title='bbox 1768 5104 1942 5189; x_wconf 91' lang='lat' dir='ltr'>repudiare</span> <span class='ocrx_word' id='word_1_502' title='bbox 1961 5107 2097 5188; x_wconf 86' lang='lat' dir='ltr'>nollent,</span> 
     </span>
    </p>
   </div>
   <div class='ocr_carea' id='block_1_6' title="bbox 0 0 2314 5892">
    <p class='ocr_par' dir='ltr' id='par_1_8' title="bbox 0 0 2314 5892">
     <span class='ocr_line' id='line_1_41' title="bbox 0 0 2314 5892; baseline 0 0"><span class='ocrx_word' id='word_1_503' title='bbox 0 0 2314 5892; x_wconf 95' lang='lat' dir='ltr'> </span> 
     </span>
    </p>
   </div>
  </div>
 </body>
</html>
