4620 5894
145 207 208 270 ost
945 204 948 209 ’
1051 198 1263 267 ΙΝΤΕΒΙΜ.
2104 195 2168 261 568

148 392 270 459 mirum
291 388 505 473 confimatio,
532 410 628 474 quom
648 389 841 456 celebrarem
861 389 1010 473 apostoli,
1038 409 1137 474 quum
1189 386 1310 468 nune,
1331 387 1414 471 quod
1429 391 1503 469 post
1524 386 1681 471 baptisma
1698 387 1741 452 sit
1760 384 1850 451 nobis
1865 390 2018 471 unquam
2032 386 2171 454 sunnia

152 476 373 545 samaritanis
394 477 589 558 imponerent
608 496 739 556 manus,
767 494 838 541 arm
857 475 930 541 eddi
950 475 1048 542 buius
1068 475 1137 560 cffi-
1187 473 1298 540 tabula
1327 474 1363 538 in
1388 473 1567 557 naufraqio,
1617 472 1662 537 In
1687 471 1769 538 bunc
1800 472 1883 537 enon
1911 493 2006 538 nsum
2034 472 2172 538 oman

150 564 254 644 cacia,
283 568 318 628 ut
341 563 377 628 in
398 561 531 628 Actibus
559 562 769 645 apostolarum
795 563 950 646 scriptum
974 567 1018 628 est
1045 560 1134 648 (Act.
1189 558 1304 625 moun
1325 559 1472 638 soluendi,
1494 560 1655 640 inquiens:
1677 558 1821 641 Accipite
1841 559 1991 640 spicitmn
2012 562 2171 625 sandrin:

150 648 280 734 8,17).·
307 653 336 714 ct
363 647 524 732 quodbic
551 647 836 732 eperuntapostcli
865 646 985 715 Obristi
1013 648 1137 715 nominc
1188 664 1322 728 cuonem
1347 645 1533 710 remiseritis
1559 649 1703 726 pacata,
1735 645 1937 711 remittuntur
1965 646 2013 710 eis
2038 645 2167 730 (Ionan,

148 736 304 820 fuerunt:
339 735 429 800 etin
462 735 608 818 mysterio
640 734 695 799 boc
727 734 917 815 inducendo,
949 754 1013 800 non
1043 734 1137 800 alita
1189 735 1241 811 20,
1264 731 1332 816 23).
1378 729 1521 797 Simidac
1537 731 1620 795 enim
1635 735 1829 812 peccatorem
1850 732 1969 813 peccati
1990 732 2043 796 sui
2057 731 2170 814 poeni·

148 840 248 906 quam
280 820 315 884 in
347 819 425 885 aliis
456 819 609 902 partibm
628 820 771 886 muneris
798 821 864 899 sui,
896 821 994 886 amem
1017 818 1137 887 &insti
1189 821 1323 897 tct[1ng.
1343 821 1492 897 32]rcre,
1510 817 1739 899 idmipuecm
1756 815 1878 898 fiducia
1895 817 2012 883 mcedit
2027 818 2072 882 ad
2087 816 2170 883 mn

146 907 283 992 pessisse
319 907 464 974 ardetur
497 910 572 986 [pag.
602 910 667 986 30].
728 905 887 972 Innititur
918 912 1022 972 cutem
1053 925 1136 990 mps-
1188 923 1265 968 num
1290 903 1540 981 misericordiae,
1576 904 1729 970 deradit
1755 901 1809 967 loc
1835 908 2029 969 sacramenta
2056 903 2169 984 accipi,

150 993 267 1060 tenum
293 991 349 1058 boc
369 991 639 1073 promissionibus
671 990 791 1058 Christi
822 992 861 1058 de
896 993 1004 1077 qratia
1040 991 1138 1074 spiri-
1188 989 1271 1073 quod
1294 988 1441 1056 Glnisbcs
1459 988 1625 1071 promisit,
1651 989 1687 1071 fit
1708 990 1738 1054 ei
1759 990 1854 1054 sicuti
1874 989 1984 1054 aedit:
2011 1009 2066 1056 nec
2086 989 2171 1055 deest

150 1084 202 1146 tus
223 1078 333 1158 sancti,
355 1076 453 1143 buius
532 1078 696 1144 musione:
722 1077 791 1162 Epo
812 1078 934 1145 mittam
950 1078 1137 1161 prmuissio-
1189 1081 1381 1142 sacramento
1407 1075 1481 1140 laic
1507 1075 1590 1157 quod
1611 1075 1807 1158 mammeam
1831 1079 1884 1140 est.
1941 1073 1981 1142 Ut
2006 1077 2091 1142 enim
2118 1096 2170 1142 sa·

150 1184 222 1231 nem
242 1164 354 1246 patris
382 1163 465 1229 mci¹
511 1164 547 1228 in
574 1184 629 1229 ros
651 1163 747 1247 (Luc.
767 1167 819 1243 24,
838 1162 905 1248 49).
950 1162 1048 1230 Item:
1072 1162 1137 1228 Pa-
1188 1166 1349 1228 eramenta
1378 1161 1462 1240 alia,
1503 1162 1550 1226 sic
1577 1167 1606 1226 ct
1637 1160 1692 1226 boc
1724 1162 1788 1226 cim
1819 1160 1909 1226 babet
1938 1160 2168 1243 sanctificandi.

149 1250 285 1317 racletus
306 1253 411 1315 autem
433 1249 583 1332 spiritus,
612 1269 703 1330 quem
724 1251 822 1315 mittet
842 1253 938 1332 pater
958 1250 995 1314 in
1014 1250 1138 1315 nmninc
1191 1245 1342 1313 Consistit
1362 1252 1465 1313 aman
1481 1253 1712 1313 samanuntum
1732 1246 1787 1312 boc
1803 1247 1839 1311 in
1859 1245 2051 1314 absolutionc
2067 1268 2170 1314 sacer·

148 1356 224 1417 meo,
246 1335 301 1400 ille
322 1334 440 1400 docebit
459 1353 515 1400 cos
536 1335 643 1400 munia
664 1335 795 1420 (Isana
821 1339 870 1415 14,
890 1333 956 1420 26).
1190 1334 1285 1412 dotis,
1314 1354 1394 1414 qnae
1415 1334 1605 1398 institutori
1631 1334 1720 1398 verbo
1751 1332 1871 1398 curtat
1897 1333 2028 1413 nititur,
2055 1335 2113 1415 pui
2133 1334 2169 1398 in

224 1420 285 1509 ,Er
305 1439 491 1503 quanquam
511 1426 740 1488 sacramentum
768 1419 1017 1502 coniunctionis
1044 1420 1137 1486 initio
1189 1417 1530 1500 bomrempctestatcm
1542 1438 1635 1484 snam
1646 1418 2170 1502 delcpatsaeerdotibusdnqiicus:

147 1507 350 1590 innomine
376 1525 531 1572 manum
558 1511 679 1572 tontmn
711 1505 895 1573 celebratmn
920 1506 997 1589 fuit,
1034 1511 1139 1572 tamen
1192 1503 1281 1570 Sient
1301 1524 1350 1570 me
1368 1505 1458 1570 misit
1471 1509 1580 1586 poter,
1601 1509 1628 1569 et
1649 1525 1701 1589 epo
1722 1505 1810 1569 mitto
1830 1525 1901 1570 vos:
1922 1505 2053 1587 arripite
2072 1505 2170 1586 spiri·

147 1592 279 1662 ecclesia
314 1591 372 1657 sub
401 1593 486 1673 ipsis
517 1592 625 1657 statim
651 1578 861 1676 speculorum
884 1591 1072 1676 nunnitus
1099 1611 1138 1657 cc
1190 1596 1257 1655 tum
1284 1595 1441 1656 sanctum:
1467 1610 1601 1673 quorum
1627 1591 1812 1656 remiseritis
1832 1595 1977 1672 peccata,
2008 1592 2172 1658 remittun-

145 1678 319 1747 coruudem
340 1678 524 1759 traditione,
550 1684 586 1743 nt
606 1683 728 1744 omnm
749 1679 839 1764 sipno
864 1679 1021 1745 mamam
1041 1678 1138 1761 spiri·
1188 1680 1240 1741 tur
1261 1677 1316 1742 eis.

147 1769 201 1831 tus
227 1763 333 1830 sancti
360 1763 538 1830 unctionem
566 1763 757 1850 desipnmet,
791 1764 871 1829 ritui
898 1765 967 1830 eius
995 1763 1139 1830 adbibrdt
1279 1761 1342 1828 Sed
1363 1762 1440 1844 quia
1461 1766 1564 1828 tanton
1584 1762 1728 1828 sacerdos
1749 1781 1812 1826 non
1837 1762 1939 1827 solum
1965 1762 2056 1829 babet
2068 1767 2172 1845 potes·

150 1850 301 1931 annun,
324 1868 396 1915 cum
417 1850 624 1932 impressione
643 1851 728 1935 sipni
749 1854 876 1949 sanatae
897 1850 1019 1950 crucis:
1046 1869 1138 1932 quem
1188 1852 1282 1946 mun
1301 1849 1491 1946 remuttendi,
1519 1868 1627 1912 oerum
1647 1849 1742 1946 etiam
1763 1847 1893 1931 lipandi,
1920 1869 2019 1930 quum
2038 1853 2171 1931 utraque

148 1940 679 2102 bb'brorcmnbnmb'bbbbceitperbbmcbbbssf
696 1935 1139 2104 qeibbslesfblmeeblbhsozbcubsapfflnos
1189 1935 1984 2101 wzznmmfflgagmwnmrumqaje
2001 2020 2100 2086 clauis
2115 2041 2172 2103 po·

149 2107 349 2192 reperieraoit
369 2127 409 2171 eu·
428 2127 515 2188 aqua
533 2112 562 2173 et
580 2109 709 2190 spiritu,
721 2108 842 2173 eosdem
863 2107 1074 2190 bocmpstcrio
1091 2107 1138 2171 ita
1189 2109 1327 2172 testatem
1350 2106 1478 2186 accipit:
1500 2124 1554 2168 nco
1575 2124 1644 2169 eam
1661 2125 1799 2170 emersere
1810 2125 1912 2187 posse,
1935 2107 2001 2171 nisi
2017 2105 2172 2191 intellipat

150 2193 351 2277 mmipnari,
378 2197 414 2256 nt
435 2193 645 2275 septiformem
666 2195 816 2276 spiritum
837 2199 980 2258 sanetum
995 2192 1139 2276 paracio
1189 2196 1297 2256 utrum
1317 2192 1469 2256 remittere
1491 2210 1533 2255 an
1554 2191 1685 2255 rotinere
1705 2192 1820 2257 ddeat.
1867 2191 1945 2257 Tale
1962 2197 2067 2258 auum
2088 2193 2172 2258 indi·

149 2282 217 2346 bem
239 2278 278 2343 de
302 2277 404 2356 coelis,
425 2278 577 2361 spiritmn
597 2279 771 2361 sapientiae
792 2283 820 2343 et
840 2278 1019 2358 mutuans,
1041 2279 1139 2361 spiri·
1189 2278 1274 2342 cium
1295 2297 1357 2342 non
1373 2280 1473 2358 potest
1500 2275 1641 2356 aliunde,
1670 2298 1765 2358 quam
1786 2297 1825 2342 ea
1847 2278 2035 2360 confessione
2057 2279 2172 2345 oriset

149 2370 217 2430 turn
239 2363 369 2429 consilii
391 2368 419 2428 et
436 2363 651 2446 fortitudinis,
680 2364 829 2446 spiritum
856 2364 1005 2430 sciurtiac
1026 2365 1139 2446 ctpio
1184 2368 1383 2446 peccatorum
1404 2363 1633 2428 enumeratione
1653 2362 1788 2428 hauriri.
1812 2363 1900 2429 Nam
1912 2382 2010 2445 quum
2017 2364 2172 2448 pleraque

150 2451 228 2517 totis
251 2469 291 2516 ac
313 2449 446 2528 timoris,
468 2451 597 2533 capiant
619 2449 690 2534 (Es.
712 2448 818 2534 11,2).
847 2448 937 2515 Haec
958 2469 1056 2532 quum
1077 2469 1140 2514 cro
1190 2447 1352 2515 boninum
1369 2447 1479 2513 delicta
1500 2448 1569 2513 sine
1586 2452 1658 2513 teste
1669 2448 1907 2530 committantur,
1929 2449 2046 2516 cauca
2066 2457 2172 2517 autem

149 2536 205 2602 dat
227 2540 255 2601 et
280 2536 316 2599 in
337 2535 436 2600 buius
457 2536 647 2601 sacramenti
671 2535 944 2601 administratione
965 2536 1139 2618 testificetur
1190 2535 1326 2600 crineina
1347 2534 1490 2599 annnam
1511 2535 1605 2598 etiam
1626 2536 1768 2600 sancient
1794 2539 1885 2618 atque
1904 2535 2073 2616 obsideant,
2087 2539 2114 2623 ¹)
2134 2556 2172 2603 ac

149 2621 277 2687 eulesio
307 2620 474 2700 catbotica,
503 2641 584 2704 puae
610 2625 657 2686 est
683 2622 800 2705 optima
826 2622 1045 2706 nepdericrum
1073 2619 1139 2688 Dei
1189 2619 1369 2702 manifestis
1390 2619 1548 2686 interdum
1566 2621 1718 2702 praoiom
1740 2627 1769 2685 et
1783 2621 2013 2704 periculosiora
2030 2623 2105 2703 sint,
2121 2643 2172 2689 sa-

149 2708 325 2788 interpres:
348 2707 405 2790 qni
427 2707 521 2773 aliter
542 2708 642 2787 sentit,
665 2707 793 2773 candem
815 2711 907 2807 nepot
925 2707 1071 2774 ueritatis
1092 2726 1138 2773 co-
1189 2706 1295 2772 cerdos
1316 2706 1354 2770 de
1375 2705 1426 2771 bis
1447 2726 1509 2771 non
1530 2725 1607 2770 sane
1626 2707 1770 2772 iudicare
1785 2711 1899 2790 potest,
1926 2709 2071 2790 misiam
2093 2730 2172 2776 conr-

148 2792 292 2859 lunmam
317 2791 745 2877 essentquefirmamentmn
768 2793 954 2877 (1T1m.3,
977 2793 1043 2878 16).
1188 2792 1278 2859 ncisit
1304 2812 1342 2857 ea
1369 2796 1522 2856 recenseat
1550 2795 1578 2856 ct
1604 2792 1798 2873 confiteatur,
1825 2798 1853 2858 ct
1881 2793 1956 2858 laec
1984 2814 2048 2860 sna
2075 2795 2171 2878 quasi

243 2877 305 2944 Vis
329 2879 431 2964 ipitm
448 2880 637 2946 sacramenti
658 2877 756 2946 luins
772 2885 825 2960 est,
846 2884 883 2944 ut
899 2879 956 2963 qni
973 2899 1006 2946 co
1027 2877 1138 2961 mirfic-
1186 2877 1318 2944 outmra
1337 2878 1406 2958 ipse
1425 2877 1558 2959 aperiat.

146 2969 287 3045 mantnr,
314 2965 472 3046 accipiant
492 2965 644 3047 spiritum
664 2969 816 3047 sanctum,
838 2986 898 3048 quo
920 2967 956 3031 in
977 2966 1032 3031 nia
1052 2965 1138 3031 saln-
1276 2967 1350 3042 [pag.
1375 2968 1429 3043 33]
1453 2962 1566 3044 Itaque
1593 2968 1747 3044 audenus
1773 2964 1816 3029 ad
1837 2965 1984 3030 sananda
2010 2965 2172 3032 hominm

146 3052 189 3118 tis
205 3051 373 3135 proprcdi,
391 3071 602 3134 perseuerare,
625 3057 654 3117 et
676 3056 751 3132 [pag.
777 3057 831 3131 31]
853 3050 1073 3117 tentationibus
1090 3056 1137 3117 at·
1188 3050 1302 3116 delicta
1318 3049 1525 3131 poenitentiae
1548 3049 1720 3114 remedium
1741 3055 1948 3116 monstratum
1969 3057 2024 3131 est,
2045 3057 2173 3119 eatenm

144 3157 204 3222 que
220 3137 358 3204 insidiis
383 3139 506 3216 amnis,
537 3137 664 3218 muudi,
693 3137 812 3204 diabdi
834 3137 969 3220 fdiciter
993 3138 1138 3204 resistere
1189 3137 1285 3202 etiam
1312 3135 1462 3217 confessio
1479 3134 1675 3217 pomdutis,
1696 3155 1767 3201 eum
1789 3137 2016 3202 enumeratione
2031 3144 2174 3220 pcccato-

139 3223 274 3307 passim.
1187 3242 1268 3302 ram,
1291 3220 1380 3287 nobis
1396 3221 1606 3287 commaculata
1627 3222 1764 3288 cidetm:
1785 3243 1885 3303 quare
1895 3227 1931 3287 ut
1942 3231 2173 3290 sacramentum

231 3309 278 3373 At
286 3309 317 3394 ²)
342 3309 421 3391 qnia
436 3309 585 3392 plerique
597 3328 706 3375 comum
722 3308 779 3392 qui
800 3307 1009 3391 baptizantur,
1032 3309 1137 3392 infan-
1182 3309 1393 3391 poenitentiae
1414 3313 1564 3389 unquam
1586 3307 1779 3374 salutarcet
1804 3310 2017 3374 nmessarium
2032 3310 2173 3391 proban·

145 3399 189 3459 tes
210 3399 293 3474 sunt,
318 3414 373 3460 nec
388 3393 465 3475 fidei
477 3396 706 3478 professionem
721 3415 784 3477 per
805 3415 839 3460 se
859 3395 960 3473 edunt,
983 3397 1138 3461 conueniet
1188 3395 1265 3461 dum
1287 3400 1332 3460 est
1355 3394 1473 3476 populo
1499 3393 1684 3473 obrutione,
1719 3396 1765 3459 ita
1798 3396 1872 3477 ipsa
1899 3395 1995 3460 etiam
2021 3398 2174 3479 mrfesno

145 3483 181 3544 ut
196 3481 309 3560 pueri,
335 3481 523 3562 prumiam
546 3481 667 3560 adulti,
690 3481 728 3546 de
748 3481 899 3564 rdipione
922 3478 1041 3547 Obristi
1069 3483 1137 3547 iam
1188 3484 1430 3564 etpeccatoumc
1451 3481 1650 3558 enumeratio,
1673 3501 1753 3562 quae
1774 3487 1808 3545 ut
1829 3502 1892 3546 non
1908 3481 2005 3545 nimis
2028 3483 2175 3551 mando

146 3566 228 3631 satis
253 3565 420 3645 instructi,
443 3567 487 3630 ad
502 3567 744 3649 percipiendum
766 3565 1010 3647 mndrmationis
1031 3587 1137 3633 sacra-
1189 3572 1241 3646 est,
1264 3567 1310 3632 ita
1330 3567 1473 3633 uicissim
1494 3586 1556 3631 non
1573 3567 1670 3631 nimis
1693 3567 1905 3651 astrinpenda.
1940 3566 2067 3633 Delicta
2089 3571 2175 3635 enim

146 3655 284 3714 mentum
314 3652 477 3730 accedunt,
504 3651 599 3732 fidem
628 3649 796 3718 Obrietiet
824 3651 1028 3717 obedientimn
1049 3654 1137 3719 cccle-
1188 3654 1261 3734 quis
1283 3652 1428 3736 intellipit
1450 3651 1554 3736 (Psal.
1573 3656 1621 3729 19,
1643 3653 1723 3736 13).9
1751 3652 1864 3736 Itaque
1875 3655 2087 3720 mmneranda
2101 3662 2175 3721 snut

146 3736 215 3802 siae
236 3755 293 3800 suo
323 3737 422 3801 etiam
448 3757 500 3802 ore
523 3737 749 3821 profiteantur,
778 3737 927 3802 ctieiuni
954 3743 1046 3818 atque
1067 3759 1137 3804 con-
1185 3743 1321 3822 peccata,
1343 3757 1423 3818 quac
1439 3757 1502 3803 non
1523 3737 1650 3818 quidem
1671 3740 1768 3804 arcuie
1789 3740 1895 3819 nimis,
1919 3741 1975 3806 sed
1995 3744 2102 3806 tannen
2124 3743 2175 3808 di·

146 3823 225 3905 fessi
247 3820 304 3887 boc
325 3842 419 3888 sacro
441 3824 588 3906 mysterio
606 3823 779 3905 initientur,
801 3823 1060 3905 quemadmodum
1076 3846 1138 3907 per
1189 3825 1317 3908 lipenter
1338 3822 1487 3906 copitarcti
1508 3828 1537 3886 et
1557 3843 1623 3887 sese
1644 3826 1810 3890 excutienti
1832 3827 1866 3888 in
1888 3830 2018 3891 mertem
2035 3829 2173 3894 omnent.

146 3908 316 3975 concilium
348 3908 581 3974 Aurelianense
603 3909 803 3975 constitutum
829 3914 882 3974 est.
929 3909 1002 3973 Non
1034 3915 1138 3976 tamen
1192 3909 1278 3990 Quae
1300 3912 1403 3972 auton
1425 3909 1459 3971 in
1481 3913 1610 3973 mentem
1638 3931 1698 3975 nou
1720 3913 1860 3991 veniunt,
1886 3913 2029 3996 penerali
2055 3914 2175 3997 confes-

146 4014 325 4075 musanus,
349 3999 519 4076 propterca
543 3994 699 4078 parrulos
725 3993 765 4060 ab
791 3993 846 4060 boc
872 4001 1065 4061 sacramento
1087 4017 1136 4061 re·
1189 3994 1273 4060 sioni
1294 3997 1371 4058 recte
1391 3993 1609 4074 includuntur,
1638 4002 1667 4061 et
1688 3997 1787 4062 nihilo
1816 4000 1923 4063 minus
1951 4018 1988 4063 ea
2009 4001 2176 4066 ranittun·

141 4081 306 4164 pellendos
333 4101 416 4160 esse,
444 4101 543 4164 quum
566 4079 712 4147 Circinus
733 4082 801 4162 ipse
827 4102 890 4146 non
917 4080 1070 4148 dubitarit
1090 4083 1137 4147 eis
1188 4085 1249 4160 tur,
1278 4100 1374 4163 quam
1395 4080 1426 4145 si
1449 4101 1486 4145 ea
1508 4081 1675 4161 confitendo
1695 4089 1912 4150 munerasset.
1957 4083 2001 4150 Et
2022 4088 2176 4168 quoniam

147 4188 264 4233 manus
288 4168 447 4250 imponere
470 4167 589 4251 (Maro.
612 4171 660 4245 10,
683 4168 753 4251 14).·
782 4188 844 4232 non
866 4167 949 4232 enim
971 4166 1066 4252 lepcm
1086 4167 1137 4233 bic
1189 4165 1240 4231 bic
1262 4187 1301 4231 ec
1323 4165 1514 4232 absolutione
1531 4170 1697 4248 quaeritur
1717 4171 1817 4249 ouria,
1840 4192 1903 4237 non
1924 4177 2047 4238 tantmn
2068 4174 2176 4238 oneris

147 4253 265 4319 danus
287 4253 430 4320 acdestis.
1189 4253 1322 4333 imponit
1343 4253 1501 4335 confessio,
1523 4259 1675 4335 quartum
1694 4255 1912 4322 consolationis
1934 4257 2087 4323 absolutio
2109 4279 2176 4324 cre-

238 4338 389 4405 Minister
419 4343 523 4405 auum
550 4338 647 4404 luins
673 4340 862 4405 sacramenti
891 4339 935 4404 sit
958 4341 1135 4423 episcopus:
1188 4339 1272 4404 denti
1294 4339 1393 4421 affort.

148 4422 184 4488 id
212 4426 295 4504 quod
316 4445 464 4491 consensu
486 4426 580 4490 totius
602 4425 750 4492 cmlesiac
770 4425 935 4492 catbolicae
963 4431 991 4491 ct
1012 4432 1134 4508 aposto·
1277 4425 1350 4490 Iam
1368 4427 1426 4491 etsi
1443 4426 1502 4490 illa
1519 4427 1702 4508 satisfactio,
1725 4448 1805 4508 quae
1826 4429 1951 4510 ambram
1968 4433 1995 4493 et
2013 4433 2176 4496 aetcrrram

149 4508 252 4574 imum
271 4512 373 4591 pram
394 4511 616 4593 comprobatum.
1182 4531 1319 4594 poenam
1341 4514 1462 4595 capiat,
1488 4511 1694 4612 solinb'brnisto
1722 4514 1887 4580 tribuenda
1908 4520 1966 4596 est,
1994 4515 2176 4598 satisfactio

236 4765 286 4828 Ac
309 4769 458 4847 quoniam
479 4769 621 4835 tornines
642 4771 743 4834 renati
765 4790 857 4852 saepe
881 4771 916 4834 in
935 4772 1052 4853 procia
1073 4773 1134 4836 cri-
1189 4772 1238 4834 sis
1257 4775 1408 4851 suscepta,
1429 4771 1494 4834 sice
1515 4793 1535 4836 a
1552 4770 1704 4852 parociis
1726 4778 1754 4836 et
1775 4773 2041 4855 dispensatoribus
2063 4795 2175 4841 sacra-

148 4851 238 4914 mina
260 4851 418 4930 incubant,
446 4855 585 4919 instituit
608 4853 753 4922 Obuistm
778 4861 1010 4921 sacramentum
1026 4858 1135 4939 poeni
1190 4860 1363 4922 mendorum
1391 4857 1546 4922 iniuncta:
1574 4859 1604 4921 si
1633 4877 1671 4922 en
1696 4857 1759 4938 fide
1789 4864 1817 4924 ct
1844 4859 1972 4926 caritate
1992 4862 2172 4946 perapitun

220 4986 249 5051 1)
268 4990 321 5042 mei
345 4990 429 5042 omitt.
452 4991 619 5057 cannplaria
641 4993 800 5049 authentica
823 4994 967 5063 iamneque
990 4994 1132 5062 sunonis,
1186 5023 1391 5030 —-—--—--

150 5058 212 5112 item
232 5055 282 5111 dd.
304 5056 379 5111 Calc.
415 5073 479 5111 ern.
498 5065 523 5111 et
541 5059 626 5127 Hesp.

219 5125 250 5193 2)
268 5127 309 5182 Ac
327 5128 376 5193 (cu
413 5169 420 5195 ,
439 5129 480 5193 et)
499 5125 559 5181 cdd.
576 5127 691 5182 naemu.
1258 5131 1288 5195 1)
1308 5129 1433 5184 occident
1450 5130 1568 5201 (tibica,
1587 5133 1677 5199 luent)
1697 5131 1758 5186 edd.
1776 5132 1891 5189 eaedem.
