4620 5894
141 200 207 263 cra
1049 195 1254 265 snnvsnl
1569 151 1572 155 ’
2105 198 2159 262 sn

147 390 247 454 cernet
266 383 421 465 metatos,
450 387 506 467 qui
523 408 586 471 pro
608 388 655 451 eis
674 388 721 453 ita
739 407 830 452 orare
850 386 963 466 notuit,
985 408 1037 453 aas
1064 386 1133 453 Deo
1184 385 1389 467 baptistatus?
1444 385 1600 467 wercum
1632 384 1921 464 necatorium?
1974 384 2093 449 Annm
2116 384 2161 450 bie

147 471 375 538 cornorendans.
425 475 549 556 Arpnis
581 472 697 551 adbuc,
732 473 999 538 circumcisionem
1031 473 1133 556 fuisse
1183 473 1403 537 discernantur
1432 471 1510 554 lepis
1542 477 1571 535 et
1595 470 1748 554 enanpdii
1774 472 1948 552 tempora?
1999 470 2160 535 Dardani

149 559 226 623 oiim
247 558 445 640 sipnaartum
464 556 550 637 fidei,
573 560 653 622 sient
674 578 756 622 nrrrcc
778 564 823 623 est
844 558 1039 639 baptismus:
1061 579 1132 641 erpo
1182 558 1302 639 fbedere
1329 558 1413 623 dicit
1440 556 1593 621 Abrabae
1619 556 1726 621 Deus:
1758 556 1836 621 Erit
1861 556 1980 638 foedas
2006 576 2107 620 meum
2130 559 2161 620 in

149 645 232 710 sicut
263 643 441 724 infantibus
474 643 532 707 itia
561 643 772 723 conveniebat,
806 646 852 709 ita
885 648 914 707 et
947 645 1132 724 baptismus.
1183 662 1279 708 carne
1298 648 1410 708 cedro.
1454 642 1578 707 Deinde
1604 644 1693 707 nabis
1708 661 1770 724 per
1789 641 1981 729 propiciam
2001 642 2063 706 ait:
2094 642 2162 706 Erit

148 729 340 817 Ariteccdens
372 728 512 807 probaris
524 732 548 808 ¹)
591 750 630 795 en
665 730 769 793 Pania
801 730 845 795 od
879 728 970 794 Rom.
995 735 1024 793 4.
1085 730 1134 793 At
1182 729 1293 810 foedus
1314 748 1418 791 meum
1439 730 1475 791 in
1495 728 1612 808 spiritu
1633 734 1740 793 oestro.
1787 726 1874 793 Olim
1896 729 1932 792 in
1960 729 2087 793 camab
2104 729 2161 809 foe·

151 812 344 880 Pontus-ibi
365 818 471 895 aperte
491 815 583 894 docet,
607 816 872 881 circumcisionem
889 816 925 878 in
947 814 1132 879 Abrabaoio
1184 815 1255 877 dare
1277 818 1352 894 [pag.
1372 820 1449 892 618]
1466 813 1602 893 pacnuti
1622 814 1731 879 carnis
1751 814 1958 878 censebantur
1965 814 2040 896 filii
2075 814 2163 878 Nunc

145 902 249 983 fuisse
277 899 475 982 sipnacuinm
502 900 648 965 institiae
674 900 751 982 fidei
778 902 898 981 bimus,
927 900 1133 982 praefuerat
1184 901 1234 964 itti
1268 900 1329 964 sati
1354 903 1428 964 sunt
1451 898 1529 979 fitii,
1562 901 1618 980 qui
1640 919 1702 980 per
1726 900 1822 979 fidem
1851 900 1934 979 fimat
1965 900 2031 980 fitii
2056 898 2127 964 Dei.
2138 904 2161 981 ¹)

148 987 186 1051 in
201 985 380 1066 praeputio.
427 984 500 1047 Non
517 987 571 1065 ait,
594 988 629 1050 in
650 985 830 1067 infantibus
850 1005 917 1051 esse
935 986 1133 1069 sipnacutum
1188 988 1293 1066 Quum
1311 984 1424 1065 foedus
1444 984 1526 1049 itiud
1552 984 1593 1049 ab
1614 986 1738 1066 inferno
1760 1005 1822 1049 non
1843 984 2006 1063 liberaret,
2031 992 2060 1049 ει
2078 1005 2161 1048 rnen

143 1071 360 1153 praecedentis
377 1090 484 1135 eornm
499 1071 585 1151 fidei,
607 1091 687 1152 piae
706 1072 843 1153 fooirr)
866 1073 900 1135 in
917 1092 1023 1136 mrum
1037 1091 1132 1154 prae·
1184 1071 1271 1135 daria
1292 1069 1452 1147 tribueret,
1481 1070 1525 1135 ad
1545 1070 1581 1134 id
1603 1068 1844 1134 admittebantur
1873 1070 2028 1151 infantes,
2057 1076 2093 1133 ut
2111 1070 2162 1135 sub

143 1159 244 1239 patio.
289 1154 395 1238 Lonpe
415 1157 529 1220 metius
547 1158 759 1236 conclusisses,
780 1158 882 1222 instar
903 1157 1055 1222 Abrabae
1075 1178 1132 1220 nos
1184 1155 1249 1220 Dei
1272 1157 1463 1235 protectione
1490 1155 1635 1220 aionem.
1683 1154 1833 1221 Carnutis
1860 1156 1922 1222 itia
1949 1156 2069 1237 filictia
2093 1157 2162 1220 otini

148 1262 237 1308 aeros
256 1241 342 1321 filios
363 1242 487 1307 adattos
507 1242 614 1307 debere
635 1244 772 1324 accipere
793 1243 992 1326 sipnacuium
1012 1242 1133 1323 fideiet
1181 1241 1341 1325 fipurabat
1366 1240 1578 1305 mbtimiorcm
1605 1241 1718 1318 ctiam,
1749 1261 1845 1322 quam
1873 1242 1987 1306 attulit
2015 1240 2161 1307 cbristus.

149 1328 301 1393 iustitiae.
350 1328 438 1407 Quod
459 1328 498 1392 de
519 1334 715 1393 sacramenta
736 1329 947 1410 poententiao
967 1328 1012 1391 ibi
1034 1328 1130 1407 indis,
1187 1328 1275 1407 Quod
1292 1327 1328 1389 in
1343 1326 1495 1406 parcatis
1511 1327 1619 1392 carnis
1636 1325 1710 1393 olim
1724 1326 1897 1409 poetam,
1916 1327 2085 1413 fipurabat
2099 1328 2162 1393 sub

149 1415 318 1496 indipnum
346 1417 392 1477 est
418 1415 631 1494 responsione,
659 1434 756 1494 auum
788 1419 1006 1497 arpumentum
1026 1416 1132 1485 facias
1184 1413 1310 1478 timicra
1332 1413 1399 1477 abia
1420 1413 1456 1475 in
1469 1412 1619 1492 parcatis
1635 1413 1770 1494 spiritis
1785 1412 2029 1493 pcrttbristum
2048 1414 2162 1496 frama

149 1520 189 1564 ea
205 1498 331 1563 uocibus
343 1518 406 1579 pro
424 1502 480 1562 tna
498 1496 629 1563 libidine
645 1499 790 1579 confictis,
814 1500 897 1580 quod
915 1519 969 1582 epa
990 1501 1129 1564 detestor.
1184 1497 1344 1579 Expedita
1371 1498 1440 1561 iam
1465 1502 1512 1562 est
1537 1499 1699 1581 responsio
1727 1498 1770 1562 ad
1796 1498 1849 1577 id,
1877 1500 1965 1579 quad
1985 1500 2025 1563 dc
2047 1500 2162 1564 carnoti

151 1584 241 1648 Haec
262 1588 307 1648 est
327 1585 378 1648 nis
399 1586 574 1666 arpumenti
595 1585 657 1648 tni:
691 1584 934 1649 (brarmcisione
955 1585 1131 1665 infamibus
1183 1584 1300 1647 semine
1321 1582 1470 1647 Abrabae
1488 1588 1523 1647 tu
1544 1585 1632 1648 citas.
1671 1582 1744 1648 Viae
1763 1584 1908 1649 carnaiis
1931 1591 1980 1649 est
2000 1586 2093 1650 notris
2107 1586 2161 1667 spi

149 1671 242 1748 data,
281 1669 501 1734 circumcidere
543 1670 639 1735 corda
677 1671 743 1734 oiri
781 1670 891 1735 deinde
928 1670 1132 1735 monebantur
1183 1668 1301 1732 rduaie
1333 1688 1444 1733 sanan.
1493 1668 1603 1733 Sanan
1631 1667 1782 1733 Abrabae
1804 1668 1959 1735 Obristns
1986 1678 2049 1749 cst,
2082 1672 2160 1747 etii

150 1754 259 1839 (Dant.
284 1759 330 1817 10
350 1759 378 1818 ει
400 1752 463 1817 der.
489 1759 533 1832 4),
562 1774 633 1838 erpo
662 1754 838 1837 baptismus
864 1755 1042 1836 infantibus
1063 1776 1132 1821 con·
1183 1756 1239 1835 oni
1261 1755 1290 1817 ci
1310 1754 1448 1819 credunt.
1495 1754 1582 1835 (trad
1611 1754 1729 1820 dionem
1755 1754 1838 1821 iilud
1860 1755 2020 1821 Abrabae
2049 1778 2112 1822 non
2126 1756 2161 1821 ab

150 1840 245 1918 vend,
272 1844 307 1903 ut
327 1840 455 1919 pariter
482 1845 677 1905 moneantur.
733 1839 842 1923 Inepte
865 1843 995 1922 ponas
1020 1842 1130 1921 infers,
1181 1839 1266 1920 filios
1285 1841 1401 1918 carnis,
1423 1840 1478 1904 sed
1495 1840 1538 1904 ad
1557 1840 1641 1921 filios
1662 1842 1795 1920 spiritus
1811 1841 1922 1906 debeat
1938 1841 2034 1907 bodie
2050 1844 2159 1923 referri,

149 1926 245 2005 idque
266 1927 385 2008 mapis,
413 1926 491 2006 quia
520 1947 581 1988 noa
603 1931 649 1990 est
669 1927 791 2009 intepra
812 1926 994 1990 similitudo.
1038 1926 1131 2017 Bpp·
1183 1926 1345 2006 manifeste
1365 1926 1447 1989 docet
1471 1925 1606 2005 Paulus,
1634 1927 1754 2003 dacus,
1782 1927 2160 2007 anastasianam

147 2013 236 2075 tisnn
257 2012 307 2075 ris
327 2030 389 2073 non
410 2012 444 2074 in
465 2032 498 2075 ca
520 2012 669 2091 consistit,
700 2016 774 2089 [pag.
794 2017 870 2088 617]
892 2018 928 2076 ut
950 2012 989 2075 ab
1010 2012 1132 2095 infante
1183 2030 1241 2087 eos,
1264 2011 1320 2090 qni
1348 2032 1387 2074 ea
1412 2011 1474 2091 fide
1499 2016 1585 2090 sient,
1613 2031 1680 2075 esse
1703 2010 1790 2090 fitios
1810 2012 1982 2089 Abrabae,
2013 2020 2043 2078 ει
2070 2034 2158 2079 seina

147 2098 200 2160 air
215 2097 362 2178 posnan)
383 2102 554 2161 accinatur.
602 2098 651 2159 Ab
673 2098 797 2178 inferno
815 2118 876 2161 nore
892 2098 997 2180 mapis
1019 2098 1131 2163 iibera-
1182 2095 1334 2160 Abrabae
1367 2098 1456 2173 (tint.
1479 2102 1510 2175 3,
1535 2097 1626 2161 Rom.
1652 2102 1724 2159 tet
1748 2099 1793 2178 9).
1842 2099 1966 2179 Aperte
1999 2101 2047 2164 ibi
2076 2101 2157 2175 aaa,

148 2182 201 2245 bat
226 2182 405 2247 masculam
431 2182 640 2255 circumcisio,
674 2203 770 2263 quam
795 2183 949 2263 [mairiam
982 2205 1041 2247 ruri
1070 2185 1130 2247 cir·
1182 2181 1404 2245 Abrabamum
1425 2203 1490 2246 esse
1505 2188 1633 2262 patrem
1653 2183 1852 2261 credentia-ra,
1874 2205 1941 2249 non
1965 2186 2157 2250 alomna

147 2269 332 2332 cumcisam:
352 2287 423 2349 erpo
440 2287 502 2330 noa
519 2273 587 2330 erat
603 2273 844 2345 sacramentum,
861 2288 922 2347 per
939 2270 1020 2348 qreod
1038 2270 1130 2335 satus
1179 2267 1263 2347 filios
1283 2269 1393 2331 carnis
1413 2288 1475 2331 nan
1492 2288 1557 2332 csse
1576 2269 1661 2348 filios
1670 2266 1829 2345 Abrabae,
1852 2271 1908 2334 sed
1925 2271 2016 2350 fitias
2037 2273 2157 2352 spiritnn

147 2353 207 2419 iiio
224 2356 363 2430 daretur,
382 2358 417 2415 ut
434 2354 468 2415 iu
486 2352 638 2434 baptismo
654 2354 760 2417 datur.
797 2353 1027 2435 Arpamentum
1045 2356 1129 2419 meni
1175 2371 1238 2434 per
1262 2352 1363 2428 fidem.
1412 2353 1479 2417 Eas
1506 2354 1588 2417 satos
1615 2374 1680 2418 esse
1705 2353 1790 2433 filias
1813 2356 2053 2434 promissionis
2080 2358 2156 2433 dard,

147 2440 184 2502 in
206 2443 234 2501 te
251 2440 359 2517 ipsam
380 2442 554 2517 torquetur:
576 2458 668 2502 mena
691 2439 724 2501 in
742 2440 865 2519 arpinis
879 2439 975 2520 facta,
998 2443 1034 2505 in
1056 2461 1129 2523 aep-
1181 2457 1278 2518 quum
1300 2438 1343 2503 ad
1371 2458 1423 2504 eos
1442 2439 1525 2503 satos
1547 2440 1731 2504 extendatur
1751 2440 1841 2503 ticdie
1864 2444 2052 2520 mammae
2073 2444 2155 2523 spiri

147 2524 211 2587 mis
237 2523 429 2587 sinceritatis
462 2522 627 2586 ambulare
654 2524 720 2587 oiri
746 2529 923 2603 mannaan,
953 2526 1129 2607 infamibus
1180 2524 1310 2587 tuatiter
1336 2524 1495 2589 intellecta.
1540 2524 1592 2588 De
1620 2524 1797 2588 Erectcietis
1822 2525 1906 2589 dicta
1936 2529 2090 2593 munditer
2117 2529 2154 2593 di

148 2610 255 2690 crpore·
271 2628 375 2689 panes
396 2613 467 2671 tunc
495 2608 669 2686 dabantur,
698 2614 772 2673 teste
793 2611 863 2689 ipso
890 2608 974 2687 Deo,
1003 2618 1036 2676 ut
1064 2632 1130 2692 mp-
1179 2609 1319 2687 cendum
1345 2609 1447 2689 fuisse
1470 2616 1541 2675 tunc
1561 2610 1648 2690 filios
1675 2610 1789 2674 carnis.
1832 2610 1931 2676 Deus
1955 2613 2093 2689 dicebat,
2118 2632 2156 2678 ros

147 2694 238 2758 sterii
254 2693 365 2759 dando
387 2697 596 2758 monerentur:
619 2714 690 2777 erpo
708 2694 886 2776 infantibus
903 2715 984 2761 nnnc
1001 2697 1130 2761 dabitur
1180 2696 1271 2758 nasci
1292 2695 1351 2758 sibi
1371 2695 1463 2774 fitias,
1485 2697 1563 2777 quia
1585 2702 1675 2760 aaut
1694 2695 1752 2760 sub
1773 2697 1878 2776 ipsius
1892 2703 2038 2778 paterria
2055 2704 2157 2781 proteo

147 2798 255 2857 conia,
284 2783 319 2841 ut
339 2780 466 2858 pariter
492 2784 684 2844 moereantur.
729 2778 775 2843 At
801 2786 836 2845 tu
863 2800 987 2845 menam
1008 2783 1128 2863 diffbrs,
1181 2780 1270 2855 inne,
1299 2781 1425 2860 etquia
1443 2782 1550 2862 fictori
1571 2787 1662 2845 erant
1683 2780 1753 2845 Deo
1774 2783 1876 2859 sacri,
1907 2785 2031 2849 umbra
2052 2788 2156 2868 fatiae

146 2866 278 2946 idque⁴f
299 2866 334 2928 in
355 2870 477 2945 tempus
497 2867 645 2945 ineptam,
668 2871 725 2931 aut
741 2866 780 2929 ab
799 2866 930 2931 ethnicis
947 2870 1129 2949 praescrip
1180 2884 1261 2928 rum.
1315 2865 1388 2928 Veri
1424 2868 1508 2930 enim
1533 2866 1596 2946 filii
1623 2866 1692 2931 Deo
1722 2873 1900 2932 amnentur
1937 2871 1975 2934 in
2011 2872 2155 2952 baptisnn,

146 2955 221 3028 tum,
251 2956 308 3014 aut
328 2955 381 3014 tuo
397 2950 517 3029 piacita
545 2952 708 3016 decretum.
775 2951 862 3017 L'nde
889 2951 946 3016 tibi
974 2954 1130 3018 autoritas
1178 2951 1340 3015 roaticitate
1367 2971 1513 3031 superna.
1555 2951 1611 3014 Ea
1636 2949 1743 3018 radice
1769 2959 1881 3018 sancta
1911 2975 1967 3021 eos
2001 2959 2057 3021 ais
2082 2957 2155 3020 nasci

144 3037 352 3103 constituendi
373 3041 514 3115 tempora
535 3042 563 3100 ει
585 3037 689 3119 iopes?
1152 3050 1157 3087 ¹
1180 3040 1309 3116 sanctos,
1331 3057 1428 3117 quum
1445 3058 1515 3102 vere
1531 3043 1703 3101 nascantur
1717 3038 1783 3118 filii
1799 3041 1878 3115 irae,
1903 3047 1942 3105 ut
1960 3043 2034 3122 ipse
2049 3042 2155 3124 fateris

1184 3122 1416 3204 aaronica
1443 3124 1486 3187 sit
1508 3123 1770 3202 praedestinatio,
1797 3124 1861 3204 fiiii
1891 3127 1967 3191 irae
1997 3133 2156 3194 miseritur

1180 3226 1250 3271 cum
1274 3207 1391 3285 Panto,
1420 3214 1448 3271 ει
1473 3208 1553 3288 fides
1574 3214 1683 3288 postea
1709 3229 1851 3274 cascere
1882 3213 1968 3291 f'acit
1989 3215 2079 3294 filios
2096 3214 2154 3280 aa

323 3290 556 3356 EPISTOLA
579 3290 765 3357 DEOIMA
787 3292 951 3359 SEXTA.
1183 3291 1421 3374 Comparatione
1447 3294 1490 3358 ad
1520 3294 1604 3373 fitios
1630 3294 1820 3358 ethnicorum
1847 3297 1958 3378 f'acta,
1987 3300 2155 3366 dicebantur

1179 3379 1244 3458 ipsi
1259 3380 1369 3458 potius
1390 3380 1479 3444 nasci
1500 3380 1611 3457 sancti,
1633 3380 1668 3442 id
1688 3385 1741 3457 est,
1763 3380 1834 3444 Deo
1854 3386 1967 3467 mapis
1977 3384 2154 3468 praeparati

234 3463 531 3544 Paedoboptismum
560 3463 637 3527 abiis
659 3464 837 3528 rationibus
866 3465 1021 3545 defendis,
1050 3467 1127 3546 quia
1151 3482 1156 3611 Ι
1181 3464 1372 3528 adverbum
1396 3465 1730 3545 eiussuscipiendnm.
1774 3451 1987 3548 Sanctifibare
2009 3474 2106 3543 enirn,
2132 3470 2154 3532 si

145 3551 222 3615 oiim
244 3551 325 3614 dicit
348 3549 453 3623 tiens,
481 3568 515 3611 sc
538 3550 605 3628 f'ore
626 3548 731 3645 Darrp
756 3549 915 3628 Abrabae,
938 3557 967 3614 et
988 3552 1127 3615 carinatis
1179 3548 1320 3613 bebraice
1341 3552 1451 3625 nostri,
1462 3551 1490 3631 ²)
1513 3551 1596 3614 idern
1614 3556 1665 3626 est,
1688 3551 1851 3631 orrodDoo
1867 3576 2084 3637 praeparare.
2113 3554 2155 3619 En

143 3636 275 3701 sanioris
303 3636 379 3712 eins,
409 3635 445 3696 in
464 3634 574 3714 f'cedus
591 3654 686 3697 sunm
700 3654 818 3714 pucros
843 3637 949 3699 caricis
971 3638 1127 3716 accipiens
1179 3636 1374 3698 matrimonii
1402 3636 1644 3715 sanctificatione
1671 3637 1820 3700 dicuntur
1851 3639 1961 3706 Paulo
1992 3646 2083 3707 irasci
2102 3639 2151 3721 fibi

145 3722 240 3803 (Gen.
263 3724 331 3800 17).
377 3718 467 3793 Itern,
489 3720 565 3798 quia
586 3720 677 3797 dicit,
711 3718 935 3784 Israelitarum
955 3723 1043 3802 filios
1063 3723 1127 3786 sibi
1179 3722 1295 3798 sancti,
1323 3721 1358 3784 id
1385 3728 1430 3784 est
1450 3742 1512 3785 non
1534 3722 1654 3800 spurii,
1676 3742 1737 3786 non
1757 3722 1920 3789 immundi
1955 3730 2006 3807 (1.
2032 3728 2098 3809 (br.
2119 3733 2152 3806 tf

145 3807 235 3872 nasci
261 3805 344 3885 filias
373 3804 499 3885 (Iibecb.
528 3810 592 3882 16).
637 3804 761 3868 bbcitis
787 3810 832 3869 est
857 3805 1016 3885 absolutio,
1044 3809 1127 3871 sicat
1180 3805 1402 3871 Imrnuraiities
1430 3807 1547 3870 otono
1579 3807 1615 3868 in
1642 3809 1765 3886 spaniis
1792 3815 1821 3872 et
1850 3810 1936 3889 filiis
1969 3815 2152 3885 ettirricoran,

138 3892 356 3974 praecedentis
381 3891 419 3954 dn
452 3890 686 3953 circumcisione
713 3892 901 3972 arpumerdi,
928 3894 958 3955 si
975 3894 1070 3974 probe
1091 3898 1126 3955 tu
1174 3893 1382 3970 praeparatio
1404 3897 1432 3955 et
1447 3892 1598 3972 monitos
1616 3894 1658 3957 ad
1680 3876 1859 3959 immundos
1879 3904 1909 3960 ct
1926 3898 2091 3965 obsecutos
2104 3920 2153 3980 pn

144 3978 316 4059 intottipas,
349 3980 435 4039 octus
463 3980 489 4039 et
518 3995 630 4038 nortona
655 3980 887 4055 testamentum,
914 3997 970 4041 seu
993 3983 1126 4042 cetaset
1179 3981 1302 4039 rentum
1322 3982 1470 4055 niorm³¹f
1507 3977 1549 4040 In
1569 3979 1736 4043 contrariis
1755 3987 1859 4045 arcton
1881 3981 2153 4065 sanctificationi

144 4084 257 4128 umirm
277 4061 386 4143 foedus
408 4060 551 4142 differre,
580 4062 658 4125 sicut
678 4064 817 4142 fipnram
835 4067 863 4125 ει
881 4064 1061 4144 fipurnturn,
1083 4066 1126 4130 si·
1178 4081 1304 4126 sacram
1327 4067 1401 4141 [pag.
1424 4067 1498 4141 619]
1527 4064 1612 4127 ciam
1640 4066 1743 4128 nraior
1764 4073 1994 4147 praeparatio.
2046 4069 2151 4136 noan

144 4156 194 4214 cut
212 4149 360 4212 neumam
386 4153 413 4210 et
438 4146 606 4211 ceritatem.
652 4146 748 4211 Nibii
775 4148 818 4211 ad
839 4150 1011 4228 perfectam
1034 4152 1126 4215 drinit
1178 4149 1285 4211 minus
1305 4149 1368 4227 fitii
1396 4150 1464 4213 irae
1486 4154 1659 4212 nascuntur
1686 4170 1797 4216 εεεηεε.
1842 4153 2052 4238 Lonpissimc
2072 4158 2151 4223 distat

143 4240 232 4299 vetris
248 4234 308 4297 itta
323 4235 435 4313 pactio,
458 4251 537 4295 noca
556 4238 660 4296 antem
677 4253 733 4296 nos
744 4235 897 4314 perfectos
914 4237 1024 4313 reddit,
1047 4256 1125 4301 coni-
1176 4235 1336 4316 pennatis
1357 4254 1396 4297 ea
1417 4233 1635 4317 sanpuinibns‚
1663 4240 1718 4299 ant
1739 4256 1778 4300 ac
1797 4256 1904 4317 carrio,
1928 4264 1950 4305 a
1970 4245 2151 4325 peroratione

143 4323 305 4384 manicata
326 4318 413 4381 nobis
432 4318 534 4399 pratis
561 4318 634 4398 ipsa
659 4318 779 4382 Uteristi
794 4322 996 4400 perfectione,
1027 4327 1062 4384 nt
1082 4322 1125 4386 ad
1179 4339 1259 4399 qnae
1281 4325 1323 4383 est
1344 4340 1381 4382 ca
1399 4319 1467 4385 Deo
1486 4319 1590 4397 (Ioan.
1617 4320 1660 4402 Ι).
1708 4321 1839 4387 Sanctos
1860 4334 1950 4391 cocat
1972 4328 2149 4393 Pandosia

144 4407 314 4479 Hebraeos,
341 4404 534 4467 (Joiosseases
557 4409 586 4465 et
608 4405 687 4467 aiibi
703 4405 831 4484 passim
853 4406 936 4469 docet
955 4407 1123 4488 apostolus.
1177 4406 1282 4484 fantes
1309 4425 1370 4468 non
1400 4405 1585 4488 baptiratos,
1620 4412 1647 4469 et
1676 4413 1710 4470 tu
1737 4410 1810 4472 inde
1833 4410 2015 4491 baptisatos
2043 4410 2147 4496 infirs?

144 4492 197 4555 Ea
219 4493 333 4571 ipit-ier,
364 4510 422 4569 por
444 4509 524 4569 aicae
552 4492 798 4554 corrrrnnnicatur
823 4490 940 4555 Cbristi
968 4494 1123 4577 perfectio,
1181 4490 1309 4555 Constat
1329 4491 1374 4554 ibi
1393 4512 1454 4554 non
1477 4491 1644 4571 baptizari,
1665 4514 1762 4574 quarn
1778 4501 1974 4573 pracsertim
1998 4506 2073 4566 asset
2091 4507 2148 4562 tuac

143 4580 248 4640 ciram
282 4578 408 4657 eaiprcnt
434 4574 639 4656 perfectionis
670 4596 829 4656 capacem,
861 4577 935 4656 fidei
970 4598 1123 4660 capacem.
1178 4577 1289 4656 infans
1317 4578 1351 4639 in
1376 4583 1528 4656 potestate
1554 4580 1663 4656 patris
1692 4579 1815 4643 etbnici.
1864 4584 1957 4664 Quod
1981 4590 2017 4651 in
2034 4589 2085 4667 pii
2101 4606 2146 4665 po

147 4663 251 4741 erare
276 4662 420 4725 (Jtiristas
448 4666 491 4724 est
513 4661 676 4740 parandus
704 4664 918 4740 circumcisus,
946 4670 973 4727 ct
995 4664 1124 4729 aduitus
1176 4663 1273 4725 neritis
1301 4663 1439 4744 protiam
1458 4664 1527 4743 fitia
1560 4662 1650 4729 Deus
1682 4665 1870 4747 benefaciat,
1905 4671 2080 4751 abiatrarata
2099 4690 2145 4733 rica

213 4899 242 4961 1]
262 4900 370 4967 probas.

211 4967 241 5031 2)
262 4971 360 5022 t'ucint.
1245 4969 1273 5033 l)
1293 4969 1441 5037 perfidem
1460 4971 1507 5024 filii
1525 4974 1576 5027 Dei
1595 4984 1664 5028 sunt.

211 5035 241 5100 3)
261 5048 357 5100 postca
374 5053 425 5090 nrm.
1242 5038 1273 5101 2)
1292 5041 1372 5092 nosti.

210 5104 242 5169 4)
261 5105 340 5173 idque
359 5123 409 5158 om.
1243 5106 1272 5173 3)
1292 5125 1406 5163 ornares
