4620 5894
156 256 220 321 aas
907 246 1161 318 suvuasus
1182 245 1221 317 Ρ.
1245 248 1423 317 oracul
1493 295 1496 300 -
2109 253 2174 319 aas
2209 222 2212 227 ’

157 441 200 508 ad
229 439 457 520 iudicandum,
493 439 631 508 verbum
659 459 725 505 non
754 438 919 505 adderem.
965 436 1035 505 Sed
1060 438 1140 522 quia
1191 438 1292 518 venit,
1315 438 1381 503 nisi
1402 436 1598 504 insatiabilis
1615 437 1747 505 rixandi
1766 437 1869 504 libido
1890 439 1944 504 vel
1966 439 2078 522 potius
2097 460 2172 505 mu·

1 565 2 572 ,
31 596 38 603 ,
157 536 236 595 aut
262 527 491 611 intempestivi
517 526 651 610 quidam
681 532 715 590 et
743 522 874 590 barbari
902 523 1055 592 homiues
1082 525 1139 608 qui
1190 522 1304 590 liebris
1325 525 1519 607 impotentia
1540 544 1597 590 eos
1615 521 1786 606 abriperet.
1823 522 2038 590 Contendunt
2055 524 2173 592 Chris-

155 633 330 765 irhunquam
363 613 514 765 satilldll
547 612 611 761 61ῗί
642 611 944 762 ρὲριιιᾞέὠῂιὲ
966 609 1138 763 ”wil
1190 614 1278 688 turn,
1308 610 1387 694 quia
1415 609 1744 762 ιίὲῧοιάειιιιιιιὲιίιὶιι
1769 610 1900 761 passlrisb,0
1908 630 1975 761 aton
1988 630 2073 763 finees
2099 612 2172 764 llll

79 824 82 828 ss
156 717 753 936 dedllarlpnlgrblesdbiiblffibnspblrlrhdlm
774 716 1137 934 lloflumellgldrbmssipldd-
1190 715 1575 933 dbsb’erdgdbngofffiutbod
1592 716 1862 933 pgilidpdfflliu}
1878 717 2017 865 pbtunt?
2048 717 2172 850 Flatecr

156 892 288 1035 dllssbbll
311 890 561 1023 bleldatiolblm
590 888 776 1038 bdbllpossuib
797 890 881 1038 qdde
893 889 1017 1038 aaeduis
1039 890 1138 1021 sirdlll
1189 873 1982 1034 11181111οῠιέιι]ῦ1τ1111861·,ὡ1118666θ’61ω(111111
1994 888 2171 1022 6111811111

157 1050 192 1108 et
210 1043 333 1126 iniquis
355 1040 566 1121 satisfaceret,
589 1041 643 1108 vel
661 1040 778 1107 saltem
796 1062 832 1105 os
850 1039 1048 1120 obsanare&
1071 1061 1138 1106 non
1189 1039 1270 1124 ipsc.
1320 1038 1434 1121 Quum
1462 1047 1573 1106 autem
1604 1040 1735 1139 absque·
1760 1061 1919 1124 personae
1952 1040 2091 1119 intuitu,
2127 1040 2170 1107 de

155 1126 282 1213 pigebit
303 1149 345 1194 ox
372 1149 412 1193 ea
439 1148 565 1211 quoque
591 1126 732 1193 adiicere
759 1147 843 1210 quae
870 1127 1039 1210 praesenti
1061 1135 1139 1212 apta
1189 1127 1260 1192 eius
1289 1125 1478 1204 divinitate,
1513 1125 1568 1191 vel
1597 1125 1789 1208 simphcrter
1822 1125 1864 1192 de
1891 1127 2048 1206 essentia,
2081 1125 2170 1210 quod

156 1214 310 1280 instituto
342 1211 554 1279 videbuntur.
600 1211 698 1294 Quod
730 1220 890 1295 tanquam
923 1234 965 1279 ex
998 1212 1136 1296 tripoda,
1188 1210 1276 1277 idem
1298 1218 1362 1289 est,
1390 1211 1533 1278 habetur
1551 1232 1674 1289 sermo,
1698 1210 1770 1277 dico
1792 1211 1856 1278 hoo
1877 1232 1954 1278 vore
1976 1210 2170 1296 praetimeri,

153 1299 270 1399 inquit,
293 1298 476 1364 haereticos
493 1298 724 1383 pronunciant,
746 1299 802 1382 qui
821 1297 936 1365 dieunt
953 1298 1136 1377 Christum,
1188 1295 1274 1380 quod
1292 1297 1336 1362 sit
1355 1317 1375 1361 a
1396 1317 1432 1362 se
1453 1298 1533 1380 ipso.
1570 1296 1654 1378 Quis
1672 1298 1761 1363 enim
1778 1296 1937 1363 hactenus
1956 1298 2017 1364 sub
2034 1299 2170 1365 nomine

50 1446 57 1457 ,
154 1404 191 1450 ιιι
219 1393 382 1468 quantum
409 1384 501 1450 Deus
535 1394 601 1463 est,
629 1405 648 1449 a
676 1405 711 1450 se
738 1385 811 1468 ipso
839 1404 927 1464 esse,
959 1385 1064 1451 facilis
1086 1393 1137 1449 est
1188 1382 1315 1450 Iehova
1347 1383 1509 1449 contineri
1541 1383 1788 1466 expressionem
1818 1381 1978 1458 αὐτουσίας
2009 1384 2168 1469 negavit?

153 1473 333 1553 responsio.
376 1471 450 1554 Ego
479 1472 567 1536 enim
592 1478 770 1552 utrumque
798 1490 916 1536 verum
944 1491 1068 1549 assero,
1102 1479 1136 1535 et
1188 1467 1332 1534 Proinde
1356 1467 1436 1533 dum
1458 1468 1617 1535 obiiciunt
1642 1467 1747 1533 filium
1775 1489 1847 1535 esse
1869 1489 1889 1534 a
1910 1478 2019 1552 patre,
2048 1470 2085 1536 id
2107 1492 2170 1557 ego

154 1574 227 1623 esse
248 1555 423 1623 Christum
445 1577 464 1620 a
485 1562 595 1639 patre,
617 1563 656 1620 ut
678 1554 823 1622 secunda
844 1565 896 1622 est
917 1577 1072 1640 persona,
1101 1563 1136 1621 ct
1186 1552 1328 1619 libenter
1352 1576 1421 1619 non
1452 1554 1549 1620 modo
1581 1556 1753 1633 confiteor,
1786 1555 1844 1621 sed
1877 1565 2035 1640 perpetuo
2066 1558 2170 1623 etiam

20 1690 24 1697 -
153 1661 231 1727 ase
246 1643 319 1726 ipso
341 1662 421 1719 esse,
443 1643 472 1707 si
494 1640 643 1709 divinam
661 1643 731 1707 eius
749 1643 926 1708 assentiam
943 1643 1136 1725 simpliciter
1187 1639 1383 1722 praedicavi.
1398 1642 1422 1723 ¹)
1483 1638 1611 1706 Verum
1649 1641 1711 1707 hoo
1744 1650 1794 1708 est
1825 1641 1861 1706 in
1896 1663 1959 1725 quo
1993 1643 2079 1710 asini
2112 1644 2169 1709 isti

152 1729 355 1812 respicimus.
393 1727 480 1792 Nam
502 1728 588 1794 sicut
610 1728 671 1794 hoc
693 1728 782 1793 inter
803 1728 1003 1794 orthodoxos
1025 1736 1134 1813 patres
1186 1726 1363 1806 falluntur,
1386 1725 1554 1808 quianon
1576 1727 1784 1793 considerant
1805 1747 1927 1793 nomen
1949 1727 2010 1793 filii
2032 1728 2097 1794 diei
2124 1729 2168 1797 de

152 1834 283 1897 semper
304 1813 367 1878 fuit
393 1821 563 1896 receptum
586 1821 686 1897 atque
707 1812 789 1880 adeo
811 1835 854 1878 ex
875 1814 1046 1898 scripturis
1068 1814 1134 1880 eol·
1187 1832 1336 1894 persona,
1360 1811 1497 1894 ideoque
1524 1812 1559 1876 in
1586 1811 1850 1895 praedicamento
1872 1814 2040 1880 relationis
2061 1817 2168 1882 eonti-

153 1898 212 1983 ligi
241 1899 304 1963 rite
331 1907 452 1982 potest,
482 1898 654 1965 Christum
677 1922 697 1965 a
724 1911 818 1983 patre
846 1921 933 1977 esse,
961 1900 1009 1964 ita
1036 1898 1133 1966 audio
1185 1899 1271 1963 neri:
1295 1918 1378 1980 quae
1399 1897 1515 1963 relatio
1537 1897 1647 1964 locum
1669 1898 1870 1978 nonhabet,
1898 1899 1953 1965 ubi
1976 1899 2017 1965 de
2039 1899 2168 1969 Christi

153 1982 233 2068 quid
263 1984 304 2049 de
332 1985 402 2050 eius
438 1987 580 2050 essentia
606 1986 728 2068 ubique
760 1985 927 2069 scriptura
955 1983 1132 2069 praedicet,
1187 1982 1358 2049 divinitate
1388 1983 1580 2066 simpliciter
1607 1985 1725 2068 agitur.
1770 1983 1847 2067 Qua
1868 1984 1908 2050 de
1934 2006 1970 2050 re
1998 1986 2168 2072 eleganter

152 2068 233 2154 quid
255 2071 355 2135 etiam
376 2069 478 2136 iidem
499 2070 548 2135 illi
571 2073 676 2138 sancti
699 2071 876 2154 scriptores
903 2074 1131 2155 profiteantur.
1185 2067 1319 2135 disserit
1340 2070 1549 2153 Augustinus
1576 2070 1612 2134 in
1634 2071 1806 2135 Psalmum
1829 2075 1878 2135 68.
1907 2092 2006 2154 quem
2028 2075 2166 2157 scripto-

152 2156 263 2239 Atque
291 2155 326 2220 id
355 2164 406 2222 est
440 2155 526 2240 quod
555 2157 733 2223 orientales
766 2158 934 2241 episcopos
967 2154 1134 2224 definiisse
1186 2175 1257 2219 rem
1279 2155 1334 2221 isti
1356 2154 1536 2219 identidem
1558 2156 1718 2234 iactitant,
1740 2178 1842 2239 quum
1862 2165 1976 2223 tamen
1998 2157 2081 2222 nihil
2103 2182 2165 2225 un-

152 2238 304 2307 Hilarius
319 2242 341 2321 ¹)
364 2242 474 2320 refert,
497 2243 525 2306 si
548 2243 622 2324 quis
648 2243 903 2325 intemporalem
930 2242 991 2307 filii
1013 2241 1054 2308 de
1075 2263 1133 2327 pa-
1186 2261 1285 2323 quam
1307 2240 1411 2320 illius,
1433 2241 1498 2306 nisi
1520 2241 1730 2325 rhapsodias,
1753 2243 1863 2308 nescio
1887 2263 1984 2325 quas,
2013 2244 2164 2327 legerint

152 2334 204 2392 tre
226 2328 420 2413 hypostasin
450 2327 492 2394 ad
512 2328 741 2394 innascibilem
762 2326 828 2393 Dei
850 2329 1029 2394 essentiam
1049 2329 1133 2394 refe-
1184 2326 1297 2392 Verba
1330 2333 1420 2392 sunt:
1451 2325 1492 2391 si
1523 2327 1596 2409 quis
1627 2329 1808 2412 interroget
1837 2327 1970 2394 idemne
2003 2332 2046 2394 sit
2071 2342 2168 2414 pater

151 2420 212 2491 rat,
232 2414 326 2496 quasi
344 2413 450 2478 filium
469 2424 600 2497 patrem
618 2413 738 2494 dicens,
761 2413 939 2479 anathema
958 2416 1009 2480 sit.
1045 2415 1132 2480 Item
1185 2412 1270 2495 quod
1292 2412 1395 2492 filius,
1424 2412 1603 2496 responde,
1629 2413 1811 2479 secundum
1832 2413 2052 2480 substantiam
2076 2416 2167 2482 idem

151 2500 416 2583 Augustinus:²)
439 2521 478 2565 ea
499 2501 634 2564 nomina
651 2521 735 2584 quae
746 2500 976 2579 substantiam,
999 2501 1053 2566 vel
1074 2523 1131 2584 po-
1183 2519 1270 2575 esse,
1298 2519 1366 2563 non
1387 2498 1568 2564 secundum
1590 2499 1677 2582 quod
1704 2499 1746 2564 ad
1769 2497 1860 2564 aliud
1882 2499 2007 2565 dicitur.
2052 2501 2108 2567 Ad
2131 2524 2168 2569 se

152 2586 298 2662 tentiam,
321 2583 376 2650 vel
399 2587 575 2651 essentiam
586 2586 652 2652 Dei
674 2587 873 2670 significant,
896 2586 950 2652 vsl
972 2586 1131 2670 quidquid
1184 2584 1274 2649 euim
1296 2583 1390 2650 Deus
1418 2584 1552 2663 dicitur,
1582 2584 1624 2649 ad
1652 2595 1780 2668 patrem
1810 2585 1898 2652 filius
1925 2586 2062 2668 dicitur,·
2089 2609 2166 2654 rur·

149 2672 281 2820 Eroprie
299 2671 341 2735 ad
360 2692 395 2737 se
413 2671 533 2738 dicitur
550 2670 654 2751 Deus,
676 2672 827 2739 omnibus
845 2673 994 2755 personis
1012 2693 1131 2756 aequa-
1183 2691 1303 2753 susque
1329 2678 1422 2753 pater
1449 2669 1491 2735 ad
1519 2692 1554 2735 se
1577 2672 1671 2736 Deus
1694 2671 1830 2750 dicitur,
1859 2670 1901 2736 ad
1927 2672 2033 2737 filium
2058 2684 2165 2757 pater.

165 2757 227 2822 'ter
265 2758 474 2825 conveniunt.
524 2757 601 2822 Non
641 2765 693 2824 est
725 2779 804 2842 ergo
826 2757 958 2843 aliquod
991 2767 1131 2825 naturae
1184 2754 1281 2836 Quod
1303 2753 1424 2822 dicitur
1452 2756 1493 2821 ad
1516 2756 1621 2821 filium
1643 2764 1753 2840 pater,
1784 2778 1852 2823 non
1873 2766 1924 2824 est
1943 2758 2049 2840 filius;
2078 2761 2167 2844 quod

149 2862 287 2921 nomen,
317 2842 404 2926 quod
425 2844 472 2910 sic
493 2845 579 2927 patri
601 2846 778 2911 convenire
800 2846 904 2928 possit
924 2853 962 2911 ιιι
984 2852 1042 2910 aut
1063 2845 1131 2910 filio
1183 2839 1304 2908 dieitur
1323 2843 1411 2907 filius
1428 2840 1470 2906 ad
1487 2848 1626 2924 patrem,
1650 2852 1786 2908 nonest
1807 2850 1916 2929 pator3
1938 2845 2025 2930 quod
2044 2846 2167 2913 dicitur

149 2935 207 2993 aut
228 2929 360 3012 spiritui
383 2937 495 2996 saneto
514 2931 691 2997 convenire
709 2950 775 2996 non
794 2939 901 3014 queat.
937 2931 1024 2996 Item
1046 2930 1130 2996 libro
1183 2925 1225 2991 ad
1247 2949 1282 2994 se
1304 2935 1413 3010 pater,
1441 2934 1475 2993 et
1496 2927 1583 2993 filius
1606 2927 1648 2993 ad
1670 2950 1720 3008 se,
1750 2930 1813 2994 hcc
1834 2938 1886 2995 est
1906 2941 1999 3014 pater
2020 2942 2055 2996 et
2075 2932 2166 3000 filius

149 3014 263 3097 quinto
286 3015 327 3080 de
345 3016 525 3081 Trinitate:
550 3021 625 3096 [pag.
645 3021 700 3096 62]
716 3016 806 3082 Illud
823 3017 999 3100 praecipue
1016 3025 1130 3082 tenea-
1181 3013 1270 3079 idom
1290 3014 1392 3079 Deus.
1436 3014 1610 3079 Hactenus
1635 3014 1699 3079 ille.
1745 3016 1835 3094 Iam,
1864 3017 1928 3083 ista
1954 3017 2167 3085 distinctione

146 3120 239 3166 mus:
267 3100 425 3185 quidquid
451 3102 493 3168 ad
521 3124 556 3168 se
584 3102 706 3169 dicitur
732 3104 839 3181 Deus,
870 3103 1131 3169 substantialiter
1182 3099 1345 3178 adhibita,
1375 3098 1469 3181 quid,
1501 3100 1649 3176 obsecro,
1678 3101 1827 3185 ambigui
1855 3112 1968 3168 manat
1995 3100 2163 3187 amplius?

146 3184 221 3267 diei,
244 3187 330 3272 quod
353 3187 396 3253 ad
418 3187 552 3271 aliquid,
575 3210 643 3253 non
661 3187 939 3267 substantialiter,
962 3189 1020 3254 sed
1042 3190 1129 3254 rela—
1182 3183 1404 3267 Quamobrem
1427 3184 1515 3250 idem
1539 3199 1672 3250 sauctus
1695 3188 1756 3267 vir,
1779 3187 1927 3252 Humilia
1949 3192 1984 3255 in
2004 3190 2165 3257 Ioannem

147 3272 227 3354 tive,
238 3280 433 3358 tantamque
446 3276 514 3340 vim
525 3294 596 3342 esse
608 3274 1011 3341 eiusdemsubstantiaein
1047 3282 1128 3356 atre,
1182 3275 1232 3337 ³9.
1265 3278 1440 3356 postquam
1477 3272 1582 3340 movit
1622 3272 1708 3338 hano
1743 3275 1981 3356 quaestionem,
2020 3277 2166 3360 qualiter

145 3357 215 3423 filio
243 3366 276 3424 et
303 3360 421 3445 spiritu
450 3368 577 3441 sancto,
605 3372 644 3427 ut
671 3362 828 3446 quidquid
855 3359 896 3426 de
923 3297 1065 3447 singulls
1086 3363 1129 3428 ad
1180 3364 1254 3439 [pag.
1274 3362 1328 3436 64]
1357 3366 1452 3442 pater
1473 3365 1507 3423 et
1528 3356 1615 3423 filius
1642 3360 1712 3424 sint
1733 3359 1833 3423 simul
1853 3361 2069 3446 principium,
2101 3365 2166 3429 hac

147 3463 183 3508 ae
214 3444 304 3527 ipsos
337 3445 472 3525 dicitur,
505 3469 571 3514 non
599 3446 787 3530 pluraliter,
821 3447 880 3514 sed
913 3447 1129 3533 singulariter
1179 3444 1341 3511 solutione
1363 3444 1476 3523 utitur,
1500 3443 1588 3526 quod
1607 3444 1671 3510 hoc
1692 3445 1762 3510 solo
1782 3466 1959 3512 numerum
1981 3449 2164 3529 insinuant,

146 3529 336 3611 accipiatur.
381 3530 450 3597 Sed
470 3531 548 3614 quid
569 3541 728 3617 tanquam
757 3533 797 3598 de
824 3555 862 3599 re
884 3535 1040 3620 ambigua
1061 3533 1128 3601 dis·
1179 3541 1342 3615 quatenus
1364 3536 1445 3596 sunt
1467 3529 1508 3595 ad
1530 3531 1688 3608 invicem,
1716 3551 1785 3595 non
1807 3540 1919 3597 autem
1949 3533 2037 3616 quod
2059 3535 2102 3600 ad
2124 3557 2163 3602 se

41 3672 45 3679 .
144 3614 246 3698 puto?
292 3616 440 3700 Cyrillus
461 3616 634 3684 Christum
652 3619 721 3683 fore
742 3619 916 3685 mortalem
938 3627 971 3685 et
992 3641 1127 3706 corrup-
1180 3627 1267 3682 sunt.
1311 3617 1399 3681 Item
1421 3617 1456 3680 in
1477 3615 1566 3683 Psal.
1593 3620 1667 3680 109:
1697 3614 1736 3682 si
1757 3624 1853 3699 pater
1874 3619 2076 3702 principium
2098 3632 2161 3698 est,

143 3699 274 3768 tibilem
295 3703 517 3783 ratiocinatur,
544 3705 609 3769 nisi
627 3726 647 3770 a
666 3725 701 3768 se
721 3705 794 3788 ipso
814 3706 919 3771 vitam
939 3714 973 3772 ct
992 3707 1128 3773 immor·
1178 3703 1301 3786 inquit,
1329 3710 1363 3768 et
1388 3701 1478 3768 filius
1499 3701 1716 3786 principium,
1744 3713 1866 3768 suntne
1889 3704 1952 3770 duo
1974 3705 2160 3790 principia?

146 3786 312 3854 talitatem
349 3787 477 3854 habeat
527 3789 647 3855 Dicam
684 3797 799 3856 tamen
832 3790 940 3858 adhue
973 3792 1126 3874 apertius.
1178 3789 1327 3854 Minime.
1371 3784 1468 3854 Sicut
1489 3787 1579 3852 enim
1605 3797 1701 3870 pater
1728 3797 1780 3854 est
1800 3790 1907 3869 Deus,
1934 3791 1984 3856 ita
2010 3800 2044 3856 et
2071 3791 2163 3859 filius

145 3872 213 3940 Hio
252 3880 358 3940 status
391 3882 442 3939 est
479 3877 735 3942 controversiae:
774 3874 937 3960 numquid
970 3897 1048 3943 vere
1087 3877 1128 3942 de
1178 3875 1284 3952 Deus;
1314 3875 1424 3954 itaque
1451 3880 1592 3955 uterque
1619 3881 1670 3938 est
1698 3875 1905 3958 principium.
1950 3877 2010 3955 Et,
2033 3875 2161 3945 Hamil.

145 3958 282 4027 Christo
314 3959 499 4044 praedicari
528 3962 647 4045 possit,
681 3963 805 4046 ipsum,
840 3969 1002 4046 quatenus
1034 3963 1129 4028 Deus
1180 3964 1230 4024 38.
1254 3959 1295 4024 de
1317 3956 1478 4023 Columba
1501 3966 1534 4023 et
1555 3958 1684 4042 spiritu,
1707 3961 1836 4043 copiose
1856 3970 1975 4029 tractat
1996 3972 2163 4046 quantum

146 4055 212 4126 est,
241 4067 313 4113 esse
343 4068 363 4112 a
397 4068 432 4113 se
467 4046 561 4130 ipso?
606 4047 682 4113 Hoo
714 4055 840 4133 negant
867 4047 1000 4132 quidam
1033 4049 1126 4115 Aris·
1178 4045 1311 4111 intersit
1331 4043 1471 4110 relative
1493 4054 1553 4109 aut
1574 4044 1836 4113 substantialiter
1858 4047 1898 4114 de
1920 4048 1993 4114 Deo
2015 4049 2117 4134 loqui.

146 4133 265 4199 tarchi.
311 4132 406 4199 Curi
450 4131 539 4214 Quia
560 4132 688 4201 Christi
726 4138 847 4200 nomen
881 4133 1058 4199 secundam
1090 4137 1128 4199 in
1264 4130 1363 4196 Nunc
1391 4128 1433 4194 ad
1455 4128 1612 4195 Carolum
1633 4129 1741 4197 redeo.
1786 4132 1903 4218 Fingit
1923 4133 2102 4202 Calvinum
2125 4136 2163 4202 in

144 4214 218 4286 Dec
231 4240 416 4370 lpersonam
445 4218 608 4303 designet,
636 4221 688 4286 oui
710 4220 827 4286 relatio
855 4226 906 4286 est
928 4220 970 4285 ad
990 4229 1125 4304 patrem.
1177 4215 1304 4302 synodo
1321 4216 1484 4282 Beruensi
1505 4217 1542 4280 in
1564 4237 1619 4282 eas
1641 4220 1810 4302 angustias
1826 4218 1997 4287 redactum
2018 4242 2102 4300 osse,
2123 4228 2164 4288 ut

262 4313 354 4371 ateor
381 4306 408 4372 si
436 4314 605 4389 respectus
632 4307 673 4371 ad
696 4326 869 4390 personam
899 4305 1040 4372 habetur
1059 4328 1127 4373 non
1178 4305 1297 4370 misere
1319 4301 1454 4368 sudaret
1481 4323 1542 4367 neo
1563 4324 1598 4368 66
1620 4312 1732 4386 posset
1754 4306 1916 4372 extricare
1923 4330 1931 4386 ;
1960 4309 2055 4390 quasi
2077 4307 2163 4375 haeo

144 4388 192 4455 ita
207 4388 410 4475 loquendum
428 4412 509 4469 esse,
533 4391 592 4457 sed
610 4392 682 4458 dioc
701 4393 764 4458 hoo
782 4413 937 4460 essenon
956 4412 1125 4476 personae,
1177 4390 1310 4468 solutio,
1339 4409 1405 4472 qua
1433 4398 1513 4454 tuno
1535 4409 1663 4472 quoque
1691 4410 1772 4456 usus
1801 4398 1852 4456 est
1873 4390 2050 4474 Calvinus,
2079 4395 2163 4462 adeo

145 4473 204 4541 sed
231 4478 391 4543 aasentias
420 4478 572 4563 elogium.
617 4477 734 4545 Habeo
761 4478 917 4545 idoneum
951 4476 1050 4546 huius
1078 4479 1125 4546 lo·
1178 4478 1221 4543 sit
1241 4474 1400 4560 perplexa
1427 4475 1482 4541 vcl
1507 4475 1669 4541 intricata.
1715 4475 1784 4542 Sed
1809 4478 1931 4543 iterum
1960 4479 2163 4547 admonendi

143 4562 314 4644 guntionis
336 4571 483 4629 autorem
514 4563 667 4647 spiritum
690 4571 841 4631 sanctum
868 4565 925 4647 qui
946 4566 1127 4631 sententias
1178 4571 1256 4630 sunt
1277 4561 1416 4627 lectores
1439 4581 1537 4643 quam
1559 4560 1613 4625 vel
1635 4560 1812 4630 obliviosus
1833 4565 1887 4644 sit,
1910 4565 1963 4630 vel
1980 4587 2049 4632 non
2070 4589 2162 4634 com-

22 4728 26 4735 ,
146 4664 262 4712 omnes
284 4646 401 4730 quibus
422 4648 603 4736 circorta⁸)
624 4651 690 4716 Dei
709 4650 928 4735 praedicatur,
951 4649 993 4715 ad
1011 4649 1126 4717 Chris-
1177 4671 1237 4733 pos
1258 4646 1390 4724 mentis,
1414 4646 1470 4728 qui
1488 4643 1628 4711 Calvino
1645 4648 1681 4712 in
1700 4650 1893 4716 memoriam
1909 4649 2040 4719 reducit
2061 4674 2163 4739 syno-

146 4738 219 4799 tum
241 4733 356 4812 refert,
383 4754 488 4816 quum
510 4735 584 4802 aliis
605 4736 703 4817 locis,
731 4743 805 4802 tum
826 4738 934 4820 primo
955 4738 1062 4820 eapite
1085 4736 1126 4802 ad
1176 4735 1257 4802 dum
1278 4734 1500 4809 Beruensem,
1522 4751 1625 4813 quum
1648 4733 1775 4817 synodo
1797 4736 2031 4804 lausannensi
2052 4761 2088 4806 se
2110 4741 2161 4806 in·

147 4816 327 4886 Hebraeos.
372 4818 525 4902 Denique
549 4823 627 4888 satis
645 4820 685 4889 de
707 4842 743 4888 ro
765 4823 838 4906 ipsa
858 4824 946 4889 inter
966 4844 1027 4890 nos
1048 4844 1126 4889 con·
1177 4828 1300 4886 teresse
1321 4818 1441 4901 fingat,
1470 4836 1554 4898 quae
1575 4823 1723 4901 tempore
1745 4825 1933 4904 praecessit
1978 4825 2026 4891 Ut
2048 4834 2162 4893 tamen

1177 4907 1240 4973 hoc
1273 4904 1324 4970 illi
1354 4900 1548 4984 coridonem,
1589 4904 1676 4986 quod
1710 4905 1843 4974 difficile
1872 4909 1917 4975 sit
1949 4915 2020 4975 tam
2054 4912 2162 4978 multa

214 5041 246 5171 ll
263 5038 457 5163 gdrrddddddsss
476 5107 510 5162 de
528 5115 659 5176 tempore.

212 5178 244 5247 3)
264 5176 303 5232 Ia
318 5178 452 5246 impresso
470 5177 543 5247 typis
560 5176 656 5232 laenis
672 5181 832 5236 mamae
849 5181 957 5250 aaran
1247 5179 1278 5248 1)
1296 5177 1439 5233 Hieratis
1457 5181 1550 5244 aperte
1567 5182 1649 5233 autor
1667 5193 1696 5234 re
1717 5177 1861 5237 Odmaam
1874 5185 1981 5252 prosa
