4620 5894
9 1062 14 1075 '
128 1072 218 1134 vero,
240 1053 441 1135 perfectione
462 1049 626 1117 donorum
648 1052 783 1117 Christi.
800 1054 825 1134 ¹)

849 262 853 267 ’
876 262 1147 332 Ruuuramo
1168 259 1404 330 RRRORUM
2095 259 2155 324 628

125 264 188 332 627

122 453 194 522 1111
214 452 389 520 caritatem
407 450 533 527 definit,
556 451 677 536 siquis
698 457 811 519 servat
830 444 1115 518 eiussermonem.
1168 457 1281 516 tamne
1302 448 1485 516 docuinam
1506 450 1597 514 vitae
1627 448 1801 513 bominum
1821 447 2009 532 praeficiat,
2041 466 2086 511 au
2106 446 2154 511 in-

128 540 220 606 Item
242 550 262 602 4
285 541 332 624 (v.
360 539 424 622 12),
453 536 485 603 si
505 559 566 604 nos
586 538 731 605 invicem
753 535 931 622 diligimus.
976 536 1117 605 Servate
1169 537 1324 602 teriorem
1355 536 1490 619 spiritus
1523 531 1667 611 ductum,
1708 534 1829 600 acriter
1864 531 2078 616 repudianda
2107 541 2155 598 cst

126 624 207 691 inde
235 634 368 691 emanat
399 625 565 707 perfectio,
598 645 682 707 qnae
714 643 830 688 omnes
862 625 973 690 carnis
1004 623 1117 690 sordes
1168 622 1250 688 hacc
1272 621 1448 688 cavillatio.
1492 619 1585 685 Nihil
1608 620 1660 686 vel
1682 620 1813 703 scripto,
1847 619 1901 684 vel
1924 639 2010 685 voce
2032 620 2154 701 praeci-

128 710 269 777 aboleat.
314 709 458 776 Subiicit
479 711 636 777 continuo
664 717 748 792 post,
778 708 865 793 quod
886 710 1012 776 Paulus
1033 708 1116 775 Phi·
1168 708 1337 792 pitDcns‚
1358 704 1638 790 quodnonintus
1656 706 1885 788 perspiritum
1904 704 2021 784 dictet,
2043 705 2153 770 fateor.

127 796 208 880 lipp.
233 799 252 860 3
276 794 322 881 (v.
349 801 387 860 la
411 802 494 878 sqq.)
523 816 559 860 11
587 796 768 878 perfectum
790 801 825 859 et
846 817 913 860 non
934 797 1116 880 perfectum
1169 792 1238 859 Sed
1269 793 1347 876 quia
1378 792 1464 857 nihil
1495 793 1672 875 proclivius
1704 801 1756 857 est
1788 811 1888 875 quam
1917 790 2076 855 homines
2096 812 2154 875 pro

129 882 233 961 docet,
267 882 316 946 ita
338 880 456 948 debere
488 880 640 965 intelligi,
673 879 760 964 quod
781 880 882 946 fuerit
902 903 968 946 non
990 881 1116 964 perico-
1168 880 1318 963 ingenita
1340 878 1404 944 sibi
1423 878 1569 943 vanitate
1591 884 1625 942 et
1644 877 1780 943 lascivia
1801 877 1867 942 huo
1888 884 1925 942 et
1945 876 2029 942 illuc
2047 875 2152 956 dilabi,

129 976 195 1047 tus,
234 967 263 1033 si
300 968 550 1033 resurrectionis
588 966 730 1050 gloriam
769 973 911 1050 spectes:
951 968 1116 1050 perfectus
1168 965 1334 1030 Dominus
1372 964 1480 1047 legem
1520 983 1614 1029 suam
1647 963 1796 1028 consulto
1827 963 1988 1049 scriptam
2026 970 2154 1029 exstare

1169 1051 1281 1129 voluit,
1304 1069 1386 1132 quae
1410 1070 1470 1115 nos
1491 1049 1650 1114 adfinem
1672 1070 1776 1132 usque
1796 1048 1914 1113 mundi
1936 1048 2031 1112 intra
2052 1064 2154 1115 certos

216 1137 264 1204 Ut
296 1138 420 1203 intacta
451 1158 513 1222 per
544 1159 598 1203 mc
633 1137 734 1203 huius
768 1135 929 1222 dogmatis
961 1136 1116 1220 impietas
1168 1138 1251 1202 fines
1272 1136 1448 1202 contineat

44 1286 47 1292 .
129 1233 272 1302 maneat,
305 1224 372 1288 iam
404 1230 519 1289 tamen
546 1224 650 1289 victor
682 1223 786 1290 evasi:
820 1221 981 1289 Servatus
1003 1230 1116 1287 autem
1254 1222 1330 1287 Etsi
1352 1230 1464 1286 autem
1483 1218 1642 1287 Servatus
1659 1219 1696 1284 in
1714 1221 1856 1303 speciem
1876 1223 1953 1298 [pag.
1972 1222 2055 1299 131]
2075 1220 2154 1285 irae·

129 1308 245 1375 focdae
279 1308 505 1393 impudentiae
544 1309 715 1375 convictus
749 1310 841 1375 iacet.
901 1309 1049 1394 Negavit
1080 1327 1116 1373 se
1168 1328 1250 1372 nare
1268 1306 1401 1372 videtur
1418 1326 1538 1389 pravos
1557 1307 1666 1372 carnis
1684 1306 1831 1384 affectus,
1851 1312 1885 1370 et
1902 1305 1941 1370 in
1959 1304 2155 1388 obsequium

130 1393 287 1460 Catharis
320 1403 354 1460 et
385 1393 582 1461 Coelestinis
613 1393 766 1471 similem,
801 1415 940 1477 quorum
971 1414 1116 1459 errorem
1168 1393 1304 1476 spiritus
1326 1413 1452 1477 cogere,
1484 1392 1562 1458 alibi
1585 1403 1696 1456 tamen
1718 1392 1914 1474 pestiferum
1937 1391 2030 1474 quod
2052 1392 2155 1458 occul·

130 1478 231 1563 11111
251 1502 307 1545 111
328 1481 439 1563 ipsum
461 1481 627 1562 crepuisse
648 1478 794 1545 ostendo.
838 1482 871 1544 A
908 1481 942 1545 ui
961 1481 1116 1563 perfectio
1168 1486 1219 1544 tat
1239 1479 1333 1545 virus
1355 1479 1508 1561 erumpit.
1552 1477 1639 1543 Nam
1672 1478 1708 1542 in
1735 1477 1901 1561 Apologia
1935 1475 1979 1541 ad
2007 1477 2155 1545 Melanc-

128 1567 165 1631 in
182 1565 247 1631 hoo
264 1567 390 1631 mundo
408 1567 490 1650 erigi
508 1586 576 1630 non
594 1575 710 1647 potest,
729 1566 810 1648 quin
832 1586 874 1631 ex
913 1566 1018 1632 uobus
1040 1586 1116 1649 gra-
1169 1565 1320 1644 1111111,
1348 1585 1422 1648 pag.
1447 1568 1523 1629 719:
1568 1565 1655 1641 Tuo,
1683 1564 1804 1645 inquit,
1832 1561 2121 1647 pseudoiudaismi
2132 1566 2153 1647 ¹)

128 1652 197 1719 tiae,
226 1657 261 1716 et
293 1651 411 1716 salutis
442 1672 504 1734 per
532 1651 705 1716 Christum
739 1652 920 1735 promissae
953 1651 1116 1733 capitibus
1168 1650 1299 1717 vinculo
1321 1652 1432 1714 omnia
1452 1648 1547 1714 nobis
1568 1649 1757 1714 tristissima
1775 1649 1866 1727 facis,
1888 1669 1996 1731 quum
2015 1651 2154 1733 prophe-

129 1734 274 1801 alterum
310 1736 467 1803 deleatur.
517 1736 613 1802 Haec
649 1757 781 1802 summa
815 1746 866 1802 est
900 1739 980 1803 novi
1008 1740 1115 1802 'tosta-
1168 1745 1356 1815 taeomues,
1379 1744 1413 1801 et
1435 1735 1545 1820 angeli
1563 1734 1720 1819 gaudium
1738 1743 1772 1799 et
1789 1735 1952 1800 laetitiam
1971 1735 2010 1799 in
2023 1734 2154 1802 Christo

129 1823 282 1903 menti,²)
320 1822 406 1906 quod
428 1823 521 1888 Deus
554 1823 662 1906 legem
695 1843 788 1888 suam
821 1825 857 1887 in
886 1824 1017 1906 piorum
1045 1843 1116 1888 cor·
1169 1843 1299 1905 sempor
1332 1822 1544 1900 annuncient,
1578 1830 1611 1884 et
1639 1821 1855 1886 muliebribus
1878 1821 2065 1903 pavoribus
2086 1821 2154 1886 ubi·

132 1905 228 1973 dibus
265 1907 440 1990 insculpet,
480 1928 586 1991 neque
625 1908 840 1991 iniquitatum
879 1907 1114 1974 recordabitur.
1168 1929 1231 1991 quc
1271 1920 1304 1972 te
1343 1908 1453 1990 ipsum
1493 1908 1633 1971 territas.
1696 1905 1804 1987 Quam
1845 1906 1994 1971 fideliter
2027 1907 2065 1970 in
2097 1908 2154 1973 hoc

129 1991 196 2059 Ubi
217 2013 298 2059 vero
332 1994 425 2058 nulla
455 2000 506 2058 est
532 1991 665 2058 residua
686 1995 854 2077 iniquitas,
888 1995 1011 2060 frustra
1043 1995 1115 2058 eius
1168 1994 1340 2060 incumbat
1380 1991 1605 2070 Melancthon,
1650 2003 1688 2057 ut
1727 1991 1831 2057 divini
1870 1993 1996 2057 amoris
2037 1992 2154 2059 fiducia

129 2079 281 2145 remissio
325 2080 515 2145 remittitur.
560 2079 649 2160 Quia
670 2077 829 2159 dixeram,
852 2080 960 2164 legem
982 2078 1047 2143 Dei
1070 2081 1117 2144 111
1168 2079 1383 2145 conscientias
1404 2079 1576 2155 exhilaret,
1596 2099 1694 2159 quam
1718 2079 1892 2162 magnifico
1914 2079 2064 2160 gratiam
2083 2078 2153 2158 Dei,

130 2163 171 2230 ab
193 2163 265 2246 ipso
288 2100 420 2245 11111111,
450 2173 489 2230 11
509 2187 590 2232 1111
612 2167 730 2249 cuique
753 2167 885 2232 afflatus
914 2165 959 2231 sit
979 2164 1117 2230 vivendi
1169 2186 1234 2248 qua
1255 2174 1417 2248 pacantur
1438 2186 1476 2230 ac
1499 2173 1694 2228 serenantur
1715 2176 1842 2229 mentes
1864 2174 2016 2242 nostrae,
2051 2166 2154 2229 extol-

130 2251 256 2333 regula,
290 2272 343 2315 me
375 2252 500 2316 iterum
532 2251 696 2316 mendacii
729 2258 869 2316 accusat.
928 2251 1051 2315 Iurene
1073 2271 1118 2315 an
1168 2252 1224 2329 lat,
1257 2273 1325 2315 non
1347 2249 1493 2332 disputo:
1533 2256 1613 2314 nota
1645 2250 1733 2314 euim
1766 2260 1800 2313 et
1835 2249 1977 2332 probata
2011 2259 2063 2315 est
2094 2253 2153 2333 piis

129 2334 262 2415 iniuria,
296 2336 391 2401 facile
422 2359 465 2401 ex
498 2336 592 2402 brevi
613 2335 792 2400 verberum
824 2338 894 2402 eius
926 2338 1118 2402 recitatione
1169 2337 1320 2402 omnibus
1356 2335 1532 2420 singularis
1565 2337 1637 2400 cius
1670 2335 1733 2400 hac
1766 2337 1800 2399 in
1834 2341 1929 2418 parte
1963 2334 2152 2402 dexteritas

129 2420 270 2486 lectores
293 2430 483 2504 agnoscent.
535 2421 689 2504 Epistola
719 2422 877 2487 vicesima
910 2424 1009 2488 tertia
1042 2428 1117 2500 [pag.
1170 2421 1279 2504 Quam
1318 2443 1396 2506 ergo
1435 2421 1579 2486 laetitiae
1612 2420 1795 2486 doctrinam
1834 2424 1870 2484 in
1910 2442 1948 2486 11
1991 2420 2154 2487 desiderat

132 2511 210 2584 2³7]
233 2528 273 2570 cx
302 2508 447 2589 professo
474 2506 653 2584 contendit,
683 2506 790 2591 legem
812 2507 946 2572 nonnisi
968 2507 1010 2573 ad
1032 2520 1116 2572 1111-
1169 2506 1339 2585 Sorvotus,
1376 2509 1440 2573 uisi
1475 2528 1558 2590 quae
1590 2529 1632 2571 ex
1665 2507 1782 2571 animis
1815 2527 1949 2570 omnem
1981 2508 2102 2587 culpae
2122 2520 2153 2573 et

129 2610 192 2673 pus
215 2591 334 2656 datam.
379 2593 536 2676 Excipiet
557 2594 642 2656 forte
663 2593 826 2676 quispiam
853 2615 895 2659 ex
917 2595 986 2659 eius
1008 2595 1116 2658 santo·
1168 2613 1351 2677 poenarum
1390 2614 1524 2658 sonsum
1564 2592 1756 2675 expungat?
1819 2592 1939 2674 Itaque
1976 2594 2153 2660 muliebres

130 2676 233 2755 ribus,
257 2677 318 2743 hoc
341 2677 428 2741 nihil
450 2699 470 2742 a
491 2679 590 2743 Pauli
614 2677 702 2743 dicto
725 2677 918 2762 discrepare.
941 2680 1014 2763 Ego
1035 2701 1116 2746 vero
1167 2689 1264 2746 vocat
1285 2699 1433 2762 pavores,
1457 2680 1513 2761 qui
1535 2699 1595 2744 nos
1617 2678 1658 2742 ad
1680 2681 1834 2743 timorem
1855 2677 1930 2757 Dei,
1968 2679 2012 2742 ad
2036 2680 2152 2745 solliei-

129 2762 251 2843 ubique
289 2763 376 2845 quod
411 2763 537 2829 Paulus
573 2763 669 2828 docet
709 2767 874 2846 profiteor,
914 2785 982 2830 non
1018 2764 1115 2829 modo
1168 2771 1238 2830 tam
1270 2778 1303 2829 et
1328 2764 1466 2831 cavendi
1494 2770 1527 2829 ct
1560 2764 1715 2847 precandi
1735 2784 1849 2829 curam
1870 2765 2151 2846 expergefaeiunt

129 2847 305 2931 abrogatas
339 2869 411 2914 esse
445 2850 669 2915 caeremonias
703 2848 830 2914 Christi
863 2850 1016 2929 adventu,
1057 2850 1116 2916 sed
1169 2849 1261 2930 Quas
1284 2850 1348 2916 sibi
1375 2850 1502 2916 delitias
1534 2851 1657 2927 iecerit,
1692 2848 1753 2915 hoc
1776 2860 1835 2927 est,
1868 2871 1972 2932 quarn
2007 2852 2151 2917 suaviter

128 2932 245 3016 iugum
278 2935 450 3001 servitutis
483 2935 630 2999 solutum
660 2954 742 3014 esse,
783 2934 948 3001 sublatam
986 2956 1115 3020 quoque
1168 2957 1305 3001 excusso
1345 2934 1452 3000 divini
1490 2935 1601 3001 iudicii
1640 2943 1732 3000 metu
1771 2956 1843 3001 sese
1882 2933 2083 3002 demerserit
2120 2938 2151 3001 in

128 3018 404 3099 maledictionem,
436 3041 535 3104 quam
564 3020 620 3085 lex
642 3021 796 3085 omuibus
817 3022 1115 3105 transgressoribus
1169 3042 1318 3088 securam
1340 3020 1590 3105 indulgentiam,
1614 3023 1759 3102 quisquis
1788 3042 1854 3085 non
1881 3023 2055 3104 perspicit,
2080 3044 2151 3088 cnm

131 3102 317 3170 denunciat.
350 3106 504 3190 Denique
525 3104 632 3188 qualis
649 3105 694 3170 sit
710 3106 793 3190 legis
812 3107 988 3190 abrogatio,
1012 3128 1115 3190 quum
1168 3115 1284 3191 sponte
1306 3109 1467 3173 caecutire
1489 3107 1570 3172 dico.
1608 3105 1705 3188 Quod
1728 3114 1843 3189 postea
1865 3105 2008 3172 adiunxi
2029 3110 2151 3174 crimen

129 3188 203 3253 aliis
248 3190 400 3272 pluribus
450 3193 540 3270 locis,
590 3199 663 3255 tum
713 3192 749 3255 in
788 3213 862 3257 mea
900 3193 1114 3259 Institutione
1167 3193 1298 3258 silentio
1312 3194 1548 3271 transmittens,
1568 3194 1662 3276 qussi
1681 3200 1794 3277 aperta
1814 3193 2023 3259 confessione
2041 3215 2150 3278 agnos

129 3276 260 3340 circiter
281 3277 383 3340 finem
402 3278 491 3342 tertii
510 3276 666 3360 capitis*)
687 3278 862 3360 perspicue
881 3278 1022 3364 docui.⁸)
1046 3276 1115 3345 sed
1167 3279 1222 3343 cit.
1278 3280 1323 3343 lit
1355 3288 1445 3344 certe
1479 3280 1514 3342 in
1547 3300 1585 3344 eo
1618 3279 1804 3345 thrasonice
1834 3280 1961 3361 passim
1999 3280 2149 3356 exsultat,

127 3359 183 3425 hio
206 3360 420 3442 phreneticus
443 3363 570 3428 coelum
604 3370 637 3428 et
659 3370 782 3427 terram
805 3364 928 3443 turbat,
962 3368 1040 3448 quia
1060 3387 1113 3431 re·
1167 3363 1254 3447 quod
1267 3385 1373 3446 noque
1384 3366 1619 3447 promissiones
1632 3365 1785 3448 respiciat
1798 3364 1890 3440 fides,
1909 3387 2021 3447 neque
2033 3367 2076 3431 ab
2089 3367 2150 3430 iliis

128 3445 241 3529 gulam
288 3449 372 3512 bene
412 3449 547 3515 vivendi
591 3451 627 3513 in
666 3446 821 3533 decalogo
867 3453 1111 3534 praescriptam,
1166 3449 1314 3532 pendeat.
1359 3450 1488 3533 Pagina
1517 3455 1594 3514 325:
1616 3451 1807 3529 Promissio,
1841 3451 1960 3531 inquit,
1997 3473 2068 3516 non
2099 3474 2149 3516 11-

129 3531 236 3595 soluto
259 3533 498 3599 maledictionis
520 3535 638 3618 rigore,
666 3543 835 3599 aeternam
869 3557 940 3602 esse
963 3536 1111 3615 dicimus,

128 3615 267 3698 ideoque
307 3619 439 3684 Iudaeis
479 3628 512 3683 11
550 3619 703 3703 gentibus
741 3641 959 3686 communem.
1023 3621 1113 3702 Quid

128 3708 241 3766 autem
274 3703 358 3787 legis
390 3705 560 3769 doctrinae
592 3705 729 3787 opponit
755 3704 939 3773 Servatus?
984 3707 1113 3792 Nempe

128 3787 236 3852 solum
268 3790 403 3871 spiritus
436 3790 677 3861 instinctum.⁴)
722 3789 786 3855 Cui
816 3791 994 3875 respondet
1026 3795 1113 3877 quod

128 3872 208 3938 alibi
243 3873 323 3938 dicit
359 3897 433 3961 pag.
471 3881 544 3953 316,
584 3875 672 3958 quod
707 3874 763 3940 lex
798 3875 924 3943 Christi
960 3900 1027 3943 non
1061 3881 1113 3944 in·

128 3957 239 4043 digest
274 3967 413 4027 extumo
448 3960 546 4026 modo
584 3959 692 4039 scribi,
727 3983 788 4027 neo
822 3983 883 4045 per
917 3984 1021 4046 papae
1057 3964 1113 4031 de·

128 4053 230 4111 creta:
272 4047 350 4129 quia
393 4049 438 4114 sit
482 4047 538 4112 lox
582 4046 690 4113 cordis
728 4056 762 4112 11
800 4047 886 4127 fidei,
926 4052 1019 4115 cuius
1058 4072 1112 4117 ra-

127 4130 216 4196 tione
254 4134 416 4199 efficimur
456 4133 666 4211 theodidacti,
707 4133 786 4198 dum
825 4141 919 4216 patre
960 4136 1113 4202 trahente

128 4215 300 4282 Christum
340 4218 506 4286 discimus.
562 4218 722 4298 Convicia
761 4241 829 4297 sua,
868 4230 907 4284 ut
939 4221 1037 4300 volet,
1077 4223 1113 4287 in

128 4322 238 4367 aerem
267 4304 430 4370 iaculetur
459 4305 630 4383 Servatus,
663 4305 760 4369 modo
793 4304 903 4388 palam
932 4307 998 4386 fiat,
1029 4307 1113 4372 nihil

128 4388 159 4451 ei
191 4410 257 4454 non
291 4412 369 4456 vere
404 4392 506 4456 fuisse
539 4413 558 4455 a
590 4413 644 4455 me
678 4391 850 4456 obiectum
912 4390 952 4457 si
972 4394 1114 4477 excipiat

128 4474 292 4558 quispiam
325 4499 367 4542 ex
399 4479 471 4542 eius
494 4477 672 4560 discipulis,
704 4498 824 4561 parum
856 4478 978 4543 referre
1010 4481 1113 4563 serip-

199 4694 227 4762 1)
246 4696 319 4750 11111.
343 4697 437 4753 Voire:
459 4700 526 4753 mais
557 4697 688 4753 u'avoit-il
701 4700 718 4753 a
732 4698 800 4752 faire
810 4699 843 4753 de
859 4698 997 4755 s’efforcer
1010 4717 1112 4757 comme

127 4762 148 4816 il
167 4762 193 4817 lc
211 4766 294 4818 recito
314 4765 355 4820 s’il
373 4765 417 4835 n'y
434 4769 510 4822 avoit
528 4716 590 4836 pius
608 4783 660 4836 que
678 4768 767 4821 redire
783 4785 816 4821 en
835 4768 899 4838 luy?

198 4829 226 4896 2)
246 4850 348 4888 comme
367 4852 401 4890 en
419 4836 497 4903 parle
516 4838 628 4890 Ieremia
647 4834 703 4903 (31,
720 4834 780 4897 34).

198 4899 226 4965 *)
244 4899 330 4956 Nunc
347 4904 364 4955 1.
383 4904 428 4956 II.
446 4920 506 4972 cop.
531 4904 597 4958 VII.
616 4909 640 4968 ἓ.
658 4903 701 4959 14.

198 4967 228 5035 3)
248 4968 322 5023 Aac.
346 4971 471 5042 Parquoy
493 4974 512 5026 il
535 4972 645 5028 n’estoit
667 4975 694 5027 ie
715 4972 811 5028 besoiu
829 4989 882 5042 que
900 4972 998 5030 811111
1015 4975 1111 5030 1111111-

128 5035 184 5092 lsst
202 5044 296 5092 contre
314 5055 376 5109 moy
394 5056 465 5108 pour
483 5048 556 5096 ceste
575 5042 705 5110 querella.

198 5105 229 5185 d)
249 5106 322 5189 add.
341 5116 369 5161 et
386 5108 504 5191 ubst-ce
518 5126 569 5231 pas
587 5126 618 5165 ce
637 5125 690 5179 que
707 5108 760 5180 111
778 5109 834 5166 (1111
850 5124 904 5180 que
923 5110 1026 5168 chacun
1044 5127 1112 5167 tura

127 5189 181 5232 sou
198 5181 360 5244 1111111111
377 5193 449 5246 pour
465 5192 523 5246 rcrg
534 5194 559 5233 e.

1165 3536 1306 3601 cessario
1345 3536 1489 3619 exigitur
1528 3545 1566 3599 ut
1604 3537 1678 3619 quis
1715 3538 1919 3615 iustificetur,
1963 3559 2148 3621 quanquam

1167 3643 1239 3686 eam
1262 3642 1392 3704 semper
1414 3622 1503 3704 exigi
1523 3622 1669 3705 plerique
1690 3621 1789 3686 hodie
1811 3621 2026 3688 contendant.
2066 3626 2148 3707 Asy-

1166 3707 1237 3771 lum
1269 3706 1393 3771 habent
1425 3707 1534 3788 ipsum
1563 3707 1743 3772 Abrabam.
1787 3709 1836 3772 At
1868 3728 1950 3773 vero
1982 3708 2149 3775 Abraham

1166 3814 1233 3857 non
1266 3791 1339 3857 ideo
1370 3793 1567 3858 iustificatus
1600 3799 1657 3871 est,
1696 3795 1772 3876 quia
1805 3792 1845 3857 de
1877 3794 2148 3875 promissionibus

1166 3899 1274 3944 sermo
1297 3885 1376 3958 erat,
1411 3879 1468 3944 sed
1491 3880 1568 3961 quia
1589 3878 1682 3943 Deus
1708 3879 1904 3962 loquebatur
1925 3881 1982 3943 cui
2005 3881 2147 3946 credidit.

1166 3965 1213 4028 Et
1232 3964 1268 4028 in
1291 3985 1328 4028 eo
1351 3965 1616 4030 iustificationem
1635 3965 1723 4031 vitae
1744 3966 1922 4030 consistere
1943 3968 2147 4047 pronunciat,

1167 4070 1204 4114 ec
1236 4050 1342 4114 vitam
1381 4051 1497 4133 ipsam,
1536 4050 1606 4117 sive
1639 4050 1720 4133 quid
1757 4051 1931 4134 promittat
1972 4058 2049 4132 [pag.
2079 4059 2145 4129 239]

1166 4134 1269 4214 Deus,
1292 4136 1363 4201 sive
1385 4157 1460 4201 uon.
1484 4134 1640 4201 Ostendit
1662 4136 1716 4201 hic
1737 4158 1824 4202 unus
1845 4137 1939 4202 locus
1963 4136 2146 4215 Servatum,

1167 4222 1222 4304 qui
1243 4220 1364 4304 ubiquo
1385 4223 1570 4304 magistrali
1593 4222 1767 4305 supercilio
1788 4223 1889 4286 iactat
1906 4221 1972 4287 sibi
1995 4228 2056 4290 uni
2078 4247 2146 4291 con·

1167 4317 1255 4372 staro
1275 4316 1400 4372 rectam
1421 4308 1499 4372 fidei
1532 4307 1765 4387 definitionem,
1799 4329 1974 4391 nunquam
2008 4312 2147 4376 tenuisse

1168 4394 1237 4458 eius
1271 4394 1477 4476 principium.
1532 4393 1644 4470 Fides,
1676 4415 1714 4459 eo
1748 4401 1872 4471 autore,
1913 4397 2046 4462 nullam
2079 4419 2147 4481 pro·

1167 4479 1357 4544 missionem
1380 4480 1527 4561 requirit,
1560 4487 1599 4544 ut
1628 4479 1796 4545 hominem
1826 4481 1987 4547 iustificat
2009 4485 2147 4549 111111-

1167 4572 1234 4630 tcm
1265 4564 1314 4629 1111
1347 4566 1503 4632 conferat.
1559 4566 1624 4629 Hic
1655 4587 1723 4630 non
1754 4565 1897 4648 disputo,
1939 4570 2029 4635 sitne
2062 4570 2146 4644 fides,

1168 4672 1270 4733 quum
1292 4649 1334 4714 ad
1355 4650 1422 4715 Dei
1441 4651 1550 4716 minas
1573 4653 1795 4717 contremiscit
1816 4660 1980 4734 peccator.

1252 4736 1363 4800 Altior
1394 4738 1536 4802 vertitur
1568 4739 1725 4820 quaestio,
1765 4739 1802 4803 in
1834 4760 1901 4820 quo
1935 4740 2078 4806 brodata
2109 4743 2146 4807 sit

1167 4820 1257 4900 fides,
1292 4843 1378 4904 quae
1409 4830 1442 4886 et
1468 4828 1575 4887 111111
1602 4832 1653 4888 111
1674 4824 1814 4905 pietatis,
1838 4836 1872 4889 et
1894 4846 1959 4891 nos
1979 4827 2054 4893 Deo
2076 4847 2145 4891 con·

1165 4908 1282 4991 iungit.
1318 4909 1404 4972 Eam
1423 4907 1584 4973 Servatus
1605 4930 1624 4973 a
1642 4909 1708 4974 Dei
1730 4910 2009 4990 promissionibus
2031 4912 2143 4985 avellit,

1166 5012 1204 5058 ac
1226 4995 1254 5057 si
1276 4993 1422 5077 generali
1443 4995 1577 5075 obiecto,
1599 5004 1637 5059 ut
1658 4994 1852 5079 loquuntur,
1881 5008 2039 5067 contenta
2059 5001 2141 5065 ierat.

1236 5179 1266 5250 1)
1281 5181 1413 5238 111111.
