<?xml version="1.0" encoding="UTF-8"?>
<!DOCTYPE html PUBLIC "-//W3C//DTD XHTML 1.0 Transitional//EN"
    "http://www.w3.org/TR/xhtml1/DTD/xhtml1-transitional.dtd">
<html xmlns="http://www.w3.org/1999/xhtml" xml:lang="en" lang="en">
 <head>
  <title>
</title>
<meta http-equiv="Content-Type" content="text/html;charset=utf-8" />
  <meta name='ocr-system' content='tesseract 3.04.00' />
  <meta name='ocr-capabilities' content='ocr_page ocr_carea ocr_par ocr_line ocrx_word'/>
</head>
<body>
  <div class='ocr_page' id='page_1' title='image "./ioanniscalvinio14calvgoog_0897.png"; bbox 0 0 4620 5894; ppageno 0'>
   <div class='ocr_carea' id='block_1_1' title="bbox 240 220 2259 311">
    <p class='ocr_par' dir='ltr' id='par_1_1' title="bbox 240 220 2259 311">
     <span class='ocr_line' id='line_1_1' title="bbox 240 220 2259 311; baseline 0.005 -11"><span class='ocrx_word' id='word_1_1' title='bbox 240 240 304 301; x_wconf 85' lang='grc' dir='ltr'><strong>ιιι</strong></span> <span class='ocrx_word' id='word_1_2' title='bbox 1158 220 1343 305; x_wconf 65' lang='lat' dir='ltr'><strong>Paucas</strong></span> <span class='ocrx_word' id='word_1_3' title='bbox 2204 246 2259 311; x_wconf 87' lang='lat' dir='ltr'><strong>sto</strong></span> 
     </span>
    </p>
   </div>
   <div class='ocr_carea' id='block_1_2' title="bbox 228 421 2256 2985">
    <p class='ocr_par' dir='ltr' id='par_1_2' title="bbox 228 421 2256 2985">
     <span class='ocr_line' id='line_1_2' title="bbox 240 421 2256 514; baseline 0.004 -22"><span class='ocrx_word' id='word_1_4' title='bbox 240 426 335 493; x_wconf 89' lang='lat' dir='ltr'><strong>dicis:</strong></span> <span class='ocrx_word' id='word_1_5' title='bbox 364 425 529 493; x_wconf 84' lang='lat' dir='ltr'><strong>Mundum</strong></span> <span class='ocrx_word' id='word_1_6' title='bbox 551 424 593 490; x_wconf 88' lang='lat' dir='ltr'><strong>ab</strong></span> <span class='ocrx_word' id='word_1_7' title='bbox 614 429 749 490; x_wconf 89' lang='lat' dir='ltr'><strong>aeterno</strong></span> <span class='ocrx_word' id='word_1_8' title='bbox 769 422 870 488; x_wconf 81' lang='lat' dir='ltr'><strong>fuisse</strong></span> <span class='ocrx_word' id='word_1_9' title='bbox 891 421 973 504; x_wconf 90' lang='lat' dir='ltr'><strong>dico,</strong></span> <span class='ocrx_word' id='word_1_10' title='bbox 995 423 1074 489; x_wconf 92' lang='lat' dir='ltr'><strong>licet</strong></span> <span class='ocrx_word' id='word_1_11' title='bbox 1094 430 1223 489; x_wconf 87' lang='lat' dir='ltr'><strong>creatus</strong></span> <span class='ocrx_word' id='word_1_12' title='bbox 1361 425 1507 493; x_wconf 83' lang='lat' dir='ltr'><strong>Proinde</strong></span> <span class='ocrx_word' id='word_1_13' title='bbox 1528 428 1611 495; x_wconf 86' lang='lat' dir='ltr'><strong>satis</strong></span> <span class='ocrx_word' id='word_1_14' title='bbox 1631 428 1736 510; x_wconf 83' lang='lat' dir='ltr'><strong>video,</strong></span> <span class='ocrx_word' id='word_1_15' title='bbox 1765 438 1930 514; x_wconf 86' lang='lat' dir='ltr'><strong>quantum</strong></span> <span class='ocrx_word' id='word_1_16' title='bbox 1953 438 1994 496; x_wconf 91' lang='lat' dir='ltr'><strong>tu</strong></span> <span class='ocrx_word' id='word_1_17' title='bbox 2019 451 2042 496; x_wconf 89' lang='lat' dir='ltr'><strong>a</strong></span> <span class='ocrx_word' id='word_1_18' title='bbox 2065 430 2160 498; x_wconf 89' lang='lat' dir='ltr'><strong>nobis</strong></span> <span class='ocrx_word' id='word_1_19' title='bbox 2178 453 2256 501; x_wconf 86' lang='lat' dir='ltr'><strong>reco-</strong></span> 
     </span>
     <span class='ocr_line' id='line_1_3' title="bbox 240 508 2256 601; baseline 0.003 -22"><span class='ocrx_word' id='word_1_20' title='bbox 240 512 285 579; x_wconf 87' lang='lat' dir='ltr'><strong>eit</strong></span> <span class='ocrx_word' id='word_1_21' title='bbox 305 533 326 578; x_wconf 90' lang='lat' dir='ltr'><strong>a</strong></span> <span class='ocrx_word' id='word_1_22' title='bbox 346 513 437 578; x_wconf 88' lang='lat' dir='ltr'><strong>Deo:</strong></span> <span class='ocrx_word' id='word_1_23' title='bbox 460 518 494 577; x_wconf 89' lang='lat' dir='ltr'><strong>et</strong></span> <span class='ocrx_word' id='word_1_24' title='bbox 514 510 601 576; x_wconf 90' lang='lat' dir='ltr'><strong>idom</strong></span> <span class='ocrx_word' id='word_1_25' title='bbox 623 517 676 575; x_wconf 90' lang='lat' dir='ltr'><strong>est</strong></span> <span class='ocrx_word' id='word_1_26' title='bbox 697 508 814 588; x_wconf 90' lang='lat' dir='ltr'><strong>dicere,</strong></span> <span class='ocrx_word' id='word_1_27' title='bbox 834 508 925 575; x_wconf 89' lang='lat' dir='ltr'><strong>filius</strong></span> <span class='ocrx_word' id='word_1_28' title='bbox 946 515 999 575; x_wconf 88' lang='lat' dir='ltr'><strong>est</strong></span> <span class='ocrx_word' id='word_1_29' title='bbox 1020 509 1222 576; x_wconf 84' lang='lat' dir='ltr'><strong>screatione</strong></span> <span class='ocrx_word' id='word_1_30' title='bbox 1274 509 1408 577; x_wconf 80' lang='lat' dir='ltr'><strong>ductet</strong></span> <span class='ocrx_word' id='word_1_31' title='bbox 1507 512 1534 578; x_wconf 85' lang='lat' dir='ltr'><strong>‘e</strong></span> <span class='ocrx_word' id='word_1_32' title='bbox 1554 514 1700 581; x_wconf 89' lang='lat' dir='ltr'><strong>iudaisas</strong></span> <span class='ocrx_word' id='word_1_33' title='bbox 1717 535 1815 599; x_wconf 89' lang='lat' dir='ltr'><strong>quam</strong></span> <span class='ocrx_word' id='word_1_34' title='bbox 1843 516 1986 601; x_wconf 78' lang='lat' dir='ltr'>gloriam</span> <span class='ocrx_word' id='word_1_35' title='bbox 2012 515 2145 583; x_wconf 83' lang='lat' dir='ltr'><strong>Christi</strong></span> <span class='ocrx_word' id='word_1_36' title='bbox 2172 538 2256 601; x_wconf 80' lang='lat' dir='ltr'><strong>pruo-</strong></span> 
     </span>
     <span class='ocr_line' id='line_1_4' title="bbox 239 532 2253 682; baseline 0.004 -20"><span class='ocrx_word' id='word_1_37' title='bbox 239 598 365 677; x_wconf 91' lang='lat' dir='ltr'><strong>mundi,</strong></span> <span class='ocrx_word' id='word_1_38' title='bbox 388 602 446 664; x_wconf 89' lang='lat' dir='ltr'><strong>aut</strong></span> <span class='ocrx_word' id='word_1_39' title='bbox 460 596 502 662; x_wconf 89' lang='lat' dir='ltr'><strong>ab</strong></span> <span class='ocrx_word' id='word_1_40' title='bbox 518 596 622 674; x_wconf 93' lang='lat' dir='ltr'><strong>initio,</strong></span> <span class='ocrx_word' id='word_1_41' title='bbox 646 602 679 659; x_wconf 90' lang='lat' dir='ltr'><strong>et</strong></span> <span class='ocrx_word' id='word_1_42' title='bbox 696 592 952 659; x_wconf 87' lang='lat' dir='ltr'><strong>abaeternitate.</strong></span> <span class='ocrx_word' id='word_1_43' title='bbox 988 594 1082 661; x_wconf 92' lang='lat' dir='ltr'><strong>Haec</strong></span> <span class='ocrx_word' id='word_1_44' title='bbox 1098 594 1223 661; x_wconf 88' lang='lat' dir='ltr'><strong>scilicet</strong></span> <span class='ocrx_word' id='word_1_45' title='bbox 1273 594 1371 663; x_wconf 87' lang='lat' dir='ltr'><strong>dicas.</strong></span> <span class='ocrx_word' id='word_1_46' title='bbox 1405 532 1582 679; x_wconf 51' lang='lat' dir='ltr'><strong>thndlnon</strong></span> <span class='ocrx_word' id='word_1_47' title='bbox 1603 599 1710 665; x_wconf 87' lang='lat' dir='ltr'><strong>calore</strong></span> <span class='ocrx_word' id='word_1_48' title='bbox 1730 601 1922 669; x_wconf 89' lang='lat' dir='ltr'><strong>iracundiae</strong></span> <span class='ocrx_word' id='word_1_49' title='bbox 1939 602 2066 682; x_wconf 88' lang='lat' dir='ltr'><strong>scribo,</strong></span> <span class='ocrx_word' id='word_1_50' title='bbox 2089 601 2148 669; x_wconf 86' lang='lat' dir='ltr'><strong>sed</strong></span> <span class='ocrx_word' id='word_1_51' title='bbox 2168 603 2253 671; x_wconf 78' lang='lat' dir='ltr'><strong>fidem</strong></span> 
     </span>
     <span class='ocr_line' id='line_1_5' title="bbox 240 678 2253 769; baseline 0.002 -20"><span class='ocrx_word' id='word_1_52' title='bbox 240 690 291 749; x_wconf 89' lang='lat' dir='ltr'><strong>cst</strong></span> <span class='ocrx_word' id='word_1_53' title='bbox 311 683 417 768; x_wconf 78' lang='lat' dir='ltr'><strong>gloria</strong></span> <span class='ocrx_word' id='word_1_54' title='bbox 438 702 535 767; x_wconf 88' lang='lat' dir='ltr'><strong>quam</strong></span> <span class='ocrx_word' id='word_1_55' title='bbox 558 680 626 745; x_wconf 84' lang='lat' dir='ltr'><strong>filio</strong></span> <span class='ocrx_word' id='word_1_56' title='bbox 647 680 711 745; x_wconf 92' lang='lat' dir='ltr'><strong>Dei</strong></span> <span class='ocrx_word' id='word_1_57' title='bbox 739 678 872 758; x_wconf 87' lang='lat' dir='ltr'><strong>tribuis,</strong></span> <span class='ocrx_word' id='word_1_58' title='bbox 902 687 940 744; x_wconf 89' lang='lat' dir='ltr'><strong>ut</strong></span> <span class='ocrx_word' id='word_1_59' title='bbox 961 688 1154 746; x_wconf 79' lang='lat' dir='ltr'><strong>mactemus</strong></span> <span class='ocrx_word' id='word_1_60' title='bbox 1177 681 1223 745; x_wconf 92' lang='lat' dir='ltr'><strong>sit</strong></span> <span class='ocrx_word' id='word_1_61' title='bbox 1273 680 1347 747; x_wconf 92' lang='lat' dir='ltr'><strong>Deo</strong></span> <span class='ocrx_word' id='word_1_62' title='bbox 1367 702 1441 747; x_wconf 90' lang='lat' dir='ltr'><strong>meo</strong></span> <span class='ocrx_word' id='word_1_63' title='bbox 1462 704 1597 751; x_wconf 83' lang='lat' dir='ltr'><strong>servare</strong></span> <span class='ocrx_word' id='word_1_64' title='bbox 1617 686 1728 769; x_wconf 87' lang='lat' dir='ltr'><strong>cupio:</strong></span> <span class='ocrx_word' id='word_1_65' title='bbox 1760 688 1818 769; x_wconf 88' lang='lat' dir='ltr'><strong>qui</strong></span> <span class='ocrx_word' id='word_1_66' title='bbox 1838 694 1873 753; x_wconf 91' lang='lat' dir='ltr'><strong>te</strong></span> <span class='ocrx_word' id='word_1_67' title='bbox 1893 687 2049 753; x_wconf 76' lang='lat' dir='ltr'><strong>illustret</strong></span> <span class='ocrx_word' id='word_1_68' title='bbox 2069 709 2143 765; x_wconf 92' lang='lat' dir='ltr'><strong>oro,</strong></span> <span class='ocrx_word' id='word_1_69' title='bbox 2171 698 2206 754; x_wconf 94' lang='grc' dir='ltr'><strong>ιιι</strong></span> <span class='ocrx_word' id='word_1_70' title='bbox 2222 714 2253 759; x_wconf 84' lang='lat' dir='ltr'><strong>re</strong></span> 
     </span>
     <span class='ocr_line' id='line_1_6' title="bbox 238 765 2249 853; baseline 0.004 -21"><span class='ocrx_word' id='word_1_71' title='bbox 238 769 327 853; x_wconf 87' lang='lat' dir='ltr'><strong>patri</strong></span> <span class='ocrx_word' id='word_1_72' title='bbox 348 768 433 835; x_wconf 91' lang='lat' dir='ltr'><strong>sicut</strong></span> <span class='ocrx_word' id='word_1_73' title='bbox 453 765 597 832; x_wconf 90' lang='lat' dir='ltr'><strong>mundus</strong></span> <span class='ocrx_word' id='word_1_74' title='bbox 615 767 695 849; x_wconf 89' lang='lat' dir='ltr'><strong>ipse.</strong></span> <span class='ocrx_word' id='word_1_75' title='bbox 739 766 787 829; x_wconf 85' lang='lat' dir='ltr'><strong>At</strong></span> <span class='ocrx_word' id='word_1_76' title='bbox 809 785 845 829; x_wconf 91' lang='lat' dir='ltr'><strong>ro</strong></span> <span class='ocrx_word' id='word_1_77' title='bbox 866 786 939 849; x_wconf 81' lang='lat' dir='ltr'><strong>ipsa</strong></span> <span class='ocrx_word' id='word_1_78' title='bbox 959 772 998 831; x_wconf 93' lang='lat' dir='ltr'><strong>tu</strong></span> <span class='ocrx_word' id='word_1_79' title='bbox 1015 786 1076 831; x_wconf 91' lang='lat' dir='ltr'><strong>nec</strong></span> <span class='ocrx_word' id='word_1_80' title='bbox 1092 774 1221 849; x_wconf 88' lang='lat' dir='ltr'><strong>patrem</strong></span> <span class='ocrx_word' id='word_1_81' title='bbox 1272 786 1353 833; x_wconf 82' lang='lat' dir='ltr'><strong>vera</strong></span> <span class='ocrx_word' id='word_1_82' title='bbox 1385 766 1558 835; x_wconf 72' lang='lat' dir='ltr'><strong>Christum</strong></span> <span class='ocrx_word' id='word_1_83' title='bbox 1596 771 1703 837; x_wconf 88' lang='lat' dir='ltr'><strong>filium</strong></span> <span class='ocrx_word' id='word_1_84' title='bbox 1732 772 1798 837; x_wconf 89' lang='lat' dir='ltr'><strong>Dei</strong></span> <span class='ocrx_word' id='word_1_85' title='bbox 1835 771 1953 839; x_wconf 86' lang='lat' dir='ltr'><strong>credas</strong></span> <span class='ocrx_word' id='word_1_86' title='bbox 1989 784 2027 839; x_wconf 91' lang='lat' dir='ltr'><strong>et</strong></span> <span class='ocrx_word' id='word_1_87' title='bbox 2062 776 2249 845; x_wconf 82' lang='lat' dir='ltr'><strong>confitearis:</strong></span> 
     </span>
     <span class='ocr_line' id='line_1_7' title="bbox 239 850 1392 934; baseline -0.003 -13"><span class='ocrx_word' id='word_1_88' title='bbox 239 852 323 921; x_wconf 80' lang='lat' dir='ltr'><strong>ainis</strong></span> <span class='ocrx_word' id='word_1_89' title='bbox 344 875 425 919; x_wconf 89' lang='lat' dir='ltr'><strong>ease.</strong></span> <span class='ocrx_word' id='word_1_90' title='bbox 470 852 508 919; x_wconf 80' lang='lat' dir='ltr'><strong>si</strong></span> <span class='ocrx_word' id='word_1_91' title='bbox 531 851 621 919; x_wconf 94' lang='lat' dir='ltr'><strong>enim</strong></span> <span class='ocrx_word' id='word_1_92' title='bbox 643 850 703 916; x_wconf 92' lang='lat' dir='ltr'><strong>tibi</strong></span> <span class='ocrx_word' id='word_1_93' title='bbox 724 850 813 916; x_wconf 86' lang='lat' dir='ltr'><strong>lilius</strong></span> <span class='ocrx_word' id='word_1_94' title='bbox 838 850 970 934; x_wconf 76' lang='lat' dir='ltr'><strong>incipit,</strong></span> <span class='ocrx_word' id='word_1_95' title='bbox 999 861 1033 915; x_wconf 94' lang='lat' dir='ltr'><strong>et</strong></span> <span class='ocrx_word' id='word_1_96' title='bbox 1052 860 1147 934; x_wconf 88' lang='lat' dir='ltr'><strong>pater</strong></span> <span class='ocrx_word' id='word_1_97' title='bbox 1170 852 1220 915; x_wconf 94' lang='lat' dir='ltr'><strong>in·</strong></span> <span class='ocrx_word' id='word_1_98' title='bbox 1273 853 1392 918; x_wconf 84' lang='lat' dir='ltr'><strong>Amen.</strong></span> 
     </span>
     <span class='ocr_line' id='line_1_8' title="bbox 240 934 1219 1023; baseline -0.007 -16"><span class='ocrx_word' id='word_1_99' title='bbox 240 940 329 1023; x_wconf 83' lang='lat' dir='ltr'><strong>cipit</strong></span> <span class='ocrx_word' id='word_1_100' title='bbox 373 940 427 1004; x_wconf 74' lang='lat' dir='ltr'><strong>lin</strong></span> <span class='ocrx_word' id='word_1_101' title='bbox 450 940 614 1021; x_wconf 86' lang='lat' dir='ltr'><strong>pietatem.</strong></span> <span class='ocrx_word' id='word_1_102' title='bbox 658 936 693 1001; x_wconf 90' lang='lat' dir='ltr'><strong>Is</strong></span> <span class='ocrx_word' id='word_1_103' title='bbox 714 957 774 1019; x_wconf 91' lang='lat' dir='ltr'><strong>per</strong></span> <span class='ocrx_word' id='word_1_104' title='bbox 795 956 893 1019; x_wconf 87' lang='lat' dir='ltr'><strong>quem</strong></span> <span class='ocrx_word' id='word_1_105' title='bbox 915 934 1061 1001; x_wconf 91' lang='lat' dir='ltr'><strong>condidit</strong></span> <span class='ocrx_word' id='word_1_106' title='bbox 1081 936 1219 1016; x_wconf 86' lang='lat' dir='ltr'><strong>saecula,</strong></span> 
     </span>
     <span class='ocr_line' id='line_1_9' title="bbox 240 1021 1220 1105; baseline -0.003 -17"><span class='ocrx_word' id='word_1_107' title='bbox 240 1045 308 1089; x_wconf 93' lang='lat' dir='ltr'><strong>non</strong></span> <span class='ocrx_word' id='word_1_108' title='bbox 328 1025 424 1090; x_wconf 88' lang='lat' dir='ltr'><strong>aliter</strong></span> <span class='ocrx_word' id='word_1_109' title='bbox 445 1023 622 1089; x_wconf 83' lang='lat' dir='ltr'><strong>antecessit</strong></span> <span class='ocrx_word' id='word_1_110' title='bbox 642 1021 782 1101; x_wconf 89' lang='lat' dir='ltr'><strong>saccula,</strong></span> <span class='ocrx_word' id='word_1_111' title='bbox 806 1042 904 1105; x_wconf 89' lang='lat' dir='ltr'><strong>quam</strong></span> <span class='ocrx_word' id='word_1_112' title='bbox 920 1021 1064 1087; x_wconf 89' lang='lat' dir='ltr'><strong>mundus</strong></span> <span class='ocrx_word' id='word_1_113' title='bbox 1079 1022 1150 1105; x_wconf 91' lang='lat' dir='ltr'><strong>ipse</strong></span> <span class='ocrx_word' id='word_1_114' title='bbox 1164 1022 1220 1104; x_wconf 91' lang='lat' dir='ltr'><strong>qui</strong></span> 
     </span>
     <span class='ocr_line' id='line_1_10' title="bbox 240 1106 1037 1191; baseline -0.006 -15"><span class='ocrx_word' id='word_1_115' title='bbox 240 1109 390 1177; x_wconf 91' lang='lat' dir='ltr'><strong>conditus</strong></span> <span class='ocrx_word' id='word_1_116' title='bbox 410 1118 469 1175; x_wconf 83' lang='lat' dir='ltr'><strong>cst</strong></span> <span class='ocrx_word' id='word_1_117' title='bbox 514 1107 572 1175; x_wconf 85' lang='lat' dir='ltr'><strong>Sic</strong></span> <span class='ocrx_word' id='word_1_118' title='bbox 595 1114 632 1172; x_wconf 92' lang='lat' dir='ltr'><strong>tu</strong></span> <span class='ocrx_word' id='word_1_119' title='bbox 649 1107 814 1191; x_wconf 83' lang='lat' dir='ltr'><strong>glorificas</strong></span> <span class='ocrx_word' id='word_1_120' title='bbox 835 1106 941 1171; x_wconf 88' lang='lat' dir='ltr'><strong>filium</strong></span> <span class='ocrx_word' id='word_1_121' title='bbox 963 1106 1037 1171; x_wconf 90' lang='lat' dir='ltr'><strong>Dei.</strong></span> 
     </span>
     <span class='ocr_line' id='line_1_11' title="bbox 326 1192 1221 1275; baseline -0.003 -14"><span class='ocrx_word' id='word_1_122' title='bbox 326 1194 574 1261; x_wconf 79' lang='lat' dir='ltr'><strong>Confessionem</strong></span> <span class='ocrx_word' id='word_1_123' title='bbox 594 1200 697 1272; x_wconf 86' lang='lat' dir='ltr'><strong>tuam,</strong></span> <span class='ocrx_word' id='word_1_124' title='bbox 719 1214 802 1275; x_wconf 90' lang='lat' dir='ltr'><strong>quae</strong></span> <span class='ocrx_word' id='word_1_125' title='bbox 824 1194 870 1258; x_wconf 92' lang='lat' dir='ltr'><strong>eie</strong></span> <span class='ocrx_word' id='word_1_126' title='bbox 892 1200 1002 1257; x_wconf 88' lang='lat' dir='ltr'><strong>sonat:</strong></span> <span class='ocrx_word' id='word_1_127' title='bbox 1030 1192 1125 1259; x_wconf 82' lang='lat' dir='ltr'><strong>Hunc</strong></span> <span class='ocrx_word' id='word_1_128' title='bbox 1143 1192 1221 1274; x_wconf 76' lang='lat' dir='ltr'><strong>fidei</strong></span> 
     </span>
     <span class='ocr_line' id='line_1_12' title="bbox 238 1276 1219 1364; baseline -0.004 -17"><span class='ocrx_word' id='word_1_129' title='bbox 238 1280 465 1364; x_wconf 76' lang='lat' dir='ltr'><strong>confessionem</strong></span> <span class='ocrx_word' id='word_1_130' title='bbox 483 1284 652 1358; x_wconf 65' lang='lat' dir='ltr'><strong>mamus,</strong></span> <span class='ocrx_word' id='word_1_131' title='bbox 680 1279 762 1360; x_wconf 77' lang='lat' dir='ltr'><strong>qttod</strong></span> <span class='ocrx_word' id='word_1_132' title='bbox 783 1284 829 1343; x_wconf 83' lang='lat' dir='ltr'><strong>est</strong></span> <span class='ocrx_word' id='word_1_133' title='bbox 855 1298 940 1343; x_wconf 83' lang='lat' dir='ltr'><strong>uuus</strong></span> <span class='ocrx_word' id='word_1_134' title='bbox 961 1276 1054 1345; x_wconf 85' lang='lat' dir='ltr'><strong>Deus</strong></span> <span class='ocrx_word' id='word_1_135' title='bbox 1080 1280 1219 1359; x_wconf 77' lang='lat' dir='ltr'><strong>manipo-</strong></span> 
     </span>
     <span class='ocr_line' id='line_1_13' title="bbox 239 1363 1218 1446; baseline -0.003 -15"><span class='ocrx_word' id='word_1_136' title='bbox 239 1372 315 1446; x_wconf 80' lang='lat' dir='ltr'><strong>tens,</strong></span> <span class='ocrx_word' id='word_1_137' title='bbox 336 1366 572 1446; x_wconf 63' lang='lat' dir='ltr'><strong>colummerios</strong></span> <span class='ocrx_word' id='word_1_138' title='bbox 593 1366 737 1446; x_wconf 71' lang='lat' dir='ltr'><strong>simplex,</strong></span> <span class='ocrx_word' id='word_1_139' title='bbox 760 1368 789 1427; x_wconf 86' lang='grc' dir='ltr'><strong>ιι</strong></span> <span class='ocrx_word' id='word_1_140' title='bbox 809 1363 896 1429; x_wconf 81' lang='lat' dir='ltr'><strong>nullo</strong></span> <span class='ocrx_word' id='word_1_141' title='bbox 918 1363 1007 1429; x_wconf 83' lang='lat' dir='ltr'><strong>modo</strong></span> <span class='ocrx_word' id='word_1_142' title='bbox 1024 1365 1218 1446; x_wconf 63' lang='lat' dir='ltr'><strong>memoritur,</strong></span> 
     </span>
     <span class='ocr_line' id='line_1_14' title="bbox 239 1450 1219 1534; baseline -0.004 -16"><span class='ocrx_word' id='word_1_143' title='bbox 239 1453 295 1534; x_wconf 76' lang='lat' dir='ltr'><strong>uui</strong></span> <span class='ocrx_word' id='word_1_144' title='bbox 315 1451 404 1517; x_wconf 85' lang='lat' dir='ltr'><strong>oerho</strong></span> <span class='ocrx_word' id='word_1_145' title='bbox 424 1470 482 1517; x_wconf 84' lang='lat' dir='ltr'><strong>cuo</strong></span> <span class='ocrx_word' id='word_1_146' title='bbox 503 1454 531 1515; x_wconf 86' lang='lat' dir='ltr'><strong>ct</strong></span> <span class='ocrx_word' id='word_1_147' title='bbox 551 1452 671 1533; x_wconf 82' lang='lat' dir='ltr'><strong>spiritu</strong></span> <span class='ocrx_word' id='word_1_148' title='bbox 691 1454 798 1513; x_wconf 73' lang='lat' dir='ltr'><strong>conco</strong></span> <span class='ocrx_word' id='word_1_149' title='bbox 820 1454 931 1515; x_wconf 81' lang='grc' dir='ltr'>ιιιιιιι</span> <span class='ocrx_word' id='word_1_150' title='bbox 957 1450 1073 1515; x_wconf 65' lang='lat' dir='ltr'><strong>necuit</strong></span> <span class='ocrx_word' id='word_1_151' title='bbox 1099 1453 1127 1513; x_wconf 85' lang='lat' dir='ltr'><strong>ct</strong></span> <span class='ocrx_word' id='word_1_152' title='bbox 1154 1468 1219 1514; x_wconf 90' lang='lat' dir='ltr'><strong>cor-</strong></span> 
     </span>
     <span class='ocr_line' id='line_1_15' title="bbox 238 1534 2021 1618; baseline -0.003 -16"><span class='ocrx_word' id='word_1_153' title='bbox 238 1535 401 1617; x_wconf 82' lang='lat' dir='ltr'><strong>roborauit,</strong></span> <span class='ocrx_word' id='word_1_154' title='bbox 422 1538 500 1618; x_wconf 77' lang='lat' dir='ltr'><strong>puio</strong></span> <span class='ocrx_word' id='word_1_155' title='bbox 519 1536 588 1617; x_wconf 80' lang='lat' dir='ltr'><strong>ipsc</strong></span> <span class='ocrx_word' id='word_1_156' title='bbox 605 1536 691 1601; x_wconf 79' lang='lat' dir='ltr'><strong>dicit</strong></span> <span class='ocrx_word' id='word_1_157' title='bbox 706 1540 734 1600; x_wconf 81' lang='lat' dir='ltr'><strong>et</strong></span> <span class='ocrx_word' id='word_1_158' title='bbox 750 1536 895 1615; x_wconf 73' lang='lat' dir='ltr'><strong>sacrarat,</strong></span> <span class='ocrx_word' id='word_1_159' title='bbox 917 1535 986 1615; x_wconf 68' lang='grc' dir='ltr'>ιἰιι</span> <span class='ocrx_word' id='word_1_160' title='bbox 1006 1534 1171 1599; x_wconf 79' lang='lat' dir='ltr'><strong>mondavit</strong></span> <span class='ocrx_word' id='word_1_161' title='bbox 1191 1540 1220 1599; x_wconf 72' lang='grc' dir='ltr'><strong>ι</strong></span> <span class='ocrx_word' id='word_1_162' title='bbox 1526 1592 1534 1610; x_wconf 85' lang='grc'>,</span> <span class='ocrx_word' id='word_1_163' title='bbox 1875 1596 1883 1613; x_wconf 73' lang='grc'>,</span> <span class='ocrx_word' id='word_1_164' title='bbox 2011 1598 2021 1616; x_wconf 64' lang='lat'>‚</span> 
     </span>
     <span class='ocr_line' id='line_1_16' title="bbox 239 1588 2245 1719; baseline 0.004 -42"><span class='ocrx_word' id='word_1_165' title='bbox 239 1622 455 1687; x_wconf 74' lang='lat' dir='ltr'><strong>ssusttaruat:</strong></span> <span class='ocrx_word' id='word_1_166' title='bbox 487 1626 624 1687; x_wconf 77' lang='lat' dir='ltr'><strong>cunas</strong></span> <span class='ocrx_word' id='word_1_167' title='bbox 645 1619 806 1719; x_wconf 50' lang='lat' dir='ltr'><strong>Dunense</strong></span> <span class='ocrx_word' id='word_1_168' title='bbox 834 1620 928 1685; x_wconf 71' lang='lat' dir='ltr'><strong>Iesu</strong></span> <span class='ocrx_word' id='word_1_169' title='bbox 950 1617 1105 1719; x_wconf 34' lang='lat' dir='ltr'><strong>&#39;otacus</strong></span> <span class='ocrx_word' id='word_1_170' title='bbox 1128 1619 1217 1719; x_wconf 53' lang='lat' dir='ltr'><strong>filiu?</strong></span> <span class='ocrx_word' id='word_1_171' title='bbox 1271 1588 1450 1674; x_wconf 84' lang='lat' dir='ltr'><strong>Serveto</strong></span> <span class='ocrx_word' id='word_1_172' title='bbox 1477 1592 1683 1705; x_wconf 76' lang='lat' dir='ltr'><strong>Hispano,</strong></span> <span class='ocrx_word' id='word_1_173' title='bbox 1710 1606 1888 1706; x_wconf 77' lang='lat' dir='ltr'><strong>neganti</strong></span> <span class='ocrx_word' id='word_1_174' title='bbox 1913 1596 2142 1683; x_wconf 81' lang='lat' dir='ltr'><strong>Ohnstum</strong></span> <span class='ocrx_word' id='word_1_175' title='bbox 2165 1631 2245 1687; x_wconf 87' lang='lat' dir='ltr'><strong>esse</strong></span> 
     </span>
     <span class='ocr_line' id='line_1_17' title="bbox 238 1704 2220 1807; baseline 0.005 -11"><span class='ocrx_word' id='word_1_176' title='bbox 238 1707 311 1787; x_wconf 77' lang='lat' dir='ltr'><strong>Dei,</strong></span> <span class='ocrx_word' id='word_1_177' title='bbox 334 1706 486 1807; x_wconf 60' lang='lat' dir='ltr'><strong>mucul}</strong></span> <span class='ocrx_word' id='word_1_178' title='bbox 504 1706 593 1771; x_wconf 59' lang='lat' dir='ltr'><strong>”W</strong></span> <span class='ocrx_word' id='word_1_179' title='bbox 608 1710 717 1787; x_wconf 75' lang='lat' dir='ltr'><strong>patro</strong></span> <span class='ocrx_word' id='word_1_180' title='bbox 733 1710 873 1805; x_wconf 55' lang='lat' dir='ltr'><strong>tm,</strong></span> <span class='ocrx_word' id='word_1_181' title='bbox 899 1724 956 1787; x_wconf 54' lang='grc' dir='ltr'><strong>ιιι</strong></span> <span class='ocrx_word' id='word_1_182' title='bbox 972 1724 999 1804; x_wconf 68' lang='lat'><strong>‚⁶</strong></span> <span class='ocrx_word' id='word_1_183' title='bbox 1019 1704 1088 1770; x_wconf 79' lang='lat' dir='ltr'><strong>Deo</strong></span> <span class='ocrx_word' id='word_1_184' title='bbox 1108 1711 1216 1803; x_wconf 68' lang='lat' dir='ltr'><strong>conut-</strong></span> <span class='ocrx_word' id='word_1_185' title='bbox 1307 1710 1445 1795; x_wconf 91' lang='lat' dir='ltr'><strong>filium</strong></span> <span class='ocrx_word' id='word_1_186' title='bbox 1476 1712 1559 1796; x_wconf 92' lang='lat' dir='ltr'><strong>Dei</strong></span> <span class='ocrx_word' id='word_1_187' title='bbox 1589 1715 1999 1801; x_wconf 78' lang='lat' dir='ltr'><strong>consubstantialem</strong></span> <span class='ocrx_word' id='word_1_188' title='bbox 2024 1719 2220 1805; x_wconf 85' lang='lat' dir='ltr'><strong>-Ioanncs</strong></span> 
     </span>
     <span class='ocr_line' id='line_1_18' title="bbox 237 1782 2012 1915; baseline -0.004 -58"><span class='ocrx_word' id='word_1_189' title='bbox 237 1798 323 1857; x_wconf 84' lang='lat' dir='ltr'><strong>tutus</strong></span> <span class='ocrx_word' id='word_1_190' title='bbox 344 1798 389 1858; x_wconf 85' lang='lat' dir='ltr'><strong>est</strong></span> <span class='ocrx_word' id='word_1_191' title='bbox 409 1792 497 1858; x_wconf 78' lang='lat' dir='ltr'><strong>acte</strong></span> <span class='ocrx_word' id='word_1_192' title='bbox 511 1791 666 1859; x_wconf 72' lang='grc' dir='ltr'>ιιῖιιιοντ</span> <span class='ocrx_word' id='word_1_193' title='bbox 686 1794 1051 1890; x_wconf 58' lang='lat' dir='ltr'><strong>acceptaremus,</strong></span> <span class='ocrx_word' id='word_1_194' title='bbox 1064 1811 1141 1888; x_wconf 70' lang='lat' dir='ltr'><strong>putu</strong></span> <span class='ocrx_word' id='word_1_195' title='bbox 1154 1812 1217 1889; x_wconf 76' lang='lat' dir='ltr'><strong>pc·</strong></span> <span class='ocrx_word' id='word_1_196' title='bbox 1557 1832 1597 1915; x_wconf 84' lang='grc' dir='ltr'>Ο</span> <span class='ocrx_word' id='word_1_197' title='bbox 1674 1834 1690 1915; x_wconf 75' lang='lat' dir='ltr'>l</span> <span class='ocrx_word' id='word_1_198' title='bbox 1816 1835 1857 1915; x_wconf 74' lang='lat' dir='ltr'><strong>d.</strong></span> <span class='ocrx_word' id='word_1_199' title='bbox 1903 1869 1910 1886; x_wconf 39' lang='grc'>1</span> <span class='ocrx_word' id='word_1_200' title='bbox 1938 1832 1965 1915; x_wconf 69' lang='grc'>,)</span> <span class='ocrx_word' id='word_1_201' title='bbox 1999 1782 2012 1825; x_wconf 85' lang='lat'>&#39;</span> 
     </span>
     <span class='ocr_line' id='line_1_19' title="bbox 236 1862 1923 1961; baseline 0.002 -20"><span class='ocrx_word' id='word_1_202' title='bbox 236 1883 313 1944; x_wconf 79' lang='lat' dir='ltr'><strong>irem</strong></span> <span class='ocrx_word' id='word_1_203' title='bbox 339 1879 477 1961; x_wconf 76' lang='lat' dir='ltr'><strong>reputit,</strong></span> <span class='ocrx_word' id='word_1_204' title='bbox 504 1882 633 1942; x_wconf 72' lang='lat' dir='ltr'><strong>condus</strong></span> <span class='ocrx_word' id='word_1_205' title='bbox 666 1896 737 1940; x_wconf 77' lang='lat' dir='ltr'><strong>ctus</strong></span> <span class='ocrx_word' id='word_1_206' title='bbox 763 1881 899 1958; x_wconf 70' lang='lat' dir='ltr'><strong>speratus</strong></span> <span class='ocrx_word' id='word_1_207' title='bbox 919 1896 980 1958; x_wconf 82' lang='lat' dir='ltr'><strong>per</strong></span> <span class='ocrx_word' id='word_1_208' title='bbox 1006 1880 1216 1940; x_wconf 73' lang='lat' dir='ltr'><strong>mtucctmum</strong></span> <span class='ocrx_word' id='word_1_209' title='bbox 1599 1862 1672 1917; x_wconf 72' lang='lat'><strong>⁰⁰⁰</strong></span> <span class='ocrx_word' id='word_1_210' title='bbox 1692 1863 1815 1945; x_wconf 67' lang='lat' dir='ltr'><strong>8&#39;mpa</strong></span> <span class='ocrx_word' id='word_1_211' title='bbox 1844 1866 1923 1919; x_wconf 61' lang='lat'><strong>¹¹¹5·</strong></span> 
     </span>
     <span class='ocr_line' id='line_1_20' title="bbox 236 1960 1217 2047; baseline -0.003 -19"><span class='ocrx_word' id='word_1_212' title='bbox 236 1964 415 2047; x_wconf 70' lang='lat' dir='ltr'><strong>capuceum</strong></span> <span class='ocrx_word' id='word_1_213' title='bbox 441 1962 530 2029; x_wconf 81' lang='lat' dir='ltr'><strong>rrobis</strong></span> <span class='ocrx_word' id='word_1_214' title='bbox 558 1963 759 2045; x_wconf 80' lang='lat' dir='ltr'><strong>impartitur:</strong></span> <span class='ocrx_word' id='word_1_215' title='bbox 788 1965 816 2025; x_wconf 85' lang='lat' dir='ltr'><strong>et</strong></span> <span class='ocrx_word' id='word_1_216' title='bbox 842 1962 924 2026; x_wconf 70' lang='lat' dir='ltr'><strong>sicud</strong></span> <span class='ocrx_word' id='word_1_217' title='bbox 946 1960 1011 2026; x_wconf 81' lang='lat' dir='ltr'><strong>Dei</strong></span> <span class='ocrx_word' id='word_1_218' title='bbox 1030 1961 1217 2045; x_wconf 79' lang='lat' dir='ltr'><strong>ploricmet</strong></span> 
     </span>
     <span class='ocr_line' id='line_1_21' title="bbox 228 2044 2245 2140; baseline 0.004 -27"><span class='ocrx_word' id='word_1_219' title='bbox 228 2048 688 2131; x_wconf 49' lang='lat' dir='ltr'><strong>percussuspercussus</strong></span> <span class='ocrx_word' id='word_1_220' title='bbox 708 2066 802 2129; x_wconf 79' lang='lat' dir='ltr'><strong>opera</strong></span> <span class='ocrx_word' id='word_1_221' title='bbox 823 2047 994 2113; x_wconf 80' lang='lat' dir='ltr'><strong>laudamus</strong></span> <span class='ocrx_word' id='word_1_222' title='bbox 1018 2051 1047 2111; x_wconf 85' lang='lat' dir='ltr'><strong>ct</strong></span> <span class='ocrx_word' id='word_1_223' title='bbox 1067 2046 1217 2113; x_wconf 82' lang='lat' dir='ltr'><strong>benedici·</strong></span> <span class='ocrx_word' id='word_1_224' title='bbox 1354 2044 1516 2113; x_wconf 81' lang='lat' dir='ltr'><strong>Obsecras</strong></span> <span class='ocrx_word' id='word_1_225' title='bbox 1544 2070 1586 2113; x_wconf 90' lang='lat' dir='ltr'><strong>ne</strong></span> <span class='ocrx_word' id='word_1_226' title='bbox 1616 2048 1657 2113; x_wconf 93' lang='lat' dir='ltr'><strong>de</strong></span> <span class='ocrx_word' id='word_1_227' title='bbox 1679 2058 1883 2116; x_wconf 87' lang='lat' dir='ltr'><strong>sacramento</strong></span> <span class='ocrx_word' id='word_1_228' title='bbox 1908 2074 1980 2118; x_wconf 89' lang='lat' dir='ltr'><strong>rem</strong></span> <span class='ocrx_word' id='word_1_229' title='bbox 2009 2055 2141 2119; x_wconf 81' lang='lat' dir='ltr'><strong>faciam.</strong></span> <span class='ocrx_word' id='word_1_230' title='bbox 2183 2057 2245 2140; x_wconf 84' lang='lat' dir='ltr'><strong>Ego</strong></span> 
     </span>
     <span class='ocr_line' id='line_1_22' title="bbox 235 2130 2245 2219; baseline 0.004 -20"><span class='ocrx_word' id='word_1_231' title='bbox 235 2155 307 2199; x_wconf 72' lang='lat' dir='ltr'><strong>mess</strong></span> <span class='ocrx_word' id='word_1_232' title='bbox 328 2141 357 2199; x_wconf 85' lang='grc' dir='ltr'><strong>ιι</strong></span> <span class='ocrx_word' id='word_1_233' title='bbox 370 2134 599 2219; x_wconf 69' lang='lat' dir='ltr'><strong>glorificamus,</strong></span> <span class='ocrx_word' id='word_1_234' title='bbox 633 2137 662 2198; x_wconf 85' lang='grc' dir='ltr'><strong>ιι</strong></span> <span class='ocrx_word' id='word_1_235' title='bbox 689 2133 725 2198; x_wconf 85' lang='lat' dir='ltr'><strong>in</strong></span> <span class='ocrx_word' id='word_1_236' title='bbox 753 2133 877 2197; x_wconf 80' lang='lat' dir='ltr'><strong>uomica</strong></span> <span class='ocrx_word' id='word_1_237' title='bbox 899 2130 1008 2215; x_wconf 80' lang='lat' dir='ltr'><strong>putris</strong></span> <span class='ocrx_word' id='word_1_238' title='bbox 1034 2150 1072 2196; x_wconf 88' lang='lat' dir='ltr'><strong>oc</strong></span> <span class='ocrx_word' id='word_1_239' title='bbox 1098 2133 1161 2212; x_wconf 68' lang='lat' dir='ltr'><strong>fitis·</strong></span> <span class='ocrx_word' id='word_1_240' title='bbox 1187 2137 1216 2196; x_wconf 85' lang='grc' dir='ltr'><strong>ιι</strong></span> <span class='ocrx_word' id='word_1_241' title='bbox 1267 2152 1346 2195; x_wconf 89' lang='lat' dir='ltr'><strong>vero</strong></span> <span class='ocrx_word' id='word_1_242' title='bbox 1367 2133 1512 2198; x_wconf 85' lang='lat' dir='ltr'><strong>vicissim</strong></span> <span class='ocrx_word' id='word_1_243' title='bbox 1535 2154 1602 2211; x_wconf 89' lang='lat' dir='ltr'><strong>oro,</strong></span> <span class='ocrx_word' id='word_1_244' title='bbox 1630 2155 1673 2199; x_wconf 91' lang='lat' dir='ltr'><strong>ne</strong></span> <span class='ocrx_word' id='word_1_245' title='bbox 1694 2135 1793 2202; x_wconf 90' lang='lat' dir='ltr'><strong>tude</strong></span> <span class='ocrx_word' id='word_1_246' title='bbox 1819 2158 1856 2202; x_wconf 87' lang='lat' dir='ltr'><strong>re</strong></span> <span class='ocrx_word' id='word_1_247' title='bbox 1877 2148 2131 2205; x_wconf 87' lang='lat' dir='ltr'><strong>sacramentum</strong></span> <span class='ocrx_word' id='word_1_248' title='bbox 2152 2141 2245 2207; x_wconf 88' lang='lat' dir='ltr'><strong>solun</strong></span> 
     </span>
     <span class='ocr_line' id='line_1_23' title="bbox 234 2216 2242 2306; baseline 0.003 -21"><span class='ocrx_word' id='word_1_249' title='bbox 234 2221 369 2301; x_wconf 72' lang='lat' dir='ltr'><strong>spiritus</strong></span> <span class='ocrx_word' id='word_1_250' title='bbox 385 2221 487 2286; x_wconf 76' lang='grc' dir='ltr'>ιαιιιιιῗ</span> <span class='ocrx_word' id='word_1_251' title='bbox 505 2219 710 2299; x_wconf 78' lang='lat' dir='ltr'><strong>baptisumur,</strong></span> <span class='ocrx_word' id='word_1_252' title='bbox 739 2219 782 2283; x_wconf 88' lang='lat' dir='ltr'><strong>ud</strong></span> <span class='ocrx_word' id='word_1_253' title='bbox 797 2218 934 2299; x_wconf 70' lang='lat' dir='ltr'><strong>glorium</strong></span> <span class='ocrx_word' id='word_1_254' title='bbox 950 2218 1214 2282; x_wconf 72' lang='lat' dir='ltr'><strong>inerarrabilium</strong></span> <span class='ocrx_word' id='word_1_255' title='bbox 1266 2216 1374 2282; x_wconf 78' lang='lat' dir='ltr'><strong>iacias.</strong></span> <span class='ocrx_word' id='word_1_256' title='bbox 1426 2218 1603 2301; x_wconf 82' lang='lat' dir='ltr'><strong>Apostolus</strong></span> <span class='ocrx_word' id='word_1_257' title='bbox 1624 2221 1713 2284; x_wconf 91' lang='lat' dir='ltr'><strong>enim</strong></span> <span class='ocrx_word' id='word_1_258' title='bbox 1739 2230 1834 2288; x_wconf 88' lang='lat' dir='ltr'><strong>vocat</strong></span> <span class='ocrx_word' id='word_1_259' title='bbox 1855 2244 2033 2301; x_wconf 89' lang='lat' dir='ltr'><strong>arcanum,</strong></span> <span class='ocrx_word' id='word_1_260' title='bbox 2066 2226 2153 2306; x_wconf 89' lang='lat' dir='ltr'><strong>quod</strong></span> <span class='ocrx_word' id='word_1_261' title='bbox 2174 2249 2242 2292; x_wconf 92' lang='lat' dir='ltr'><strong>non·</strong></span> 
     </span>
     <span class='ocr_line' id='line_1_24' title="bbox 234 2299 2244 2393; baseline 0.004 -24"><span class='ocrx_word' id='word_1_262' title='bbox 234 2306 299 2369; x_wconf 81' lang='lat' dir='ltr'><strong>Ilei</strong></span> <span class='ocrx_word' id='word_1_263' title='bbox 315 2306 567 2386; x_wconf 79' lang='lat' dir='ltr'><strong>dispositionum,</strong></span> <span class='ocrx_word' id='word_1_264' title='bbox 577 2303 692 2385; x_wconf 69' lang='lat' dir='ltr'><strong>quittae</strong></span> <span class='ocrx_word' id='word_1_265' title='bbox 704 2324 766 2384; x_wconf 79' lang='lat' dir='ltr'><strong>pro</strong></span> <span class='ocrx_word' id='word_1_266' title='bbox 777 2304 877 2368; x_wconf 72' lang='lat' dir='ltr'><strong>caliste</strong></span> <span class='ocrx_word' id='word_1_267' title='bbox 887 2307 999 2368; x_wconf 67' lang='lat' dir='ltr'><strong>nocuo</strong></span> <span class='ocrx_word' id='word_1_268' title='bbox 1016 2304 1065 2367; x_wconf 80' lang='lat' dir='ltr'><strong>cti</strong></span> <span class='ocrx_word' id='word_1_269' title='bbox 1077 2302 1213 2384; x_wconf 77' lang='lat' dir='ltr'><strong>placuit:</strong></span> <span class='ocrx_word' id='word_1_270' title='bbox 1267 2299 1346 2365; x_wconf 90' lang='lat' dir='ltr'><strong>dum</strong></span> <span class='ocrx_word' id='word_1_271' title='bbox 1368 2303 1478 2385; x_wconf 85' lang='lat' dir='ltr'><strong>palam</strong></span> <span class='ocrx_word' id='word_1_272' title='bbox 1501 2305 1742 2371; x_wconf 89' lang='lat' dir='ltr'><strong>annuntiatum.</strong></span> <span class='ocrx_word' id='word_1_273' title='bbox 1787 2307 1980 2374; x_wconf 79' lang='lat' dir='ltr'><strong>incarnatio</strong></span> <span class='ocrx_word' id='word_1_274' title='bbox 2009 2311 2146 2393; x_wconf 83' lang='lat' dir='ltr'><strong>qrridem</strong></span> <span class='ocrx_word' id='word_1_275' title='bbox 2166 2334 2244 2379; x_wconf 88' lang='lat' dir='ltr'><strong>arca·</strong></span> 
     </span>
     <span class='ocr_line' id='line_1_25' title="bbox 235 2387 2246 2473; baseline 0.003 -17"><span class='ocrx_word' id='word_1_276' title='bbox 235 2390 485 2456; x_wconf 82' lang='lat' dir='ltr'><strong>Confessioncm</strong></span> <span class='ocrx_word' id='word_1_277' title='bbox 507 2390 641 2471; x_wconf 89' lang='lat' dir='ltr'><strong>inquam</strong></span> <span class='ocrx_word' id='word_1_278' title='bbox 664 2389 756 2453; x_wconf 88' lang='lat' dir='ltr'><strong>illam</strong></span> <span class='ocrx_word' id='word_1_279' title='bbox 775 2396 876 2465; x_wconf 90' lang='lat' dir='ltr'><strong>tuam,</strong></span> <span class='ocrx_word' id='word_1_280' title='bbox 904 2387 1044 2470; x_wconf 87' lang='lat' dir='ltr'><strong>simplex</strong></span> <span class='ocrx_word' id='word_1_281' title='bbox 1066 2388 1214 2453; x_wconf 84' lang='lat' dir='ltr'><strong>fortassis</strong></span> <span class='ocrx_word' id='word_1_282' title='bbox 1266 2409 1346 2450; x_wconf 91' lang='lat' dir='ltr'><strong>num</strong></span> <span class='ocrx_word' id='word_1_283' title='bbox 1368 2399 1440 2452; x_wconf 88' lang='lat' dir='ltr'><strong>erat</strong></span> <span class='ocrx_word' id='word_1_284' title='bbox 1461 2388 1645 2473; x_wconf 89' lang='lat' dir='ltr'><strong>aliquando,</strong></span> <span class='ocrx_word' id='word_1_285' title='bbox 1668 2400 1702 2456; x_wconf 92' lang='lat' dir='ltr'><strong>et</strong></span> <span class='ocrx_word' id='word_1_286' title='bbox 1725 2392 1870 2458; x_wconf 93' lang='lat' dir='ltr'><strong>nondum</strong></span> <span class='ocrx_word' id='word_1_287' title='bbox 1892 2414 1962 2459; x_wconf 89' lang='lat' dir='ltr'><strong>res:</strong></span> <span class='ocrx_word' id='word_1_288' title='bbox 1986 2395 2127 2461; x_wconf 88' lang='lat' dir='ltr'><strong>Filiatio</strong></span> <span class='ocrx_word' id='word_1_289' title='bbox 2148 2412 2246 2463; x_wconf 78' lang='lat' dir='ltr'><strong>autent</strong></span> 
     </span>
     <span class='ocr_line' id='line_1_26' title="bbox 234 2472 2244 2561; baseline 0.002 -20"><span class='ocrx_word' id='word_1_290' title='bbox 234 2486 270 2541; x_wconf 90' lang='lat' dir='ltr'><strong>ct</strong></span> <span class='ocrx_word' id='word_1_291' title='bbox 290 2475 373 2540; x_wconf 91' lang='lat' dir='ltr'><strong>nihil</strong></span> <span class='ocrx_word' id='word_1_292' title='bbox 397 2474 568 2557; x_wconf 88' lang='lat' dir='ltr'><strong>suspicans</strong></span> <span class='ocrx_word' id='word_1_293' title='bbox 589 2473 793 2557; x_wconf 87' lang='lat' dir='ltr'><strong>approbaret.</strong></span> <span class='ocrx_word' id='word_1_294' title='bbox 830 2472 919 2553; x_wconf 79' lang='lat' dir='ltr'><strong>Quia</strong></span> <span class='ocrx_word' id='word_1_295' title='bbox 939 2481 1048 2538; x_wconf 89' lang='lat' dir='ltr'><strong>autem</strong></span> <span class='ocrx_word' id='word_1_296' title='bbox 1070 2482 1214 2538; x_wconf 84' lang='lat' dir='ltr'><strong>mentem</strong></span> <span class='ocrx_word' id='word_1_297' title='bbox 1265 2492 1344 2536; x_wconf 84' lang='lat' dir='ltr'><strong>vere</strong></span> <span class='ocrx_word' id='word_1_298' title='bbox 1366 2482 1445 2538; x_wconf 85' lang='lat' dir='ltr'><strong>crat.</strong></span> <span class='ocrx_word' id='word_1_299' title='bbox 1481 2474 1631 2539; x_wconf 83' lang='lat' dir='ltr'><strong>Verbum</strong></span> <span class='ocrx_word' id='word_1_300' title='bbox 1653 2477 1743 2541; x_wconf 90' lang='lat' dir='ltr'><strong>enim</strong></span> <span class='ocrx_word' id='word_1_301' title='bbox 1760 2479 1833 2544; x_wconf 89' lang='lat' dir='ltr'><strong>Deo</strong></span> <span class='ocrx_word' id='word_1_302' title='bbox 1850 2480 1937 2561; x_wconf 88' lang='lat' dir='ltr'><strong>patri</strong></span> <span class='ocrx_word' id='word_1_303' title='bbox 1956 2488 2174 2547; x_wconf 85' lang='lat' dir='ltr'><strong>coaeternum</strong></span> <span class='ocrx_word' id='word_1_304' title='bbox 2190 2498 2244 2548; x_wconf 84' lang='lat' dir='ltr'><strong>est:</strong></span> 
     </span>
     <span class='ocr_line' id='line_1_27' title="bbox 234 2557 2246 2647; baseline 0.004 -22"><span class='ocrx_word' id='word_1_305' title='bbox 234 2576 326 2625; x_wconf 86' lang='lat' dir='ltr'><strong>tuam</strong></span> <span class='ocrx_word' id='word_1_306' title='bbox 350 2559 533 2636; x_wconf 81' lang='lat' dir='ltr'><strong>declarasti,</strong></span> <span class='ocrx_word' id='word_1_307' title='bbox 556 2565 594 2623; x_wconf 92' lang='lat' dir='ltr'><strong>ut</strong></span> <span class='ocrx_word' id='word_1_308' title='bbox 614 2558 763 2623; x_wconf 88' lang='lat' dir='ltr'><strong>fallacem</strong></span> <span class='ocrx_word' id='word_1_309' title='bbox 786 2557 963 2623; x_wconf 87' lang='lat' dir='ltr'><strong>abominor.</strong></span> <span class='ocrx_word' id='word_1_310' title='bbox 1264 2578 1342 2622; x_wconf 91' lang='lat' dir='ltr'><strong>nam</strong></span> <span class='ocrx_word' id='word_1_311' title='bbox 1372 2559 1407 2623; x_wconf 92' lang='lat' dir='ltr'><strong>in</strong></span> <span class='ocrx_word' id='word_1_312' title='bbox 1434 2560 1593 2642; x_wconf 91' lang='lat' dir='ltr'><strong>principio</strong></span> <span class='ocrx_word' id='word_1_313' title='bbox 1620 2566 1703 2642; x_wconf 82' lang='lat' dir='ltr'><strong>erat,</strong></span> <span class='ocrx_word' id='word_1_314' title='bbox 1735 2571 1769 2627; x_wconf 89' lang='lat' dir='ltr'><strong>et</strong></span> <span class='ocrx_word' id='word_1_315' title='bbox 1797 2571 1867 2629; x_wconf 83' lang='lat' dir='ltr'><strong>crat</strong></span> <span class='ocrx_word' id='word_1_316' title='bbox 1893 2566 1983 2647; x_wconf 87' lang='lat' dir='ltr'><strong>apud</strong></span> <span class='ocrx_word' id='word_1_317' title='bbox 2016 2568 2140 2632; x_wconf 91' lang='lat' dir='ltr'><strong>Deum.</strong></span> <span class='ocrx_word' id='word_1_318' title='bbox 2182 2568 2246 2633; x_wconf 88' lang='lat' dir='ltr'><strong>Non</strong></span> 
     </span>
     <span class='ocr_line' id='line_1_28' title="bbox 319 2643 2247 2737; baseline 0.005 -28"><span class='ocrx_word' id='word_1_319' title='bbox 319 2646 482 2709; x_wconf 77' lang='lat' dir='ltr'><strong>Patcmur</strong></span> <span class='ocrx_word' id='word_1_320' title='bbox 502 2653 537 2709; x_wconf 89' lang='grc' dir='ltr'><strong>ιι</strong></span> <span class='ocrx_word' id='word_1_321' title='bbox 557 2665 617 2709; x_wconf 91' lang='lat' dir='ltr'><strong>nos</strong></span> <span class='ocrx_word' id='word_1_322' title='bbox 640 2644 750 2708; x_wconf 88' lang='lat' dir='ltr'><strong>Deum</strong></span> <span class='ocrx_word' id='word_1_323' title='bbox 778 2654 898 2708; x_wconf 88' lang='lat' dir='ltr'><strong>nat-ura</strong></span> <span class='ocrx_word' id='word_1_324' title='bbox 925 2643 1123 2727; x_wconf 87' lang='lat' dir='ltr'><strong>simplicem,</strong></span> <span class='ocrx_word' id='word_1_325' title='bbox 1153 2664 1214 2709; x_wconf 88' lang='lat' dir='ltr'><strong>nco</strong></span> <span class='ocrx_word' id='word_1_326' title='bbox 1265 2651 1337 2708; x_wconf 87' lang='lat' dir='ltr'><strong>orat</strong></span> <span class='ocrx_word' id='word_1_327' title='bbox 1365 2651 1474 2708; x_wconf 91' lang='lat' dir='ltr'><strong>autem</strong></span> <span class='ocrx_word' id='word_1_328' title='bbox 1502 2654 1582 2711; x_wconf 93' lang='lat' dir='ltr'><strong>tuno</strong></span> <span class='ocrx_word' id='word_1_329' title='bbox 1611 2646 1717 2712; x_wconf 89' lang='lat' dir='ltr'><strong>solum</strong></span> <span class='ocrx_word' id='word_1_330' title='bbox 1745 2649 1782 2712; x_wconf 94' lang='lat' dir='ltr'><strong>in</strong></span> <span class='ocrx_word' id='word_1_331' title='bbox 1802 2652 1960 2735; x_wconf 82' lang='lat' dir='ltr'><strong>mysterio</strong></span> <span class='ocrx_word' id='word_1_332' title='bbox 1988 2652 2104 2729; x_wconf 85' lang='lat' dir='ltr'><strong>verbi,</strong></span> <span class='ocrx_word' id='word_1_333' title='bbox 2138 2654 2247 2737; x_wconf 86' lang='lat' dir='ltr'><strong>absque</strong></span> 
     </span>
     <span class='ocr_line' id='line_1_29' title="bbox 234 2727 2248 2823; baseline 0.003 -27"><span class='ocrx_word' id='word_1_334' title='bbox 234 2732 301 2797; x_wconf 94' lang='lat' dir='ltr'><strong>ullo</strong></span> <span class='ocrx_word' id='word_1_335' title='bbox 322 2729 418 2794; x_wconf 89' lang='lat' dir='ltr'><strong>modo</strong></span> <span class='ocrx_word' id='word_1_336' title='bbox 431 2730 658 2812; x_wconf 90' lang='lat' dir='ltr'><strong>compositum:</strong></span> <span class='ocrx_word' id='word_1_337' title='bbox 681 2727 739 2793; x_wconf 89' lang='lat' dir='ltr'><strong>sed</strong></span> <span class='ocrx_word' id='word_1_338' title='bbox 760 2730 794 2793; x_wconf 92' lang='lat' dir='ltr'><strong>in</strong></span> <span class='ocrx_word' id='word_1_339' title='bbox 814 2728 871 2792; x_wconf 88' lang='lat' dir='ltr'><strong>illa</strong></span> <span class='ocrx_word' id='word_1_340' title='bbox 892 2728 1136 2811; x_wconf 89' lang='lat' dir='ltr'><strong>simplicissima</strong></span> <span class='ocrx_word' id='word_1_341' title='bbox 1155 2750 1214 2794; x_wconf 91' lang='lat' dir='ltr'><strong>na·</strong></span> <span class='ocrx_word' id='word_1_342' title='bbox 1265 2730 1503 2813; x_wconf 88' lang='lat' dir='ltr'><strong>significatione</strong></span> <span class='ocrx_word' id='word_1_343' title='bbox 1524 2732 1678 2797; x_wconf 89' lang='lat' dir='ltr'><strong>naturali.</strong></span> <span class='ocrx_word' id='word_1_344' title='bbox 1723 2732 1820 2814; x_wconf 75' lang='lat' dir='ltr'><strong>Quod</strong></span> <span class='ocrx_word' id='word_1_345' title='bbox 1843 2736 1930 2799; x_wconf 92' lang='lat' dir='ltr'><strong>enim</strong></span> <span class='ocrx_word' id='word_1_346' title='bbox 1954 2737 2052 2803; x_wconf 89' lang='lat' dir='ltr'><strong>Deus</strong></span> <span class='ocrx_word' id='word_1_347' title='bbox 2075 2746 2157 2817; x_wconf 88' lang='lat' dir='ltr'><strong>erat,</strong></span> <span class='ocrx_word' id='word_1_348' title='bbox 2183 2760 2248 2823; x_wconf 87' lang='lat' dir='ltr'><strong>per·</strong></span> 
     </span>
     <span class='ocr_line' id='line_1_30' title="bbox 233 2814 2247 2904; baseline 0.004 -23"><span class='ocrx_word' id='word_1_349' title='bbox 233 2830 310 2881; x_wconf 85' lang='lat' dir='ltr'><strong>tura</strong></span> <span class='ocrx_word' id='word_1_350' title='bbox 330 2824 399 2880; x_wconf 90' lang='lat' dir='ltr'><strong>tres</strong></span> <span class='ocrx_word' id='word_1_351' title='bbox 417 2815 610 2899; x_wconf 84' lang='lat' dir='ltr'><strong>hypostases</strong></span> <span class='ocrx_word' id='word_1_352' title='bbox 633 2816 851 2898; x_wconf 84' lang='lat' dir='ltr'><strong>agnoscimus,</strong></span> <span class='ocrx_word' id='word_1_353' title='bbox 879 2836 1019 2897; x_wconf 89' lang='lat' dir='ltr'><strong>quarum</strong></span> <span class='ocrx_word' id='word_1_354' title='bbox 1041 2814 1214 2881; x_wconf 88' lang='lat' dir='ltr'><strong>diversitas</strong></span> <span class='ocrx_word' id='word_1_355' title='bbox 1265 2815 1442 2880; x_wconf 81' lang='lat' dir='ltr'><strong>lectissimo</strong></span> <span class='ocrx_word' id='word_1_356' title='bbox 1464 2824 1542 2880; x_wconf 87' lang='lat' dir='ltr'><strong>erat.</strong></span> <span class='ocrx_word' id='word_1_357' title='bbox 1586 2817 1671 2881; x_wconf 85' lang='lat' dir='ltr'><strong>Erat</strong></span> <span class='ocrx_word' id='word_1_358' title='bbox 1691 2828 1801 2884; x_wconf 79' lang='lat' dir='ltr'><strong>autam</strong></span> <span class='ocrx_word' id='word_1_359' title='bbox 1822 2821 1858 2885; x_wconf 91' lang='lat' dir='ltr'><strong>in</strong></span> <span class='ocrx_word' id='word_1_360' title='bbox 1880 2822 2025 2904; x_wconf 89' lang='lat' dir='ltr'><strong>ipsomet</strong></span> <span class='ocrx_word' id='word_1_361' title='bbox 2049 2822 2136 2903; x_wconf 86' lang='lat' dir='ltr'><strong>Deo,</strong></span> <span class='ocrx_word' id='word_1_362' title='bbox 2157 2827 2247 2890; x_wconf 88' lang='lat' dir='ltr'><strong>etita</strong></span> 
     </span>
     <span class='ocr_line' id='line_1_31' title="bbox 233 2900 2247 2985; baseline 0.004 -19"><span class='ocrx_word' id='word_1_363' title='bbox 233 2912 372 2967; x_wconf 87' lang='lat' dir='ltr'><strong>naturae</strong></span> <span class='ocrx_word' id='word_1_364' title='bbox 393 2900 594 2985; x_wconf 86' lang='lat' dir='ltr'><strong>simplicitati</strong></span> <span class='ocrx_word' id='word_1_365' title='bbox 612 2900 748 2965; x_wconf 90' lang='lat' dir='ltr'><strong>minime</strong></span> <span class='ocrx_word' id='word_1_366' title='bbox 764 2900 978 2983; x_wconf 90' lang='lat' dir='ltr'><strong>praeiudicat.</strong></span> <span class='ocrx_word' id='word_1_367' title='bbox 998 2936 1033 2947; x_wconf 91' lang='lat'><em>-</em></span> <span class='ocrx_word' id='word_1_368' title='bbox 1055 2900 1215 2964; x_wconf 80' lang='lat' dir='ltr'><strong>Putemur</strong></span> <span class='ocrx_word' id='word_1_369' title='bbox 1266 2900 1353 2982; x_wconf 90' lang='lat' dir='ltr'><strong>apud</strong></span> <span class='ocrx_word' id='word_1_370' title='bbox 1375 2902 1493 2966; x_wconf 88' lang='lat' dir='ltr'><strong>Deum.</strong></span> <span class='ocrx_word' id='word_1_371' title='bbox 1537 2900 1584 2965; x_wconf 81' lang='lat' dir='ltr'><strong>Et</strong></span> <span class='ocrx_word' id='word_1_372' title='bbox 1603 2904 1756 2985; x_wconf 91' lang='lat' dir='ltr'><strong>quoniam</strong></span> <span class='ocrx_word' id='word_1_373' title='bbox 1779 2905 1918 2971; x_wconf 88' lang='lat' dir='ltr'><strong>verbum</strong></span> <span class='ocrx_word' id='word_1_374' title='bbox 1940 2914 2049 2973; x_wconf 84' lang='lat' dir='ltr'><strong>totam</strong></span> <span class='ocrx_word' id='word_1_375' title='bbox 2073 2908 2247 2975; x_wconf 78' lang='lat' dir='ltr'><strong>diuinitatis</strong></span> 
     </span>
    </p>
   </div>
   <div class='ocr_carea' id='block_1_3' title="bbox 1739 1418 1783 1485">
    <p class='ocr_par' dir='ltr' id='par_1_3' title="bbox 1739 1418 1783 1485">
     <span class='ocr_line' id='line_1_32' title="bbox 1739 1418 1783 1485; baseline 0 0"><span class='ocrx_word' id='word_1_376' title='bbox 1739 1418 1783 1485; x_wconf 77' lang='grc' dir='ltr'><strong>Π,</strong></span> 
     </span>
    </p>
   </div>
   <div class='ocr_carea' id='block_1_4' title="bbox 231 2983 2247 3329">
    <p class='ocr_par' dir='ltr' id='par_1_4' title="bbox 231 2983 2247 3329">
     <span class='ocr_line' id='line_1_33' title="bbox 233 2983 2246 3077; baseline 0.005 -26"><span class='ocrx_word' id='word_1_377' title='bbox 233 3000 267 3052; x_wconf 88' lang='grc' dir='ltr'><strong>ιι</strong></span> <span class='ocrx_word' id='word_1_378' title='bbox 288 3007 359 3066; x_wconf 91' lang='lat' dir='ltr'><strong>nos,</strong></span> <span class='ocrx_word' id='word_1_379' title='bbox 381 2987 481 3052; x_wconf 89' lang='lat' dir='ltr'><strong>verbo</strong></span> <span class='ocrx_word' id='word_1_380' title='bbox 503 2994 537 3051; x_wconf 94' lang='lat' dir='ltr'><strong>ot</strong></span> <span class='ocrx_word' id='word_1_381' title='bbox 558 2986 677 3069; x_wconf 83' lang='lat' dir='ltr'><strong>spiritu</strong></span> <span class='ocrx_word' id='word_1_382' title='bbox 698 2986 763 3050; x_wconf 90' lang='lat' dir='ltr'><strong>Dei</strong></span> <span class='ocrx_word' id='word_1_383' title='bbox 780 2992 899 3050; x_wconf 89' lang='lat' dir='ltr'><strong>cuncta</strong></span> <span class='ocrx_word' id='word_1_384' title='bbox 918 2992 1041 3050; x_wconf 89' lang='lat' dir='ltr'><strong>creata:</strong></span> <span class='ocrx_word' id='word_1_385' title='bbox 1065 2983 1122 3050; x_wconf 88' lang='lat' dir='ltr'><strong>sed</strong></span> <span class='ocrx_word' id='word_1_386' title='bbox 1140 3006 1214 3050; x_wconf 84' lang='lat' dir='ltr'><strong>ver·</strong></span> <span class='ocrx_word' id='word_1_387' title='bbox 1265 2992 1423 3067; x_wconf 86' lang='lat' dir='ltr'><strong>paternae</strong></span> <span class='ocrx_word' id='word_1_388' title='bbox 1451 2987 1626 3051; x_wconf 84' lang='lat' dir='ltr'><strong>essentiam</strong></span> <span class='ocrx_word' id='word_1_389' title='bbox 1659 3010 1697 3055; x_wconf 91' lang='lat' dir='ltr'><strong>ac</strong></span> <span class='ocrx_word' id='word_1_390' title='bbox 1733 2998 1887 3056; x_wconf 91' lang='lat' dir='ltr'><strong>naturam</strong></span> <span class='ocrx_word' id='word_1_391' title='bbox 1920 2993 1957 3057; x_wconf 94' lang='lat' dir='ltr'><strong>in</strong></span> <span class='ocrx_word' id='word_1_392' title='bbox 1985 3014 2021 3059; x_wconf 91' lang='lat' dir='ltr'><strong>se</strong></span> <span class='ocrx_word' id='word_1_393' title='bbox 2052 2993 2246 3077; x_wconf 77' lang='lat' dir='ltr'><strong>possidetur</strong></span> 
     </span>
     <span class='ocr_line' id='line_1_34' title="bbox 231 3071 2247 3163; baseline 0.003 -25"><span class='ocrx_word' id='word_1_394' title='bbox 231 3072 312 3138; x_wconf 90' lang='lat' dir='ltr'><strong>bum</strong></span> <span class='ocrx_word' id='word_1_395' title='bbox 339 3080 373 3136; x_wconf 91' lang='grc' dir='ltr'><strong>ιι</strong></span> <span class='ocrx_word' id='word_1_396' title='bbox 401 3072 555 3155; x_wconf 89' lang='lat' dir='ltr'><strong>spiritum</strong></span> <span class='ocrx_word' id='word_1_397' title='bbox 581 3078 769 3136; x_wconf 87' lang='lat' dir='ltr'><strong>coaeternos</strong></span> <span class='ocrx_word' id='word_1_398' title='bbox 795 3071 993 3136; x_wconf 88' lang='lat' dir='ltr'><strong>confitemur</strong></span> <span class='ocrx_word' id='word_1_399' title='bbox 1018 3074 1118 3154; x_wconf 90' lang='lat' dir='ltr'><strong>patri:</strong></span> <span class='ocrx_word' id='word_1_400' title='bbox 1155 3092 1214 3137; x_wconf 92' lang='lat' dir='ltr'><strong>nco</strong></span> <span class='ocrx_word' id='word_1_401' title='bbox 1266 3071 1504 3153; x_wconf 88' lang='lat' dir='ltr'><strong>complectitur,</strong></span> <span class='ocrx_word' id='word_1_402' title='bbox 1526 3080 1615 3138; x_wconf 88' lang='lat' dir='ltr'><strong>recte</strong></span> <span class='ocrx_word' id='word_1_403' title='bbox 1637 3082 1671 3138; x_wconf 92' lang='grc' dir='ltr'><strong>ιι</strong></span> <span class='ocrx_word' id='word_1_404' title='bbox 1689 3074 1778 3140; x_wconf 90' lang='lat' dir='ltr'><strong>filius</strong></span> <span class='ocrx_word' id='word_1_405' title='bbox 1800 3076 1921 3142; x_wconf 90' lang='lat' dir='ltr'><strong>dicitur</strong></span> <span class='ocrx_word' id='word_1_406' title='bbox 1938 3079 2006 3143; x_wconf 92' lang='lat' dir='ltr'><strong>Dei</strong></span> <span class='ocrx_word' id='word_1_407' title='bbox 2027 3082 2147 3163; x_wconf 88' lang='lat' dir='ltr'><strong>patris.</strong></span> <span class='ocrx_word' id='word_1_408' title='bbox 2179 3080 2247 3145; x_wconf 85' lang='lat' dir='ltr'><strong>Non</strong></span> 
     </span>
     <span class='ocr_line' id='line_1_35' title="bbox 232 3154 2247 3249; baseline 0.005 -28"><span class='ocrx_word' id='word_1_409' title='bbox 232 3158 405 3223; x_wconf 88' lang='lat' dir='ltr'><strong>horremus</strong></span> <span class='ocrx_word' id='word_1_410' title='bbox 434 3155 558 3232; x_wconf 89' lang='lat' dir='ltr'><strong>dicere,</strong></span> <span class='ocrx_word' id='word_1_411' title='bbox 594 3156 680 3239; x_wconf 91' lang='lat' dir='ltr'><strong>quod</strong></span> <span class='ocrx_word' id='word_1_412' title='bbox 712 3177 772 3238; x_wconf 91' lang='lat' dir='ltr'><strong>per</strong></span> <span class='ocrx_word' id='word_1_413' title='bbox 802 3156 908 3220; x_wconf 88' lang='lat' dir='ltr'><strong>filium</strong></span> <span class='ocrx_word' id='word_1_414' title='bbox 938 3178 1034 3222; x_wconf 91' lang='lat' dir='ltr'><strong>suum</strong></span> <span class='ocrx_word' id='word_1_415' title='bbox 1070 3154 1215 3221; x_wconf 89' lang='lat' dir='ltr'><strong>condidit</strong></span> <span class='ocrx_word' id='word_1_416' title='bbox 1265 3158 1354 3221; x_wconf 87' lang='lat' dir='ltr'><strong>enirn</strong></span> <span class='ocrx_word' id='word_1_417' title='bbox 1377 3156 1477 3221; x_wconf 90' lang='lat' dir='ltr'><strong>solius</strong></span> <span class='ocrx_word' id='word_1_418' title='bbox 1498 3158 1607 3223; x_wconf 89' lang='lat' dir='ltr'><strong>carnis</strong></span> <span class='ocrx_word' id='word_1_419' title='bbox 1633 3167 1684 3224; x_wconf 90' lang='lat' dir='ltr'><strong>est</strong></span> <span class='ocrx_word' id='word_1_420' title='bbox 1708 3163 1808 3226; x_wconf 89' lang='lat' dir='ltr'><strong>nasci.</strong></span> <span class='ocrx_word' id='word_1_421' title='bbox 1849 3168 1906 3227; x_wconf 85' lang='lat' dir='ltr'><strong>An</strong></span> <span class='ocrx_word' id='word_1_422' title='bbox 1927 3184 1999 3228; x_wconf 90' lang='lat' dir='ltr'><strong>non</strong></span> <span class='ocrx_word' id='word_1_423' title='bbox 2022 3164 2129 3249; x_wconf 89' lang='lat' dir='ltr'><strong>legis:</strong></span> <span class='ocrx_word' id='word_1_424' title='bbox 2160 3164 2247 3247; x_wconf 81' lang='lat' dir='ltr'><strong>Quod</strong></span> 
     </span>
     <span class='ocr_line' id='line_1_36' title="bbox 231 3240 2247 3329; baseline 0.004 -20"><span class='ocrx_word' id='word_1_425' title='bbox 231 3243 353 3309; x_wconf 89' lang='lat' dir='ltr'><strong>omnia.</strong></span> <span class='ocrx_word' id='word_1_426' title='bbox 376 3280 418 3290; x_wconf 88' lang='lat'>-</span> <span class='ocrx_word' id='word_1_427' title='bbox 440 3242 601 3306; x_wconf 84' lang='lat' dir='ltr'><strong>Patomur</strong></span> <span class='ocrx_word' id='word_1_428' title='bbox 630 3249 663 3307; x_wconf 91' lang='lat' dir='ltr'><strong>et</strong></span> <span class='ocrx_word' id='word_1_429' title='bbox 690 3262 751 3306; x_wconf 92' lang='lat' dir='ltr'><strong>nos</strong></span> <span class='ocrx_word' id='word_1_430' title='bbox 772 3263 875 3305; x_wconf 92' lang='lat' dir='ltr'><strong>unum</strong></span> <span class='ocrx_word' id='word_1_431' title='bbox 896 3240 1079 3307; x_wconf 92' lang='lat' dir='ltr'><strong>Dominum</strong></span> <span class='ocrx_word' id='word_1_432' title='bbox 1101 3241 1214 3307; x_wconf 89' lang='lat' dir='ltr'><strong>Iesum</strong></span> <span class='ocrx_word' id='word_1_433' title='bbox 1264 3250 1380 3307; x_wconf 89' lang='lat' dir='ltr'><strong>natum</strong></span> <span class='ocrx_word' id='word_1_434' title='bbox 1397 3252 1448 3308; x_wconf 87' lang='lat' dir='ltr'><strong>eat</strong></span> <span class='ocrx_word' id='word_1_435' title='bbox 1465 3264 1506 3307; x_wconf 86' lang='lat' dir='ltr'><strong>ex</strong></span> <span class='ocrx_word' id='word_1_436' title='bbox 1528 3244 1657 3327; x_wconf 90' lang='lat' dir='ltr'><strong>spiritu,</strong></span> <span class='ocrx_word' id='word_1_437' title='bbox 1680 3246 1815 3329; x_wconf 88' lang='lat' dir='ltr'><strong>spiritus</strong></span> <span class='ocrx_word' id='word_1_438' title='bbox 1833 3247 1906 3312; x_wconf 85' lang='lat' dir='ltr'><strong>ostl</strong></span> <span class='ocrx_word' id='word_1_439' title='bbox 1951 3250 2150 3317; x_wconf 72' lang='lat' dir='ltr'><strong>Natiuitatis</strong></span> <span class='ocrx_word' id='word_1_440' title='bbox 2166 3252 2247 3317; x_wconf 87' lang='lat' dir='ltr'><strong>enim</strong></span> 
     </span>
    </p>
   </div>
   <div class='ocr_carea' id='block_1_5' title="bbox 229 3327 2247 5037">
    <p class='ocr_par' dir='ltr' id='par_1_5' title="bbox 229 3327 2247 4946">
     <span class='ocr_line' id='line_1_37' title="bbox 233 3327 2247 3417; baseline 0.003 -23"><span class='ocrx_word' id='word_1_441' title='bbox 233 3328 404 3394; x_wconf 84' lang='lat' dir='ltr'><strong>Ohristum</strong></span> <span class='ocrx_word' id='word_1_442' title='bbox 426 3327 531 3392; x_wconf 90' lang='lat' dir='ltr'><strong>fllium</strong></span> <span class='ocrx_word' id='word_1_443' title='bbox 554 3327 628 3405; x_wconf 87' lang='lat' dir='ltr'><strong>Dei,</strong></span> <span class='ocrx_word' id='word_1_444' title='bbox 658 3327 794 3409; x_wconf 86' lang='lat' dir='ltr'><strong>spiritus</strong></span> <span class='ocrx_word' id='word_1_445' title='bbox 817 3328 919 3392; x_wconf 89' lang='lat' dir='ltr'><strong>sancti</strong></span> <span class='ocrx_word' id='word_1_446' title='bbox 942 3327 1130 3409; x_wconf 87' lang='lat' dir='ltr'><strong>operatione</strong></span> <span class='ocrx_word' id='word_1_447' title='bbox 1151 3327 1214 3391; x_wconf 91' lang='lat' dir='ltr'><strong>rni-</strong></span> <span class='ocrx_word' id='word_1_448' title='bbox 1265 3338 1299 3391; x_wconf 92' lang='lat' dir='ltr'><strong>et</strong></span> <span class='ocrx_word' id='word_1_449' title='bbox 1319 3328 1486 3393; x_wconf 88' lang='lat' dir='ltr'><strong>filiationis</strong></span> <span class='ocrx_word' id='word_1_450' title='bbox 1507 3340 1566 3407; x_wconf 90' lang='lat' dir='ltr'><strong>ost,</strong></span> <span class='ocrx_word' id='word_1_451' title='bbox 1589 3338 1742 3395; x_wconf 88' lang='lat' dir='ltr'><strong>naturam</strong></span> <span class='ocrx_word' id='word_1_452' title='bbox 1789 3334 1932 3417; x_wconf 81' lang='lat' dir='ltr'><strong>&#39;gnentis</strong></span> <span class='ocrx_word' id='word_1_453' title='bbox 1954 3336 2100 3401; x_wconf 83' lang='lat' dir='ltr'><strong>referre:</strong></span> <span class='ocrx_word' id='word_1_454' title='bbox 2134 3344 2169 3401; x_wconf 88' lang='lat' dir='ltr'><strong>et</strong></span> <span class='ocrx_word' id='word_1_455' title='bbox 2187 3358 2247 3401; x_wconf 91' lang='lat' dir='ltr'><strong>non</strong></span> 
     </span>
     <span class='ocr_line' id='line_1_38' title="bbox 232 3353 2246 3495; baseline 0.004 -17"><span class='ocrx_word' id='word_1_456' title='bbox 232 3414 326 3479; x_wconf 67' lang='lat' dir='ltr'><strong>ulica</strong></span> <span class='ocrx_word' id='word_1_457' title='bbox 345 3421 553 3495; x_wconf 87' lang='lat' dir='ltr'><strong>conceptum:</strong></span> <span class='ocrx_word' id='word_1_458' title='bbox 577 3412 634 3477; x_wconf 88' lang='lat' dir='ltr'><strong>sed</strong></span> <span class='ocrx_word' id='word_1_459' title='bbox 652 3422 728 3476; x_wconf 88' lang='lat' dir='ltr'><strong>ante</strong></span> <span class='ocrx_word' id='word_1_460' title='bbox 749 3413 995 3494; x_wconf 89' lang='lat' dir='ltr'><strong>conceptionem</strong></span> <span class='ocrx_word' id='word_1_461' title='bbox 1017 3413 1122 3477; x_wconf 90' lang='lat' dir='ltr'><strong>filium</strong></span> <span class='ocrx_word' id='word_1_462' title='bbox 1141 3414 1213 3478; x_wconf 90' lang='lat' dir='ltr'><strong>Dei.</strong></span> <span class='ocrx_word' id='word_1_463' title='bbox 1265 3413 1371 3478; x_wconf 87' lang='lat' dir='ltr'><strong>solum</strong></span> <span class='ocrx_word' id='word_1_464' title='bbox 1402 3414 1531 3478; x_wconf 88' lang='lat' dir='ltr'><strong>carnale</strong></span> <span class='ocrx_word' id='word_1_465' title='bbox 1565 3414 1697 3481; x_wconf 90' lang='lat' dir='ltr'><strong>initium</strong></span> <span class='ocrx_word' id='word_1_466' title='bbox 1729 3353 1859 3483; x_wconf 58' lang='lat' dir='ltr'><strong>habere.</strong></span> <span class='ocrx_word' id='word_1_467' title='bbox 1915 3417 2013 3486; x_wconf 81' lang='lat' dir='ltr'><strong>Sicut</strong></span> <span class='ocrx_word' id='word_1_468' title='bbox 2048 3430 2085 3486; x_wconf 91' lang='lat' dir='ltr'><strong>et</strong></span> <span class='ocrx_word' id='word_1_469' title='bbox 2118 3420 2246 3488; x_wconf 84' lang='lat' dir='ltr'><strong>uerbum</strong></span> 
     </span>
     <span class='ocr_line' id='line_1_39' title="bbox 233 3497 2246 3585; baseline 0.003 -21"><span class='ocrx_word' id='word_1_470' title='bbox 233 3500 320 3564; x_wconf 90' lang='lat' dir='ltr'><strong>Nam</strong></span> <span class='ocrx_word' id='word_1_471' title='bbox 338 3499 489 3582; x_wconf 87' lang='lat' dir='ltr'><strong>quamvis</strong></span> <span class='ocrx_word' id='word_1_472' title='bbox 507 3498 604 3561; x_wconf 90' lang='lat' dir='ltr'><strong>homo</strong></span> <span class='ocrx_word' id='word_1_473' title='bbox 615 3498 702 3562; x_wconf 88' lang='lat' dir='ltr'><strong>filius</strong></span> <span class='ocrx_word' id='word_1_474' title='bbox 714 3497 776 3561; x_wconf 88' lang='lat' dir='ltr'><strong>Dei</strong></span> <span class='ocrx_word' id='word_1_475' title='bbox 795 3518 866 3563; x_wconf 85' lang='lat' dir='ltr'><strong>csse</strong></span> <span class='ocrx_word' id='word_1_476' title='bbox 882 3500 997 3580; x_wconf 92' lang='lat' dir='ltr'><strong>coepit,</strong></span> <span class='ocrx_word' id='word_1_477' title='bbox 1019 3519 1086 3562; x_wconf 94' lang='lat' dir='ltr'><strong>non</strong></span> <span class='ocrx_word' id='word_1_478' title='bbox 1103 3507 1213 3563; x_wconf 87' lang='lat' dir='ltr'><strong>tamen</strong></span> <span class='ocrx_word' id='word_1_479' title='bbox 1265 3520 1343 3563; x_wconf 85' lang='lat' dir='ltr'><strong>vere</strong></span> <span class='ocrx_word' id='word_1_480' title='bbox 1371 3499 1505 3575; x_wconf 91' lang='lat' dir='ltr'><strong>dicitur,</strong></span> <span class='ocrx_word' id='word_1_481' title='bbox 1533 3500 1620 3581; x_wconf 93' lang='lat' dir='ltr'><strong>quod</strong></span> <span class='ocrx_word' id='word_1_482' title='bbox 1650 3512 1794 3567; x_wconf 90' lang='lat' dir='ltr'><strong>mentem</strong></span> <span class='ocrx_word' id='word_1_483' title='bbox 1824 3501 1986 3585; x_wconf 88' lang='lat' dir='ltr'><strong>declarat,</strong></span> <span class='ocrx_word' id='word_1_484' title='bbox 2009 3508 2145 3573; x_wconf 88' lang='lat' dir='ltr'><strong>etiamsi</strong></span> <span class='ocrx_word' id='word_1_485' title='bbox 2172 3509 2246 3573; x_wconf 87' lang='lat' dir='ltr'><strong>citra</strong></span> 
     </span>
     <span class='ocr_line' id='line_1_40' title="bbox 233 3583 2246 3671; baseline 0.004 -22"><span class='ocrx_word' id='word_1_486' title='bbox 233 3585 355 3651; x_wconf 90' lang='lat' dir='ltr'><strong>idcirco</strong></span> <span class='ocrx_word' id='word_1_487' title='bbox 378 3592 475 3648; x_wconf 85' lang='lat' dir='ltr'><strong>antea</strong></span> <span class='ocrx_word' id='word_1_488' title='bbox 497 3604 563 3648; x_wconf 92' lang='lat' dir='ltr'><strong>non</strong></span> <span class='ocrx_word' id='word_1_489' title='bbox 585 3585 648 3647; x_wconf 83' lang='lat' dir='ltr'><strong>luit</strong></span> <span class='ocrx_word' id='word_1_490' title='bbox 669 3584 755 3648; x_wconf 88' lang='lat' dir='ltr'><strong>filius</strong></span> <span class='ocrx_word' id='word_1_491' title='bbox 779 3584 851 3662; x_wconf 90' lang='lat' dir='ltr'><strong>Dei,</strong></span> <span class='ocrx_word' id='word_1_492' title='bbox 874 3584 1032 3648; x_wconf 89' lang='lat' dir='ltr'><strong>Verbum.</strong></span> <span class='ocrx_word' id='word_1_493' title='bbox 1054 3618 1095 3629; x_wconf 89' lang='lat'>-</span> <span class='ocrx_word' id='word_1_494' title='bbox 1112 3583 1213 3649; x_wconf 84' lang='lat' dir='ltr'><strong>Fate-</strong></span> <span class='ocrx_word' id='word_1_495' title='bbox 1264 3585 1457 3649; x_wconf 83' lang='lat' dir='ltr'><strong>fractionem</strong></span> <span class='ocrx_word' id='word_1_496' title='bbox 1480 3585 1565 3650; x_wconf 89' lang='lat' dir='ltr'><strong>aeris</strong></span> <span class='ocrx_word' id='word_1_497' title='bbox 1587 3594 1620 3650; x_wconf 86' lang='lat' dir='ltr'><strong>ct</strong></span> <span class='ocrx_word' id='word_1_498' title='bbox 1640 3588 1757 3651; x_wconf 89' lang='lat' dir='ltr'><strong>flatum</strong></span> <span class='ocrx_word' id='word_1_499' title='bbox 1778 3609 1972 3671; x_wconf 87' lang='lat' dir='ltr'><strong>corporeum</strong></span> <span class='ocrx_word' id='word_1_500' title='bbox 1993 3593 2065 3658; x_wconf 80' lang='lat' dir='ltr'><strong>fiat</strong></span> <span class='ocrx_word' id='word_1_501' title='bbox 2112 3594 2165 3656; x_wconf 88' lang='lat' dir='ltr'><strong>Ita</strong></span> <span class='ocrx_word' id='word_1_502' title='bbox 2183 3592 2246 3657; x_wconf 89' lang='lat' dir='ltr'><strong>ubi·</strong></span> 
     </span>
     <span class='ocr_line' id='line_1_41' title="bbox 233 3668 2245 3755; baseline 0.003 -21"><span class='ocrx_word' id='word_1_503' title='bbox 233 3691 309 3735; x_wconf 89' lang='lat' dir='ltr'><strong>mur</strong></span> <span class='ocrx_word' id='word_1_504' title='bbox 326 3678 360 3734; x_wconf 90' lang='lat' dir='ltr'><strong>et</strong></span> <span class='ocrx_word' id='word_1_505' title='bbox 376 3670 469 3733; x_wconf 88' lang='lat' dir='ltr'><strong>nobis</strong></span> <span class='ocrx_word' id='word_1_506' title='bbox 481 3670 695 3733; x_wconf 89' lang='lat' dir='ltr'><strong>constitutum</strong></span> <span class='ocrx_word' id='word_1_507' title='bbox 711 3668 918 3743; x_wconf 66' lang='lat' dir='ltr'><strong>seductorem,</strong></span> <span class='ocrx_word' id='word_1_508' title='bbox 938 3676 971 3733; x_wconf 91' lang='lat' dir='ltr'><strong>ct</strong></span> <span class='ocrx_word' id='word_1_509' title='bbox 982 3670 1213 3734; x_wconf 86' lang='lat' dir='ltr'><strong>intercessione</strong></span> <span class='ocrx_word' id='word_1_510' title='bbox 1264 3691 1328 3752; x_wconf 90' lang='lat' dir='ltr'><strong>quo</strong></span> <span class='ocrx_word' id='word_1_511' title='bbox 1349 3680 1383 3734; x_wconf 91' lang='lat' dir='ltr'><strong>et</strong></span> <span class='ocrx_word' id='word_1_512' title='bbox 1399 3670 1567 3735; x_wconf 87' lang='lat' dir='ltr'><strong>Irenaeus:</strong></span> <span class='ocrx_word' id='word_1_513' title='bbox 1597 3672 1644 3735; x_wconf 85' lang='lat' dir='ltr'><strong>Et</strong></span> <span class='ocrx_word' id='word_1_514' title='bbox 1663 3674 1819 3754; x_wconf 89' lang='lat' dir='ltr'><strong>quoniam</strong></span> <span class='ocrx_word' id='word_1_515' title='bbox 1840 3676 1996 3753; x_wconf 76' lang='lat' dir='ltr'><strong>verbum,</strong></span> <span class='ocrx_word' id='word_1_516' title='bbox 2021 3677 2060 3741; x_wconf 89' lang='lat' dir='ltr'><strong>id</strong></span> <span class='ocrx_word' id='word_1_517' title='bbox 2084 3678 2245 3755; x_wconf 74' lang='lat' dir='ltr'><strong>aethlius</strong></span> 
     </span>
     <span class='ocr_line' id='line_1_42' title="bbox 232 3754 2243 3840; baseline 0.003 -20"><span class='ocrx_word' id='word_1_518' title='bbox 232 3757 304 3820; x_wconf 88' lang='lat' dir='ltr'><strong>cius</strong></span> <span class='ocrx_word' id='word_1_519' title='bbox 327 3755 478 3835; x_wconf 87' lang='lat' dir='ltr'><strong>spiritum</strong></span> <span class='ocrx_word' id='word_1_520' title='bbox 501 3760 651 3819; x_wconf 87' lang='lat' dir='ltr'><strong>sanctum</strong></span> <span class='ocrx_word' id='word_1_521' title='bbox 674 3760 804 3835; x_wconf 87' lang='lat' dir='ltr'><strong>apat-re</strong></span> <span class='ocrx_word' id='word_1_522' title='bbox 826 3754 928 3818; x_wconf 89' lang='lat' dir='ltr'><strong>mitti:</strong></span> <span class='ocrx_word' id='word_1_523' title='bbox 953 3754 1009 3818; x_wconf 89' lang='lat' dir='ltr'><strong>aed</strong></span> <span class='ocrx_word' id='word_1_524' title='bbox 1031 3754 1114 3832; x_wconf 92' lang='lat' dir='ltr'><strong>idco,</strong></span> <span class='ocrx_word' id='word_1_525' title='bbox 1136 3756 1214 3838; x_wconf 89' lang='lat' dir='ltr'><strong>quia</strong></span> <span class='ocrx_word' id='word_1_526' title='bbox 1264 3776 1393 3838; x_wconf 90' lang='lat' dir='ltr'><strong>sempor</strong></span> <span class='ocrx_word' id='word_1_527' title='bbox 1415 3776 1489 3821; x_wconf 90' lang='lat' dir='ltr'><strong>cum</strong></span> <span class='ocrx_word' id='word_1_528' title='bbox 1507 3766 1602 3839; x_wconf 88' lang='lat' dir='ltr'><strong>patre</strong></span> <span class='ocrx_word' id='word_1_529' title='bbox 1619 3770 1699 3836; x_wconf 90' lang='lat' dir='ltr'><strong>erat,</strong></span> <span class='ocrx_word' id='word_1_530' title='bbox 1727 3761 1912 3840; x_wconf 83' lang='lat' dir='ltr'><strong>permulta</strong></span> <span class='ocrx_word' id='word_1_531' title='bbox 1935 3761 2243 3828; x_wconf 83' lang='lat' dir='ltr'><strong>demonstravimus.</strong></span> 
     </span>
     <span class='ocr_line' id='line_1_43' title="bbox 232 3839 2244 3931; baseline 0.003 -26"><span class='ocrx_word' id='word_1_532' title='bbox 232 3843 304 3923; x_wconf 90' lang='lat' dir='ltr'><strong>ipse</strong></span> <span class='ocrx_word' id='word_1_533' title='bbox 331 3840 420 3904; x_wconf 88' lang='lat' dir='ltr'><strong>filius</strong></span> <span class='ocrx_word' id='word_1_534' title='bbox 449 3839 514 3903; x_wconf 90' lang='lat' dir='ltr'><strong>Dei</strong></span> <span class='ocrx_word' id='word_1_535' title='bbox 550 3860 664 3904; x_wconf 88' lang='lat' dir='ltr'><strong>semen</strong></span> <span class='ocrx_word' id='word_1_536' title='bbox 689 3839 845 3904; x_wconf 87' lang='lat' dir='ltr'><strong>Abrahae</strong></span> <span class='ocrx_word' id='word_1_537' title='bbox 879 3841 1073 3922; x_wconf 86' lang='lat' dir='ltr'><strong>assumpsit,</strong></span> <span class='ocrx_word' id='word_1_538' title='bbox 1108 3841 1212 3905; x_wconf 83' lang='lat' dir='ltr'><strong>fuctus</strong></span> <span class='ocrx_word' id='word_1_539' title='bbox 1265 3840 1371 3906; x_wconf 80' lang='lat' dir='ltr'><strong>Adest</strong></span> <span class='ocrx_word' id='word_1_540' title='bbox 1392 3842 1479 3906; x_wconf 88' lang='lat' dir='ltr'><strong>cuim</strong></span> <span class='ocrx_word' id='word_1_541' title='bbox 1503 3845 1533 3906; x_wconf 92' lang='lat' dir='ltr'><strong>ei</strong></span> <span class='ocrx_word' id='word_1_542' title='bbox 1555 3862 1685 3925; x_wconf 88' lang='lat' dir='ltr'><strong>sempor</strong></span> <span class='ocrx_word' id='word_1_543' title='bbox 1702 3845 1840 3909; x_wconf 89' lang='lat' dir='ltr'><strong>verbum</strong></span> <span class='ocrx_word' id='word_1_544' title='bbox 1858 3854 1893 3909; x_wconf 93' lang='lat' dir='ltr'><strong>et</strong></span> <span class='ocrx_word' id='word_1_545' title='bbox 1910 3849 2087 3931; x_wconf 87' lang='lat' dir='ltr'><strong>sapientia,</strong></span> <span class='ocrx_word' id='word_1_546' title='bbox 2110 3850 2196 3914; x_wconf 89' lang='lat' dir='ltr'><strong>filius</strong></span> <span class='ocrx_word' id='word_1_547' title='bbox 2216 3866 2244 3913; x_wconf 88' lang='lat' dir='ltr'><strong>et</strong></span> 
     </span>
     <span class='ocr_line' id='line_1_44' title="bbox 231 3925 2244 4011; baseline 0.002 -20"><span class='ocrx_word' id='word_1_548' title='bbox 231 3927 395 4009; x_wconf 85' lang='lat' dir='ltr'><strong>particeps</strong></span> <span class='ocrx_word' id='word_1_549' title='bbox 425 3925 534 3989; x_wconf 87' lang='lat' dir='ltr'><strong>carnis</strong></span> <span class='ocrx_word' id='word_1_550' title='bbox 563 3934 597 3988; x_wconf 90' lang='lat' dir='ltr'><strong>et</strong></span> <span class='ocrx_word' id='word_1_551' title='bbox 622 3925 792 4008; x_wconf 85' lang='lat' dir='ltr'><strong>sanguinis</strong></span> <span class='ocrx_word' id='word_1_552' title='bbox 820 3928 938 3989; x_wconf 89' lang='lat' dir='ltr'><strong>nostri:</strong></span> <span class='ocrx_word' id='word_1_553' title='bbox 967 3934 1005 3989; x_wconf 91' lang='lat' dir='ltr'><strong>ut</strong></span> <span class='ocrx_word' id='word_1_554' title='bbox 1026 3926 1132 3990; x_wconf 88' lang='lat' dir='ltr'><strong>factus</strong></span> <span class='ocrx_word' id='word_1_555' title='bbox 1153 3947 1213 4009; x_wconf 88' lang='lat' dir='ltr'><strong>per</strong></span> <span class='ocrx_word' id='word_1_556' title='bbox 1265 3928 1415 4010; x_wconf 88' lang='lat' dir='ltr'><strong>spiritus,</strong></span> <span class='ocrx_word' id='word_1_557' title='bbox 1456 3948 1516 4010; x_wconf 88' lang='lat' dir='ltr'><strong>pcr</strong></span> <span class='ocrx_word' id='word_1_558' title='bbox 1549 3948 1629 4009; x_wconf 89' lang='lat' dir='ltr'><strong>quos</strong></span> <span class='ocrx_word' id='word_1_559' title='bbox 1656 3940 1691 3993; x_wconf 89' lang='grc' dir='ltr'><strong>ιι</strong></span> <span class='ocrx_word' id='word_1_560' title='bbox 1718 3930 1753 3993; x_wconf 92' lang='lat' dir='ltr'><strong>in</strong></span> <span class='ocrx_word' id='word_1_561' title='bbox 1785 3931 1904 4011; x_wconf 91' lang='lat' dir='ltr'><strong>quibus</strong></span> <span class='ocrx_word' id='word_1_562' title='bbox 1935 3934 2053 3997; x_wconf 89' lang='lat' dir='ltr'><strong>omnia</strong></span> <span class='ocrx_word' id='word_1_563' title='bbox 2087 3935 2187 3999; x_wconf 90' lang='lat' dir='ltr'><strong>libere</strong></span> <span class='ocrx_word' id='word_1_564' title='bbox 2216 3944 2244 3997; x_wconf 88' lang='lat' dir='ltr'><strong>et</strong></span> 
     </span>
     <span class='ocr_line' id='line_1_45' title="bbox 231 4010 2244 4097; baseline 0.003 -21"><span class='ocrx_word' id='word_1_565' title='bbox 231 4012 342 4077; x_wconf 89' lang='lat' dir='ltr'><strong>omnia</strong></span> <span class='ocrx_word' id='word_1_566' title='bbox 364 4010 480 4074; x_wconf 89' lang='lat' dir='ltr'><strong>similis</strong></span> <span class='ocrx_word' id='word_1_567' title='bbox 497 4010 662 4085; x_wconf 80' lang='lat' dir='ltr'><strong>fratribus,</strong></span> <span class='ocrx_word' id='word_1_568' title='bbox 686 4010 870 4075; x_wconf 82' lang='lat' dir='ltr'><strong>misericors</strong></span> <span class='ocrx_word' id='word_1_569' title='bbox 888 4012 939 4087; x_wconf 88' lang='lat' dir='ltr'><strong>sit,</strong></span> <span class='ocrx_word' id='word_1_570' title='bbox 959 4018 992 4075; x_wconf 89' lang='lat' dir='ltr'><strong>ot</strong></span> <span class='ocrx_word' id='word_1_571' title='bbox 1009 4010 1114 4076; x_wconf 90' lang='lat' dir='ltr'><strong>fidelis</strong></span> <span class='ocrx_word' id='word_1_572' title='bbox 1131 4033 1213 4094; x_wconf 93' lang='lat' dir='ltr'><strong>pon·</strong></span> <span class='ocrx_word' id='word_1_573' title='bbox 1265 4020 1383 4094; x_wconf 78' lang='lat' dir='ltr'><strong>sponte</strong></span> <span class='ocrx_word' id='word_1_574' title='bbox 1403 4014 1490 4090; x_wconf 82' lang='lat' dir='ltr'><strong>lecit,</strong></span> <span class='ocrx_word' id='word_1_575' title='bbox 1513 4012 1554 4077; x_wconf 89' lang='lat' dir='ltr'><strong>ad</strong></span> <span class='ocrx_word' id='word_1_576' title='bbox 1572 4034 1652 4095; x_wconf 89' lang='lat' dir='ltr'><strong>quos</strong></span> <span class='ocrx_word' id='word_1_577' title='bbox 1675 4022 1709 4079; x_wconf 91' lang='grc' dir='ltr'><strong>ιι</strong></span> <span class='ocrx_word' id='word_1_578' title='bbox 1737 4013 1881 4097; x_wconf 90' lang='lat' dir='ltr'><strong>loquitur</strong></span> <span class='ocrx_word' id='word_1_579' title='bbox 1910 4016 2040 4083; x_wconf 89' lang='lat' dir='ltr'><strong>dicens:</strong></span> <span class='ocrx_word' id='word_1_580' title='bbox 2076 4020 2244 4085; x_wconf 85' lang='lat' dir='ltr'><strong>Faciamus</strong></span> 
     </span>
     <span class='ocr_line' id='line_1_46' title="bbox 232 4096 2243 4188; baseline 0.005 -28"><span class='ocrx_word' id='word_1_581' title='bbox 232 4098 329 4175; x_wconf 82' lang='lat' dir='ltr'><strong>tifex,</strong></span> <span class='ocrx_word' id='word_1_582' title='bbox 358 4097 393 4160; x_wconf 91' lang='lat' dir='ltr'><strong>in</strong></span> <span class='ocrx_word' id='word_1_583' title='bbox 413 4096 456 4159; x_wconf 92' lang='lat' dir='ltr'><strong>iis</strong></span> <span class='ocrx_word' id='word_1_584' title='bbox 477 4116 559 4177; x_wconf 89' lang='lat' dir='ltr'><strong>quae</strong></span> <span class='ocrx_word' id='word_1_585' title='bbox 588 4096 675 4178; x_wconf 87' lang='lat' dir='ltr'><strong>apud</strong></span> <span class='ocrx_word' id='word_1_586' title='bbox 697 4096 817 4160; x_wconf 86' lang='lat' dir='ltr'><strong>Deum.</strong></span> <span class='ocrx_word' id='word_1_587' title='bbox 842 4131 882 4142; x_wconf 95' lang='lat'><em>-</em></span> <span class='ocrx_word' id='word_1_588' title='bbox 905 4097 1009 4162; x_wconf 86' lang='lat' dir='ltr'><strong>Porro</strong></span> <span class='ocrx_word' id='word_1_589' title='bbox 1038 4096 1124 4179; x_wconf 92' lang='lat' dir='ltr'><strong>quod</strong></span> <span class='ocrx_word' id='word_1_590' title='bbox 1154 4118 1213 4180; x_wconf 91' lang='lat' dir='ltr'><strong>per</strong></span> <span class='ocrx_word' id='word_1_591' title='bbox 1264 4098 1432 4162; x_wconf 90' lang='lat' dir='ltr'><strong>hominem</strong></span> <span class='ocrx_word' id='word_1_592' title='bbox 1454 4097 1496 4161; x_wconf 89' lang='lat' dir='ltr'><strong>ad</strong></span> <span class='ocrx_word' id='word_1_593' title='bbox 1517 4098 1697 4182; x_wconf 84' lang='lat' dir='ltr'><strong>imaginem</strong></span> <span class='ocrx_word' id='word_1_594' title='bbox 1725 4112 1887 4181; x_wconf 74' lang='lat' dir='ltr'><strong>nostram,</strong></span> <span class='ocrx_word' id='word_1_595' title='bbox 1920 4104 1993 4185; x_wconf 86' lang='lat' dir='ltr'><strong>ipse</strong></span> <span class='ocrx_word' id='word_1_596' title='bbox 2022 4125 2044 4168; x_wconf 89' lang='lat' dir='ltr'><strong>a</strong></span> <span class='ocrx_word' id='word_1_597' title='bbox 2074 4106 2243 4188; x_wconf 88' lang='lat' dir='ltr'><strong>semetipso</strong></span> 
     </span>
     <span class='ocr_line' id='line_1_47' title="bbox 231 4181 2243 4271; baseline 0.003 -25"><span class='ocrx_word' id='word_1_598' title='bbox 231 4182 452 4246; x_wconf 88' lang='lat' dir='ltr'><strong>ministerium</strong></span> <span class='ocrx_word' id='word_1_599' title='bbox 475 4181 668 4265; x_wconf 85' lang='lat' dir='ltr'><strong>angelorum</strong></span> <span class='ocrx_word' id='word_1_600' title='bbox 690 4181 825 4264; x_wconf 86' lang='lat' dir='ltr'><strong>spiritus</strong></span> <span class='ocrx_word' id='word_1_601' title='bbox 855 4190 989 4247; x_wconf 85' lang='lat' dir='ltr'><strong>sanctus</strong></span> <span class='ocrx_word' id='word_1_602' title='bbox 1016 4182 1213 4248; x_wconf 90' lang='lat' dir='ltr'><strong>concedatur</strong></span> <span class='ocrx_word' id='word_1_603' title='bbox 1263 4184 1481 4249; x_wconf 85' lang='lat' dir='ltr'><strong>substantiam</strong></span> <span class='ocrx_word' id='word_1_604' title='bbox 1503 4192 1737 4263; x_wconf 87' lang='lat' dir='ltr'><strong>creaturarum,</strong></span> <span class='ocrx_word' id='word_1_605' title='bbox 1760 4194 1793 4250; x_wconf 90' lang='lat' dir='ltr'><strong>ot</strong></span> <span class='ocrx_word' id='word_1_606' title='bbox 1814 4189 2004 4271; x_wconf 82' lang='lat' dir='ltr'><strong>exemplum</strong></span> <span class='ocrx_word' id='word_1_607' title='bbox 2026 4190 2199 4263; x_wconf 84' lang='lat' dir='ltr'><strong>factorum,</strong></span> <span class='ocrx_word' id='word_1_608' title='bbox 2215 4200 2243 4253; x_wconf 83' lang='lat' dir='ltr'><strong>et</strong></span> 
     </span>
     <span class='ocr_line' id='line_1_48' title="bbox 230 4266 2241 4356; baseline 0.002 -24"><span class='ocrx_word' id='word_1_609' title='bbox 230 4268 343 4343; x_wconf 89' lang='lat' dir='ltr'><strong>nobis,</strong></span> <span class='ocrx_word' id='word_1_610' title='bbox 379 4267 476 4331; x_wconf 88' lang='lat' dir='ltr'><strong>ctiam</strong></span> <span class='ocrx_word' id='word_1_611' title='bbox 513 4267 622 4349; x_wconf 90' lang='lat' dir='ltr'><strong>ipsum</strong></span> <span class='ocrx_word' id='word_1_612' title='bbox 661 4268 746 4349; x_wconf 87' lang='lat' dir='ltr'><strong>sapit</strong></span> <span class='ocrx_word' id='word_1_613' title='bbox 774 4268 884 4332; x_wconf 90' lang='lat' dir='ltr'><strong>nescio</strong></span> <span class='ocrx_word' id='word_1_614' title='bbox 912 4267 999 4350; x_wconf 91' lang='lat' dir='ltr'><strong>quid.</strong></span> <span class='ocrx_word' id='word_1_615' title='bbox 1050 4266 1211 4351; x_wconf 77' lang='lat' dir='ltr'><strong>Spiritum</strong></span> <span class='ocrx_word' id='word_1_616' title='bbox 1262 4270 1404 4351; x_wconf 87' lang='lat' dir='ltr'><strong>figuram</strong></span> <span class='ocrx_word' id='word_1_617' title='bbox 1433 4270 1468 4332; x_wconf 94' lang='lat' dir='ltr'><strong>in</strong></span> <span class='ocrx_word' id='word_1_618' title='bbox 1490 4268 1614 4333; x_wconf 90' lang='lat' dir='ltr'><strong>mundo</strong></span> <span class='ocrx_word' id='word_1_619' title='bbox 1636 4282 1903 4337; x_wconf 87' lang='lat' dir='ltr'><strong>ornamentorum</strong></span> <span class='ocrx_word' id='word_1_620' title='bbox 1924 4274 2105 4356; x_wconf 88' lang='lat' dir='ltr'><strong>accipiens.</strong></span> <span class='ocrx_word' id='word_1_621' title='bbox 2149 4277 2195 4340; x_wconf 86' lang='lat' dir='ltr'><strong>Et</strong></span> <span class='ocrx_word' id='word_1_622' title='bbox 2214 4277 2241 4338; x_wconf 93' lang='lat' dir='ltr'><strong>in</strong></span> 
     </span>
     <span class='ocr_line' id='line_1_49' title="bbox 231 4351 2241 4440; baseline 0.002 -23"><span class='ocrx_word' id='word_1_623' title='bbox 231 4354 321 4417; x_wconf 90' lang='lat' dir='ltr'><strong>enim</strong></span> <span class='ocrx_word' id='word_1_624' title='bbox 343 4364 494 4417; x_wconf 86' lang='lat' dir='ltr'><strong>sanctum</strong></span> <span class='ocrx_word' id='word_1_625' title='bbox 514 4374 573 4417; x_wconf 84' lang='lat' dir='ltr'><strong>nos</strong></span> <span class='ocrx_word' id='word_1_626' title='bbox 592 4351 775 4417; x_wconf 88' lang='lat' dir='ltr'><strong>Dominum</strong></span> <span class='ocrx_word' id='word_1_627' title='bbox 797 4353 935 4419; x_wconf 86' lang='lat' dir='ltr'><strong>dicimus</strong></span> <span class='ocrx_word' id='word_1_628' title='bbox 956 4354 1156 4436; x_wconf 84' lang='lat' dir='ltr'><strong>angelorum,</strong></span> <span class='ocrx_word' id='word_1_629' title='bbox 1179 4364 1213 4417; x_wconf 90' lang='lat' dir='ltr'><strong>ct</strong></span> <span class='ocrx_word' id='word_1_630' title='bbox 1264 4354 1392 4431; x_wconf 89' lang='lat' dir='ltr'><strong>codem,</strong></span> <span class='ocrx_word' id='word_1_631' title='bbox 1419 4354 1502 4418; x_wconf 90' lang='lat' dir='ltr'><strong>libro</strong></span> <span class='ocrx_word' id='word_1_632' title='bbox 1523 4360 1553 4433; x_wconf 87' lang='grc'>4,</span> <span class='ocrx_word' id='word_1_633' title='bbox 1573 4374 1642 4437; x_wconf 84' lang='lat' dir='ltr'><strong>cap.</strong></span> <span class='ocrx_word' id='word_1_634' title='bbox 1669 4360 1723 4418; x_wconf 85' lang='lat'><strong>17:</strong></span> <span class='ocrx_word' id='word_1_635' title='bbox 1750 4357 1891 4440; x_wconf 89' lang='lat' dir='ltr'><strong>Propter</strong></span> <span class='ocrx_word' id='word_1_636' title='bbox 1912 4358 1976 4424; x_wconf 92' lang='lat' dir='ltr'><strong>hoc</strong></span> <span class='ocrx_word' id='word_1_637' title='bbox 1998 4359 2117 4427; x_wconf 90' lang='lat' dir='ltr'><strong>Iudaei</strong></span> <span class='ocrx_word' id='word_1_638' title='bbox 2139 4382 2241 4426; x_wconf 69' lang='lat' dir='ltr'><strong>encas</strong></span> 
     </span>
     <span class='ocr_line' id='line_1_50' title="bbox 232 4438 2241 4529; baseline 0.003 -27"><span class='ocrx_word' id='word_1_639' title='bbox 232 4438 367 4522; x_wconf 85' lang='lat' dir='ltr'><strong>angelos</strong></span> <span class='ocrx_word' id='word_1_640' title='bbox 393 4458 518 4521; x_wconf 85' lang='lat' dir='ltr'><strong>regere,</strong></span> <span class='ocrx_word' id='word_1_641' title='bbox 546 4460 645 4521; x_wconf 85' lang='lat' dir='ltr'><strong>seque</strong></span> <span class='ocrx_word' id='word_1_642' title='bbox 673 4440 780 4521; x_wconf 88' lang='lat' dir='ltr'><strong>ipsum</strong></span> <span class='ocrx_word' id='word_1_643' title='bbox 808 4438 988 4503; x_wconf 85' lang='lat' dir='ltr'><strong>insinuare.</strong></span> <span class='ocrx_word' id='word_1_644' title='bbox 1012 4477 1053 4486; x_wconf 93' lang='lat'><em>-</em></span> <span class='ocrx_word' id='word_1_645' title='bbox 1077 4439 1211 4504; x_wconf 84' lang='lat' dir='ltr'><strong>Glorifi-</strong></span> <span class='ocrx_word' id='word_1_646' title='bbox 1264 4450 1378 4504; x_wconf 80' lang='lat' dir='ltr'><strong>sorrrnt</strong></span> <span class='ocrx_word' id='word_1_647' title='bbox 1400 4441 1519 4517; x_wconf 91' lang='lat' dir='ltr'><strong>aDeo,</strong></span> <span class='ocrx_word' id='word_1_648' title='bbox 1542 4441 1681 4505; x_wconf 85' lang='lat' dir='ltr'><strong>verbum</strong></span> <span class='ocrx_word' id='word_1_649' title='bbox 1704 4442 1768 4505; x_wconf 92' lang='lat' dir='ltr'><strong>Dei</strong></span> <span class='ocrx_word' id='word_1_650' title='bbox 1786 4463 1852 4506; x_wconf 93' lang='lat' dir='ltr'><strong>non</strong></span> <span class='ocrx_word' id='word_1_651' title='bbox 1874 4444 2088 4527; x_wconf 86' lang='lat' dir='ltr'><strong>recipientes,</strong></span> <span class='ocrx_word' id='word_1_652' title='bbox 2112 4446 2169 4512; x_wconf 88' lang='lat' dir='ltr'><strong>sed</strong></span> <span class='ocrx_word' id='word_1_653' title='bbox 2188 4468 2241 4529; x_wconf 89' lang='lat' dir='ltr'><strong>pu·</strong></span> 
     </span>
     <span class='ocr_line' id='line_1_51' title="bbox 230 4524 2240 4610; baseline 0.002 -21"><span class='ocrx_word' id='word_1_654' title='bbox 230 4546 343 4590; x_wconf 87' lang='lat' dir='ltr'><strong>camus</strong></span> <span class='ocrx_word' id='word_1_655' title='bbox 365 4538 400 4587; x_wconf 88' lang='grc' dir='ltr'><strong>ιι</strong></span> <span class='ocrx_word' id='word_1_656' title='bbox 422 4544 481 4587; x_wconf 90' lang='lat' dir='ltr'><strong>nos</strong></span> <span class='ocrx_word' id='word_1_657' title='bbox 504 4524 685 4606; x_wconf 87' lang='lat' dir='ltr'><strong>potentiam</strong></span> <span class='ocrx_word' id='word_1_658' title='bbox 708 4532 741 4588; x_wconf 92' lang='lat' dir='ltr'><strong>ct</strong></span> <span class='ocrx_word' id='word_1_659' title='bbox 767 4525 960 4606; x_wconf 86' lang='lat' dir='ltr'><strong>sapientiam</strong></span> <span class='ocrx_word' id='word_1_660' title='bbox 988 4526 1023 4588; x_wconf 91' lang='lat' dir='ltr'><strong>in</strong></span> <span class='ocrx_word' id='word_1_661' title='bbox 1052 4526 1211 4589; x_wconf 88' lang='lat' dir='ltr'><strong>creaturis</strong></span> <span class='ocrx_word' id='word_1_662' title='bbox 1264 4533 1374 4589; x_wconf 83' lang='lat' dir='ltr'><strong>tantos</strong></span> <span class='ocrx_word' id='word_1_663' title='bbox 1395 4547 1455 4609; x_wconf 88' lang='lat' dir='ltr'><strong>per</strong></span> <span class='ocrx_word' id='word_1_664' title='bbox 1476 4526 1630 4607; x_wconf 88' lang='lat' dir='ltr'><strong>seipsum,</strong></span> <span class='ocrx_word' id='word_1_665' title='bbox 1654 4536 1782 4608; x_wconf 89' lang='lat' dir='ltr'><strong>patrem</strong></span> <span class='ocrx_word' id='word_1_666' title='bbox 1805 4529 1876 4592; x_wconf 89' lang='lat' dir='ltr'><strong>sine</strong></span> <span class='ocrx_word' id='word_1_667' title='bbox 1898 4528 2010 4605; x_wconf 87' lang='lat' dir='ltr'><strong>verbo,</strong></span> <span class='ocrx_word' id='word_1_668' title='bbox 2036 4532 2150 4610; x_wconf 88' lang='lat' dir='ltr'><strong>idest,</strong></span> <span class='ocrx_word' id='word_1_669' title='bbox 2179 4534 2240 4596; x_wconf 79' lang='lat' dir='ltr'><strong>sinc</strong></span> 
     </span>
     <span class='ocr_line' id='line_1_52' title="bbox 230 4609 2238 4702; baseline 0.001 -28"><span class='ocrx_word' id='word_1_670' title='bbox 230 4609 306 4688; x_wconf 87' lang='lat' dir='ltr'><strong>Dei,</strong></span> <span class='ocrx_word' id='word_1_671' title='bbox 329 4609 413 4673; x_wconf 86' lang='lat' dir='ltr'><strong>absit</strong></span> <span class='ocrx_word' id='word_1_672' title='bbox 436 4615 555 4686; x_wconf 87' lang='lat' dir='ltr'><strong>autem,</strong></span> <span class='ocrx_word' id='word_1_673' title='bbox 580 4618 618 4673; x_wconf 93' lang='lat' dir='ltr'><strong>ut</strong></span> <span class='ocrx_word' id='word_1_674' title='bbox 639 4609 746 4673; x_wconf 88' lang='lat' dir='ltr'><strong>filium</strong></span> <span class='ocrx_word' id='word_1_675' title='bbox 768 4617 801 4674; x_wconf 90' lang='lat' dir='ltr'><strong>ct</strong></span> <span class='ocrx_word' id='word_1_676' title='bbox 823 4611 975 4693; x_wconf 90' lang='lat' dir='ltr'><strong>spiritum</strong></span> <span class='ocrx_word' id='word_1_677' title='bbox 993 4619 1153 4689; x_wconf 87' lang='lat' dir='ltr'><strong>sanctum,</strong></span> <span class='ocrx_word' id='word_1_678' title='bbox 1176 4612 1211 4674; x_wconf 92' lang='lat' dir='ltr'><strong>in</strong></span> <span class='ocrx_word' id='word_1_679' title='bbox 1263 4610 1331 4674; x_wconf 89' lang='lat' dir='ltr'><strong>filio</strong></span> <span class='ocrx_word' id='word_1_680' title='bbox 1359 4632 1454 4694; x_wconf 88' lang='lat' dir='ltr'><strong>posse</strong></span> <span class='ocrx_word' id='word_1_681' title='bbox 1476 4630 1672 4694; x_wconf 84' lang='lat' dir='ltr'><strong>cognoscere</strong></span> <span class='ocrx_word' id='word_1_682' title='bbox 1695 4612 1813 4676; x_wconf 89' lang='lat' dir='ltr'><strong>Deum.</strong></span> <span class='ocrx_word' id='word_1_683' title='bbox 1865 4615 1912 4678; x_wconf 87' lang='lat' dir='ltr'><strong>Et</strong></span> <span class='ocrx_word' id='word_1_684' title='bbox 1932 4615 2021 4680; x_wconf 93' lang='lat' dir='ltr'><strong>libro</strong></span> <span class='ocrx_word' id='word_1_685' title='bbox 2046 4622 2077 4693; x_wconf 90' lang='lat'><strong>3,</strong></span> <span class='ocrx_word' id='word_1_686' title='bbox 2100 4640 2169 4702; x_wconf 88' lang='lat' dir='ltr'><strong>cap.</strong></span> <span class='ocrx_word' id='word_1_687' title='bbox 2190 4621 2238 4679; x_wconf 70' lang='lat' dir='ltr'><strong>rt:</strong></span> 
     </span>
     <span class='ocr_line' id='line_1_53' title="bbox 231 4694 2238 4784; baseline 0.002 -25"><span class='ocrx_word' id='word_1_688' title='bbox 231 4696 325 4760; x_wconf 89' lang='lat' dir='ltr'><strong>cuius</strong></span> <span class='ocrx_word' id='word_1_689' title='bbox 343 4694 474 4759; x_wconf 88' lang='lat' dir='ltr'><strong>nomine</strong></span> <span class='ocrx_word' id='word_1_690' title='bbox 496 4695 708 4777; x_wconf 86' lang='lat' dir='ltr'><strong>baptisamur,</strong></span> <span class='ocrx_word' id='word_1_691' title='bbox 731 4696 819 4760; x_wconf 91' lang='lat' dir='ltr'><strong>inter</strong></span> <span class='ocrx_word' id='word_1_692' title='bbox 840 4716 946 4778; x_wconf 86' lang='lat' dir='ltr'><strong>opera,</strong></span> <span class='ocrx_word' id='word_1_693' title='bbox 975 4694 1092 4773; x_wconf 79' lang='lat' dir='ltr'><strong>id&#39;est,</strong></span> <span class='ocrx_word' id='word_1_694' title='bbox 1121 4718 1210 4762; x_wconf 89' lang='lat' dir='ltr'><strong>crea·</strong></span> <span class='ocrx_word' id='word_1_695' title='bbox 1262 4697 1405 4779; x_wconf 86' lang='lat' dir='ltr'><strong>Propter</strong></span> <span class='ocrx_word' id='word_1_696' title='bbox 1426 4697 1487 4761; x_wconf 91' lang='lat' dir='ltr'><strong>hoc</strong></span> <span class='ocrx_word' id='word_1_697' title='bbox 1508 4697 1595 4761; x_wconf 90' lang='lat' dir='ltr'><strong>enim</strong></span> <span class='ocrx_word' id='word_1_698' title='bbox 1617 4698 1756 4763; x_wconf 87' lang='lat' dir='ltr'><strong>verbum</strong></span> <span class='ocrx_word' id='word_1_699' title='bbox 1783 4699 1896 4775; x_wconf 86' lang='lat' dir='ltr'><strong>home,</strong></span> <span class='ocrx_word' id='word_1_700' title='bbox 1925 4709 1961 4765; x_wconf 91' lang='lat' dir='ltr'><strong>et</strong></span> <span class='ocrx_word' id='word_1_701' title='bbox 1989 4703 2051 4784; x_wconf 92' lang='lat' dir='ltr'><strong>qui</strong></span> <span class='ocrx_word' id='word_1_702' title='bbox 2078 4703 2165 4768; x_wconf 87' lang='lat' dir='ltr'><strong>filius</strong></span> <span class='ocrx_word' id='word_1_703' title='bbox 2185 4702 2238 4767; x_wconf 84' lang='lat' dir='ltr'><strong>Dei</strong></span> 
     </span>
     <span class='ocr_line' id='line_1_54' title="bbox 229 4781 2239 4862; baseline 0.007 -19"><span class='ocrx_word' id='word_1_704' title='bbox 229 4792 324 4844; x_wconf 88' lang='lat' dir='ltr'><strong>turas</strong></span> <span class='ocrx_word' id='word_1_705' title='bbox 345 4800 516 4862; x_wconf 90' lang='lat' dir='ltr'><strong>ponamus:</strong></span> <span class='ocrx_word' id='word_1_706' title='bbox 540 4781 672 4846; x_wconf 88' lang='lat' dir='ltr'><strong>tametsi</strong></span> <span class='ocrx_word' id='word_1_707' title='bbox 693 4781 835 4846; x_wconf 90' lang='lat' dir='ltr'><strong>sciamus</strong></span> <span class='ocrx_word' id='word_1_708' title='bbox 856 4781 1022 4847; x_wconf 89' lang='lat' dir='ltr'><strong>hominem</strong></span> <span class='ocrx_word' id='word_1_709' title='bbox 1040 4781 1212 4847; x_wconf 83' lang='lat' dir='ltr'><strong>Christum</strong></span> <span class='ocrx_word' id='word_1_710' title='bbox 1262 4791 1321 4861; x_wconf 91' lang='lat' dir='ltr'><strong>cst,</strong></span> <span class='ocrx_word' id='word_1_711' title='bbox 1343 4782 1431 4846; x_wconf 87' lang='lat' dir='ltr'><strong>filius</strong></span> <span class='ocrx_word' id='word_1_712' title='bbox 1454 4782 1598 4847; x_wconf 89' lang='lat' dir='ltr'><strong>hominis</strong></span> <span class='ocrx_word' id='word_1_713' title='bbox 1619 4784 1724 4847; x_wconf 91' lang='lat' dir='ltr'><strong>factus</strong></span> <span class='ocrx_word' id='word_1_714' title='bbox 1745 4791 1805 4861; x_wconf 90' lang='lat' dir='ltr'><strong>est,</strong></span> <span class='ocrx_word' id='word_1_715' title='bbox 1826 4786 2029 4853; x_wconf 86' lang='lat' dir='ltr'><strong>commixtus</strong></span> <span class='ocrx_word' id='word_1_716' title='bbox 2052 4791 2154 4854; x_wconf 73' lang='lat' dir='ltr'><strong>uerbo</strong></span> <span class='ocrx_word' id='word_1_717' title='bbox 2173 4787 2239 4857; x_wconf 83' lang='lat' dir='ltr'><strong>Dei.</strong></span> 
     </span>
     <span class='ocr_line' id='line_1_55' title="bbox 231 4865 1298 4946; baseline 0.006 -19"><span class='ocrx_word' id='word_1_718' title='bbox 231 4865 326 4928; x_wconf 81' lang='lat' dir='ltr'><strong>iuxta</strong></span> <span class='ocrx_word' id='word_1_719' title='bbox 347 4866 597 4945; x_wconf 87' lang='lat' dir='ltr'><strong>huma-nitatem,</strong></span> <span class='ocrx_word' id='word_1_720' title='bbox 620 4874 813 4943; x_wconf 88' lang='lat' dir='ltr'><strong>creaturam,</strong></span> <span class='ocrx_word' id='word_1_721' title='bbox 837 4873 871 4930; x_wconf 91' lang='lat' dir='ltr'><strong>et</strong></span> <span class='ocrx_word' id='word_1_722' title='bbox 889 4867 967 4932; x_wconf 89' lang='lat' dir='ltr'><strong>dare</strong></span> <span class='ocrx_word' id='word_1_723' title='bbox 985 4867 1097 4932; x_wconf 89' lang='lat' dir='ltr'><strong>divina</strong></span> <span class='ocrx_word' id='word_1_724' title='bbox 1117 4866 1210 4946; x_wconf 90' lang='lat' dir='ltr'><strong>dona,</strong></span> <span class='ocrx_word' id='word_1_725' title='bbox 1296 4937 1298 4941; x_wconf 61' lang='grc'>,</span> 
     </span>
    </p>

    <p class='ocr_par' dir='ltr' id='par_1_6' title="bbox 231 4950 1468 5037">
     <span class='ocr_line' id='line_1_56' title="bbox 231 4950 1468 5037; baseline 0.003 -23"><span class='ocrx_word' id='word_1_726' title='bbox 231 4971 315 5031; x_wconf 87' lang='lat' dir='ltr'><strong>quae</strong></span> <span class='ocrx_word' id='word_1_727' title='bbox 337 4959 506 5016; x_wconf 86' lang='lat' dir='ltr'><strong>creaturae</strong></span> <span class='ocrx_word' id='word_1_728' title='bbox 527 4950 593 5016; x_wconf 93' lang='lat' dir='ltr'><strong>Dei</strong></span> <span class='ocrx_word' id='word_1_729' title='bbox 610 4958 696 5031; x_wconf 90' lang='lat' dir='ltr'><strong>sunt,</strong></span> <span class='ocrx_word' id='word_1_730' title='bbox 719 4959 834 5037; x_wconf 90' lang='lat' dir='ltr'><strong>utpote</strong></span> <span class='ocrx_word' id='word_1_731' title='bbox 856 4950 987 5018; x_wconf 88' lang='lat' dir='ltr'><strong>divinae</strong></span> <span class='ocrx_word' id='word_1_732' title='bbox 1008 4953 1084 5017; x_wconf 87' lang='lat' dir='ltr'><strong>illue</strong></span> <span class='ocrx_word' id='word_1_733' title='bbox 1107 4954 1211 5037; x_wconf 87' lang='lat' dir='ltr'><strong>agita·</strong></span> <span class='ocrx_word' id='word_1_734' title='bbox 1265 4974 1468 4982; x_wconf 70' lang='grc'><em>···-··-··“</em></span> 
     </span>
    </p>
   </div>
   <div class='ocr_carea' id='block_1_6' title="bbox 230 5026 2240 5210">
    <p class='ocr_par' dir='ltr' id='par_1_7' title="bbox 230 5026 2240 5210">
     <span class='ocr_line' id='line_1_57' title="bbox 231 5026 2240 5183; baseline 0.009 -86"><span class='ocrx_word' id='word_1_735' title='bbox 231 5036 347 5183; x_wconf 71' lang='lat' dir='ltr'><strong>tionps,</strong></span> <span class='ocrx_word' id='word_1_736' title='bbox 371 5035 490 5182; x_wconf 61' lang='lat' dir='ltr'><strong>quitbus</strong></span> <span class='ocrx_word' id='word_1_737' title='bbox 512 5026 570 5101; x_wconf 84' lang='lat' dir='ltr'><strong>tilii</strong></span> <span class='ocrx_word' id='word_1_738' title='bbox 588 5037 652 5102; x_wconf 92' lang='lat' dir='ltr'><strong>Dei</strong></span> <span class='ocrx_word' id='word_1_739' title='bbox 675 5038 831 5120; x_wconf 86' lang='lat' dir='ltr'><strong>aspiritu</strong></span> <span class='ocrx_word' id='word_1_740' title='bbox 853 5046 965 5104; x_wconf 84' lang='lat' dir='ltr'><strong>sancto</strong></span> <span class='ocrx_word' id='word_1_741' title='bbox 988 5047 1021 5104; x_wconf 90' lang='lat' dir='ltr'><strong>et</strong></span> <span class='ocrx_word' id='word_1_742' title='bbox 1044 5060 1122 5104; x_wconf 89' lang='lat' dir='ltr'><strong>vcro</strong></span> <span class='ocrx_word' id='word_1_743' title='bbox 1139 5040 1211 5104; x_wconf 91' lang='lat' dir='ltr'><strong>Dco</strong></span> <span class='ocrx_word' id='word_1_744' title='bbox 1332 5072 1361 5134; x_wconf 62' lang='lat'><strong>1)</strong></span> <span class='ocrx_word' id='word_1_745' title='bbox 1382 5071 1467 5140; x_wconf 63' lang='lat' dir='ltr'><strong>Imp„</strong></span> <span class='ocrx_word' id='word_1_746' title='bbox 1495 5072 1561 5126; x_wconf 96' lang='grc' dir='ltr'>,Μ</span> <span class='ocrx_word' id='word_1_747' title='bbox 1587 5071 1776 5137; x_wconf 61' lang='lat' dir='ltr'><strong>s03‚1„„30‚</strong></span> <span class='ocrx_word' id='word_1_748' title='bbox 1814 5072 1949 5129; x_wconf 68' lang='grc' dir='ltr'>Μ,,ι,,,·,,,</span> <span class='ocrx_word' id='word_1_749' title='bbox 1975 5078 2110 5135; x_wconf 46' lang='lat' dir='ltr'><strong>nm</strong></span> <span class='ocrx_word' id='word_1_750' title='bbox 2134 5077 2240 5133; x_wconf 57' lang='lat' dir='ltr'><strong>pm</strong></span> 
     </span>
     <span class='ocr_line' id='line_1_58' title="bbox 230 5140 1365 5210; baseline 0.008 -27"><span class='ocrx_word' id='word_1_751' title='bbox 230 5141 306 5184; x_wconf 79' lang='lat' dir='ltr'><strong>unca</strong></span> <span class='ocrx_word' id='word_1_752' title='bbox 320 5140 420 5185; x_wconf 87' lang='lat' dir='ltr'><strong>escun</strong></span> <span class='ocrx_word' id='word_1_753' title='bbox 437 5168 443 5184; x_wconf 92' lang='lat'><strong>.</strong></span> <span class='ocrx_word' id='word_1_754' title='bbox 1258 5158 1288 5210; x_wconf 79' lang='lat' dir='ltr'><strong>p.</strong></span> <span class='ocrx_word' id='word_1_755' title='bbox 1306 5140 1365 5194; x_wconf 83' lang='lat'><strong>391.</strong></span> 
     </span>
    </p>
   </div>
   <div class='ocr_carea' id='block_1_7' title="bbox 0 0 2314 5894">
    <p class='ocr_par' dir='ltr' id='par_1_8' title="bbox 0 0 2314 5894">
     <span class='ocr_line' id='line_1_59' title="bbox 0 0 2314 5894; baseline 0 1"><span class='ocrx_word' id='word_1_756' title='bbox 0 0 2314 5894; x_wconf 95' lang='lat' dir='ltr'><strong> </strong></span> 
     </span>
    </p>
   </div>
  </div>
 </body>
</html>
