4620 5894
103 154 180 267 Ι666
1001 196 1246 265 transeut
2072 200 2141 265 666

114 386 315 472 implendas,
355 385 414 452 sed
452 383 628 451 abolendas
667 385 900 468 promissiones
939 384 1097 466 dicemus,
1149 386 1242 452 nulla
1262 387 1351 452 enim
1362 392 1500 470 cogente
1520 384 1715 451 necessitate
1732 384 1762 449 si
1779 387 1847 465 1161,
1870 384 1969 452 alieni
1986 384 2139 455 muneris

114 473 245 561 quando
266 472 440 557 promissio
458 492 543 555 quae
565 478 642 536 ante
655 468 697 536 ad
711 471 852 537 salntem
863 472 1098 538 conferendam
1150 474 1321 557 usurpatio
1332 480 1391 539 est.
1417 471 1456 538 Si
1467 478 1579 537 autem
1589 471 1767 537 necessitas
1783 482 1909 556 urgeat,
1928 479 1987 538 aut
2004 472 2139 538 nullum

113 582 175 646 per
196 580 231 625 se
253 558 399 638 valebat,
429 577 516 623 nune
540 557 662 640 absque
689 558 775 642 sigui
804 557 1003 623 adminiculo
1024 567 1099 623 rata
1150 568 1209 624 aut
1219 558 1348 624 veniale
1359 557 1515 623 delictum
1527 564 1586 623 est.
1604 557 1774 623 Debuerat
1785 565 1875 623 certe
1885 559 1995 643 potius
2007 558 2049 624 de
2060 579 2139 623 mu·

114 647 277 713 nouerit.
323 641 392 711 Sed
413 644 509 708 aliter
536 643 683 727 plerique
705 664 746 708 ex
777 644 914 710 vetustis
943 644 1099 711 eeclesiae
1150 644 1233 710 liere
1254 665 1388 711 movere
1410 644 1647 726 quaestionem,
1676 644 1705 709 si
1726 642 1836 715 ullum
1856 646 1924 709 tale
1944 645 2139 728 exemplum

115 730 330 815 scriptoribus
353 737 537 796 senserunt.
582 729 697 813 Atqui,
720 730 819 794 simul
842 738 957 795 notare
980 751 1098 813 operae
1151 738 1232 797 tuno
1254 730 1444 796 exstitisset.
1479 728 1592 810 Quum
1615 729 1657 795 de
1678 729 1758 795 solis
1776 731 1858 797 viris
1875 730 2015 810 dubitat,
2039 751 2140 797 nemo

114 820 259 903 pretium
281 826 341 893 est,
364 826 524 900 quatenus
542 836 621 881 suae
643 817 827 881 sententiae
846 816 965 882 deferri
987 816 1098 882 volue—
1151 826 1240 883 certe
1252 837 1320 881 non
1331 815 1430 895 videt,
1443 814 1528 880 nihil
1536 813 1778 882 demulieribus
1788 818 1919 883 venisse
1930 819 1967 881 in
1978 824 2138 893 mentem,

115 906 193 970 rint.
237 903 278 968 Id
300 902 509 987 Augustinus
535 902 640 984 Epist.
664 901 832 967 XXVIII.
862 902 903 967 ad
931 903 1098 987 Hierony·
1151 904 1229 985 quia
1250 925 1303 968 res
1324 910 1396 966 erat
1417 922 1552 985 prorsus
1574 901 1733 967 inaudita.
1769 901 1890 969 Adhuc
1903 903 1940 969 in
1951 904 2033 970 viris
2055 903 2139 986 ipsis

115 1012 208 1056 mum
234 991 348 1074 paucis
376 988 485 1053 verbis
514 986 656 1054 dilucide
686 987 838 1070 explicat.
883 988 1010 1054 Contra
1031 988 1099 1074 (iy-
1151 987 1272 1054 dubius
1292 989 1450 1066 haesitet,
1480 1009 1541 1052 nee
1562 1007 1617 1053 eos
1645 1008 1781 1069 prorsus
1807 1010 1964 1055 excusare
1992 989 2140 1055 audeta

114 1077 222 1161 priani
244 1076 448 1159 opinionem,
477 1074 599 1157 inquit,
629 1074 685 1157 qui
706 1075 789 1139 forte
817 1096 883 1139 non
906 1074 990 1139 vidit
1012 1073 1098 1157 quod
1151 1075 1273 1140 veniali
1296 1083 1437 1157 peceato.
1484 1071 1551 1137 Sed
1575 1092 1706 1138 omnem
1729 1072 1965 1141 dubitationem
1988 1077 2139 1159 apertius

116 1161 294 1229 videndum
316 1168 397 1239 erat,
419 1160 540 1226 sentiat
561 1160 697 1243 quisque
719 1160 805 1243 quod
823 1161 919 1225 volet
953 1162 1099 1225 Tantum
1151 1160 1238 1224 tollit
1266 1159 1540 1244 carthaginensis
1566 1160 1694 1224 concilii
1720 1159 1903 1241 decretum,
1917 1164 1943 1244 ¹)
1978 1161 2036 1227 ubi
2064 1162 2139 1227 sine

115 1256 230 1315 contra
249 1247 552 1312 manifestissimam
582 1246 720 1329 apostoli
748 1246 846 1311 fidem
874 1267 940 1311 non
968 1247 1097 1326 sentiat,
1151 1247 1343 1330 exceptione
1360 1245 1577 1328 prohibentur
1598 1246 1753 1311 mulieres
1776 1268 1796 1311 a
1817 1247 1972 1331 baptismi
1984 1248 2139 1314 ministe-

114 1335 171 1419 qui
200 1333 281 1399 dicit
308 1353 422 1398 omnes
451 1333 487 1397 in
514 1332 823 1397 condemnationem
850 1332 954 1398 nasci:
983 1344 1098 1399 contra
1150 1333 1208 1397 rio.
1255 1331 1368 1413 Quare
1395 1353 1436 1397 ne
1458 1331 1600 1414 amplius
1629 1331 1718 1397 dicat
1744 1340 1822 1417 typo
1864 1331 1969 1417 aphus
1990 1355 2045 1398 me
2067 1342 2139 1399 toto

114 1419 272 1487 ecclesiae
300 1418 567 1484 fundatissimum
599 1438 726 1482 morem
750 1440 815 1483 non
845 1421 983 1497 sentiat,
1014 1438 1098 1501 quae
1150 1439 1262 1484 errare
1289 1418 1393 1495 coelo,
1427 1419 1519 1484 66166
1554 1416 1672 1499 pedem
1706 1418 1743 1482 in
1774 1427 1827 1485 sta
1849 1419 1884 1483 ili
1910 1419 2035 1484 fultura
2066 1427 2138 1485 tam

113 1516 249 1590 propter
286 1506 415 1569 animae
453 1504 636 1586 periculum
672 1504 714 1569 ad
746 1504 945 1587 baptismum
984 1506 1096 1571 currit.
1151 1503 1234 1569 bene
1262 1506 1367 1568 fixum
1393 1525 1464 1569 esse
1494 1503 1591 1567 videt.
1636 1504 1710 1569 Hac
1738 1505 1865 1570 ratione
1891 1505 2137 1571 Tertullianus:

113 1593 188 1677 ago
205 1612 285 1657 vero
306 1610 421 1656 omues
441 1592 476 1654 in
488 1587 595 1655 Adam
619 1591 701 1655 mori
724 1591 835 1665 fateor,
858 1613 920 1657 nee
941 1591 1098 1675 parvulos
1151 1591 1226 1655 Non
1255 1590 1457 1673 permittitur
1484 1590 1630 1667 mulieri,
1661 1590 1785 1672 inquit,
1812 1592 1848 1655 in
1870 1592 2007 1657 ecclesia
2028 1592 2137 1675 loqui:

113 1680 227 1743 minus
253 1696 352 1759 qnam
381 1675 510 1741 adultos
537 1698 618 1759 opus
645 1675 767 1741 habere
794 1675 919 1742 01661611
947 1677 1098 1759 redemp·
1150 1674 1209 1742 sed
1230 1697 1291 1741 neo
1313 1676 1444 1755 docere,
1473 1697 1534 1741 neo
1556 1676 1699 1759 tingere,
1728 1697 1789 1743 neo
1811 1677 1945 1741 offerre:
1969 1678 2139 1744 66611166

114 1765 212 1829 tione.
256 1763 327 1829 Noc
349 1770 517 1845 receptum
539 1783 665 1827 morem
693 1762 849 1828 ccclesiae
870 1763 1033 1847 improbo,
1060 1770 1099 1827 61
1150 1762 1271 1839 virilis,
1300 1761 1422 1827 nedum
1443 1761 1655 1828 sacerdotalis
1677 1761 1775 1827 officii
1798 1771 1920 1828 sortem
1941 1763 2004 1828 sibi
2026 1764 2137 1829 vindi-

115 1849 158 1915 ad
179 1849 379 1933 baptismum
402 1856 522 1913 currat.
567 1849 712 1912 Tantum
733 1850 821 1914 ineo
844 1849 914 1914 falli
936 1849 1098 1934 Augusti·
1150 1856 1211 1914 eet.
1257 1847 1324 1929 Qui
1346 1848 1436 1913 locus
1458 1848 1614 1913 mendose
1637 1848 1770 1930 quidem
1792 1849 1968 1932 legitur,²l
1996 1848 2055 1915 sed
2079 1871 2137 1916 ne-

114 1958 196 2000 num
219 1935 299 2013 dico,
322 1934 408 2018 quod
429 1935 611 2018 perieulum
626 1940 774 2001 stetuens
785 1956 877 2017 spem
897 1936 984 2002 vitae
1003 1956 1098 2017 prac-
1149 1936 1232 1998 mini
1254 1934 1463 2000 mediocriter
1483 1932 1611 1998 erudito
1639 1932 1775 1999 dubium
1797 1937 1873 2013 erit,
1901 1936 1982 2017 quin
2000 1941 2062 2013 [fol.
2084 1942 2136 2015 19]

114 2021 195 2088 cidit
207 2020 398 2098 infantibus,
421 2042 503 2103 quos
516 2018 681 2086 Dominus
703 2042 779 2087 suos
797 2043 868 2087 esse
891 2021 1096 2104 pronunciat,
1150 2021 1232 2085 haec
1259 2020 1453 2085 Tertulliani
1488 2021 1533 2087 sit
1565 2021 1738 2085 sententia.
1784 2022 1853 2087 Neo
1882 2042 1961 2086 vero
1988 2032 2139 2105 praeter·

115 2117 149 2171 et
176 2107 295 2190 quibus
323 2107 504 2190 baptismus
531 2126 599 2171 non
625 2114 841 2189 competeret,
875 2108 939 2173 nisi
967 2109 1034 2171 iam
1062 2108 1097 2170 in
1122 2124 1125 2205 q
1150 2105 1297 2171 eundum
1318 2116 1377 2185 est,
1400 2105 1486 2188 quod
1508 2106 1596 2188 apud
1619 2106 1844 2188 Epiphaniam
1870 2106 2025 2173 habetur:
2056 2128 2139 2173 nam

116 2193 272 2259 ecelesiae
294 2197 428 2272 [16117]
450 2193 649 2271 societatem,
671 2191 1097 2275 Deipromissiono,voea·
1149 2192 1233 2257 libro
1271 2203 1387 2258 contra
1425 2191 1577 2257 haereses
1609 2193 1717 2274 primo
1749 2193 1912 2258 Marcioni
1948 2193 2138 2276 exprobrat,

116 2285 241 2344 rentur.
274 2277 369 2358 Quae
390 2279 502 2361 igitur,
526 2277 613 2344 dicet
624 2279 796 2361 quispiam,
819 2278 973 2344 currendi
990 2277 1096 2343 ratio?
1150 2277 1236 2361 quod
1274 2278 1466 2343 mulieribus
1500 2277 1556 2342 det
1594 2277 1782 2361 baptizandi
1812 2278 1994 2344 licentiam:
2036 2279 2139 2363 idque

116 2364 243 2448 Nempe
256 2364 338 2429 haec
359 2362 565 2447 opinorsatis
582 2364 740 2447 legitima,
763 2376 921 2447 utquam
934 2364 1098 2430 Dominus
1150 2365 1237 2429 inter
1259 2364 1401 2430 ludibria
1422 2374 1578 2428 numerat
1598 2365 1716 2446 quibus
1737 2365 1868 2447 6166666
1889 2365 1990 2430 fuisse
2013 2374 2139 2431 sectam

117 2450 256 2516 salutem
279 2450 379 2515 verbo
402 2470 461 2514 suo
483 2451 659 2533 promittit,
688 2451 722 2515 in
746 2471 880 2534 corpore
908 2451 968 2516 filii
990 2452 1098 2534 obsig-
1152 2450 1239 2516 dicit.
1284 2450 1387 2515 Libro
1409 2462 1519 2514 autom
1541 2450 1684 2514 seeundo
1707 2451 1747 2516 de
1769 2451 1960 2535 Phrygibus
1987 2459 2023 2515 et
2043 2452 2139 2518 Pris-

115 2544 230 2601 natam
258 2544 292 2600 et
320 2537 412 2618 quasi
439 2536 635 2619 insculptam
664 2544 779 2602 cernat
806 2557 942 2620 parens:
972 2548 1011 2602 61
1038 2538 1099 2602 filii
1151 2536 1292 2603 cillianis
1313 2536 1460 2619 loquens,
1483 2533 1599 2599 irridet
1616 2557 1730 2601 eornm
1753 2538 1941 2616 amentiam,
1965 2536 2139 2621 quodmu·

117 2621 322 2688 ablutionem
343 2623 378 2686 in
401 2621 536 2688 Christo
558 2642 728 2705 quaerens,
751 2644 786 2688 se
807 2624 902 2688 morti
922 2622 1099 2688 obnoxium
1151 2623 1248 2688 lieres
1271 2624 1394 2687 iaciant
1415 2622 1593 2704 episcopos,
1617 2624 1694 2705 quia
1715 2624 1749 2687 in
1765 2622 1898 2688 Christo
1911 2646 1979 2688 non
2002 2623 2047 2689 sit
2064 2645 2139 2689 mas

117 2729 194 2774 cum
216 2715 285 2772 toto
308 2729 367 2773 sno
389 2709 514 2774 semino
536 2710 742 2791 profiteatur:
766 2731 807 2774 ne
825 2718 993 2787 tesseram,
1017 2730 1099 2793 quac
1152 2719 1210 2772 aut
1230 2709 1383 2774 foemina.
1427 2709 1542 2790 Neque
1570 2728 1649 2772 vero
1677 2730 1730 2773 666
1758 2710 1854 2787 16161,
1882 2709 1959 2792 quid
1988 2709 2139 2776 dicturus

117 2793 360 2860 confirmandae
381 2794 458 2859 fidei
480 2794 635 2871 (1616661,
658 2794 997 2880 videaturncgligcrc.
1031 2794 1100 2860 De·
1153 2794 1197 2859 sit
1222 2816 1350 2874 censor,
1378 2794 1520 2858 multum
1549 2794 1673 2859 scilicet
1693 2797 1780 2859 inter
1802 2815 2011 2859 communem
2039 2817 2139 2861 usum

116 2880 225 2963 nique,
247 2888 287 2944 ut
309 2879 574 2946 Christianorum
595 2881 725 2964 insigne
747 2881 835 2946 filius
858 2883 892 2946 in
914 2882 1099 2964 sepulcrum
1124 2786 1128 2967 1
1151 2882 1321 2959 interesse,
1338 2890 1372 2944 61
1393 2879 1691 2945 extraordinarium
1712 2882 1892 2946 remedium
1915 2904 2016 2964 quum
2040 2892 2141 2967 urget

117 2967 210 3031 ferat.
244 2966 309 3031 Illa
330 2976 440 3031 autem
458 2966 595 3050 periculi
617 2966 736 3050 opinio,
759 2969 836 3050 quia
854 2968 1020 3050 privatum
1039 2968 1101 3032 fuit
1126 2972 1129 3005 '
1152 2966 1271 3031 ultima
1302 2967 1489 3032 necessitas.
1533 2964 1601 3031 Sed
1629 2988 1731 3049 quum
1759 2967 1850 3031 nulla
1879 2968 1919 3032 ab
1946 2968 2139 3052 Epiphanio

116 3059 348 3130 commentum,
371 3072 485 3119 secure
495 3051 662 3136 repudiari
676 3060 797 3136 potest:
819 3054 897 3136 quia
918 3054 1101 3119 manifestis
1153 3054 1330 3119 necessitas
1342 3062 1479 3135 excepta
1502 3052 1554 3129 sit,
1578 3052 1633 3116 ubi
1646 3052 1826 3118 ludibrium
1836 3074 1908 3119 esse
1926 3056 2139 3136 pronunciat,

117 3138 301 3222 scripturae
324 3140 536 3218 testimoniis,
565 3160 648 3222 quae
670 3139 763 3222 prius
790 3139 905 3217 citavi,
937 3141 1102 3205 contraria
1154 3139 1233 3203 dare
1253 3138 1406 3205 foeminis
1427 3138 1612 3221 baptizandi
1634 3138 1815 3218 licentiam,
1841 3140 1942 3222 probe
1964 3140 2047 3204 mihi
2072 3140 2140 3206 col-

117 3232 176 3304 661,
198 3224 358 3290 facessere
379 3223 476 3290 debet
497 3246 515 3289 6
537 3223 655 3291 medio.
690 3224 788 3306 Quod
805 3226 833 3290 si
856 3227 908 3292 661
920 3225 1102 3311 Augustini
1152 3226 1256 3309 ligero
1277 3225 1406 3303 videor,
1434 3223 1656 3306 corruptelam
1676 3224 1763 3290 16666
1784 3226 1832 3289 116
1854 3224 1895 3289 61)
1916 3247 1954 3290 eo
1976 3225 2141 3307 damnari,

118 3310 315 3375 senteutiam
354 3311 571 3393 pervicaciter
607 3312 692 3376 tueri
730 3311 852 3394 616661,
892 3333 1006 3377 omnes
1038 3312 1102 3376 sibi
1153 3318 1192 3375 ut
1212 3310 1302 3376 nullo
1328 3318 1502 3394 praetextu
1529 3311 1573 3374 611
1595 3311 1801 3376 excusabilis.
1846 3311 1899 3375 Ita
1920 3311 2005 3376 libro
2028 3314 2139 3391 tertio,

118 3395 322 3459 damnandos
343 3398 544 3475 meminerit,
574 3396 692 3480 quibus
715 3419 782 3462 non
810 3398 941 3464 licuerit
967 3418 1027 3482 por
1048 3418 1102 3462 ae·
1126 3404 1129 3417 '
1154 3419 1254 3480 quum
1277 3398 1340 3462 hoc
1373 3419 1415 3462 ne
1438 3405 1570 3461 sanotae
1603 3396 1734 3479 quidem
1757 3395 1883 3461 Christi
1908 3399 2006 3462 matri
2036 3398 2140 3465 fuisse

118 3488 222 3545 tatem
243 3482 316 3545 fieri
338 3502 458 3547 coenae
471 3482 594 3547 domini
618 3484 806 3566 participes:
831 3505 908 3549 nam
927 3485 963 3548 in
986 3484 1101 3549 eodem
1154 3484 1351 3566 permissum
1385 3481 1494 3560 docet,
1529 3504 1590 3548 nec
1623 3483 1726 3546 ullam
1760 3484 2000 3548 restrictionem
2034 3484 2139 3563 addit,

118 3574 297 3648 utrumque
319 3568 432 3632 ordine
454 3569 553 3634 locat:
577 3576 616 3633 ut
644 3591 712 3633 non
733 3570 845 3635 minus
866 3570 1004 3653 periisse
1026 3591 1101 3635 666·
1154 3570 1229 3651 6616
1251 3590 1319 3634 666
1340 3569 1431 3635 videt
1442 3568 1638 3634 muliebrem
1655 3567 1854 3651 baptismum
1878 3571 2080 3654 generaliter
2098 3570 2140 3636 ab

119 3659 205 3728 seat,
245 3652 301 3734 qui
333 3674 452 3718 coenae
490 3654 671 3718 dominicae
702 3656 952 3737 participatione
984 3656 1100 3732 caruit,
1153 3656 1224 3738 ipso
1253 3654 1456 3737 improbari?
1503 3654 1654 3738 Denique
1686 3676 1815 3719 summa
1842 3655 2048 3738 impudentia
2079 3667 2141 3735 est,

119 3758 218 3821 quam
244 3737 301 3820 qui
328 3738 528 3821 baptismum
551 3762 616 3804 non
639 3740 772 3822 6666611,
795 3740 879 3805 libro
902 3743 954 3806 De
975 3743 1102 3805 meritis
1153 3742 1329 3805 vetustatis
1350 3741 1569 3824 patrocinium
1587 3740 1641 3806 hic
1664 3741 1856 3806 obtendere:
1880 3743 2009 3824 quando
2024 3752 2141 3825 aperte

119 3832 154 3889 61
166 3823 362 3890 remissione
373 3834 581 3907 peccatorum
607 3830 815 3908 16662461
837 3826 1101 3892 adBonifacium
1154 3835 1284 3892 constat»
1315 3828 1446 3890 nonnisi
1479 3848 1553 3891 cnm
1594 3827 1733 3891 barbara
1766 3828 1866 3891 totius
1898 3828 2142 3893 christianismi

117 3912 223 3993 Epist.
255 3914 323 3974 106.
1127 3950 1130 4013 t
1155 3912 1346 3977 confusione
1368 3912 1542 3976 inolevisse
1561 3913 1649 3977 hunc
1671 3913 1819 3976 abusum.

205 3996 320 4080 Neque
342 4006 454 4061 tamen
476 3996 553 4063 dicit
576 3997 794 4080 Augustinus,
817 3998 991 4063 adductam
1015 3998 1101 4063 eius-
1127 4024 1130 4091 q
1241 3997 1372 4062 (litatur
1394 4019 1435 4063 cr
1456 3997 1594 4062 adverso
1610 3997 1781 4080 Sephorao
1804 3998 1991 4081 exemplum
2016 4001 2140 4081 (Exod.

118 4082 206 4147 modi
230 4083 374 4165 periculo
397 4083 567 4149 ecclesiam
589 4083 705 4159 fuisse,
733 4094 771 4148 ut
792 4084 979 4166 baptizandi
1001 4084 1101 4149 11666·
1127 4094 1130 4135 ¹
1154 4090 1186 4161 4,
1213 4083 1283 4165 25):
1318 4084 1355 4147 16
1382 4105 1445 4166 666
1474 4084 1625 4148 nonnulli
1654 4084 1727 4167 6166
1757 4087 1840 4148 16616
1868 4086 1928 4150 sibi
1956 4086 2144 4167 placentes,

118 4169 200 4234 tiam
222 4169 417 4234 mulieribus
430 4171 651 4251 permitteret:
675 4190 752 4234 nam
775 4171 811 4233 16
833 4182 980 4236 extremo
1003 4171 1102 4234 otiam
1127 4138 1130 4257 1
1154 4168 1300 4253 edicatur
1322 4191 1414 4236 suam
1437 4170 1588 4252 produnt.
1634 4171 1800 4247 Primum,
1834 4172 1884 4235 vel
1915 4172 1995 4254 ipsis
2024 4194 2143 4240 conce-

118 4256 264 4337 perioulo
288 4255 329 4320 ad
350 4255 511 4338 templum
531 4275 706 4339 properare
729 4255 840 4321 solitos
862 4256 951 4332 dicit,
983 4268 1021 4320 ut
1042 4278 1102 4339 pn-
1127 4278 1130 4293 ·
1156 4255 1323 4334 dentibus,
1357 4258 1614 4322 circumcisionis
1642 4264 1676 4321 61
1702 4257 1857 4338 baptismi
1890 4256 2060 4324 dissimilis
2090 4270 2143 4325 est

117 4339 204 4405 blico
217 4342 402 4407 ministerio
420 4350 600 4407 uterentur.
636 4340 733 4407 Unde
755 4344 911 4425 sequitur,
935 4343 1026 4407 nullo
1050 4364 1103 4408 eo·
1128 4356 1130 4415 1
1156 4342 1249 4406 ratio.
1295 4342 1410 4425 Neque
1438 4342 1525 4406 onim
1555 4347 1614 4419 [fol.
1635 4348 1688 4419 20]
1718 4349 1811 4407 votus
1839 4342 1923 4407 illud
1951 4345 2144 4427 symbolum

118 4424 237 4490 6166166
259 4448 320 4491 usu
349 4440 407 4492 661
436 4450 525 4493 more
554 4428 654 4493 fuisse
676 4440 860 4511 receptum,
889 4438 926 4493 61
947 4430 1103 4512 privatim
1156 4430 1203 4492 116
1235 4429 1382 4494 absolute
1417 4430 1637 4493 necessarium
1671 4429 1771 4493 fuisso
1809 4429 1954 4494 tradunt.
2010 4433 2144 4500 Deinde

119 4509 183 4575 sibi
204 4512 367 4594 quispiam
390 4536 511 4579 munus
534 4516 703 4597 arriperet
750 4520 808 4592 [fol.
831 4520 882 4593 18]
907 4516 997 4580 Alibi
1021 4536 1103 4597 quo·
1129 4512 1131 4581 ζ
1156 4513 1244 4597 quod
1266 4514 1414 4597 placatus
1437 4516 1498 4579 fuit
1521 4515 1656 4578 Domini
1686 4514 1836 4598 angelus,
1866 4515 1944 4580 inde
1966 4538 2145 4601 perperam

119 4616 183 4680 que
211 4596 289 4661 dicit
314 4610 436 4666 matres
463 4603 498 4665 16
525 4601 688 4684 templum
718 4620 864 4679 6666666,
895 4610 933 4665 61
959 4602 1103 4666 filiorum
1129 4601 1366 4683 Ι661116161166,
1391 4600 1562 4683 probatum
1576 4600 1648 4665 Deo
1671 4601 1771 4666 fuisse
1792 4601 1877 4683 quod
1896 4603 1963 4685 egit
1980 4602 2144 4687 Sephora.

119 4681 219 4747 saluti
241 4685 424 4750 consulant.
469 4687 642 4771 Nusquam
664 4707 718 4751 eas
741 4686 828 4766 dicit,
850 4708 950 4752 manu
973 4709 1033 4752 666
1051 4710 1103 4751 rc·
1158 4686 1288 4768 Alioqui
1312 4686 1457 4751 dicemus
1503 4687 1641 4751 lacuissc
1658 4687 1704 4751 illi
1720 4687 1854 4763 cultum,
1877 4693 2145 4773 quemperfunc·

119 4765 266 4867 medium
277 4769 443 4835 adhibere.
456 4773 509 4837 Ex
521 4794 558 4837 eo
570 4775 671 4838 etiam
682 4773 767 4856 quod
780 4773 880 4837 tradit
891 4773 945 4840 lib.
960 4777 977 4835 2
991 4782 1105 4839 eontra
1130 4798 1132 4875 q
1157 4772 1241 4836 toric
1259 4772 1457 4836 exhibebant
1479 4710 1649 4837 gamariae
1670 4773 1805 4849 incolae,
1828 4773 1906 4839 11166
1929 4776 1969 4840 ab
1993 4780 2144 4861 Assyriis

121 4853 293 4938 epistolam
305 4856 458 4921 Parmen.
472 4880 540 4940 cap.
558 4864 595 4923 13
608 4860 767 4924 coniicere
779 4860 865 4937 11661,
883 4861 1017 4925 omnino
1031 4882 1103 4923 mu·
1130 4882 1132 4899 =

120 4939 679 5024 1111111111111111111111111111111111111
697 4946 796 5012 fnisse
817 4948 940 5031 11111οὲ11
941 4947 1033 5011 1111111·
1066 4944 1105 5011 Si
1129 4954 1133 5051 1
1229 4927 1530 5061 11011116106111616116
1553 4997 1597 5050 bb.
1622 4996 1655 5049 de
1679 4995 1838 5065 Virginibus
1862 4997 2145 5121 6616616666961

120 5026 360 5127 11111111561111111116
374 5030 777 5132 11101111111111111111111111116
795 5031 1104 5116 111111111111111111111111·
1130 5062 1132 5133 1
1162 5065 1225 5120 elim
1243 5066 1283 5119 sio
1299 5065 1414 5119 babebat
1431 5068 1462 5117 in
1480 5066 1635 5132 impressis:
1653 5107 1658 5117 .
1679 5105 1684 5117 .
1705 5105 1710 5116 .
1731 5108 1737 5120 .
1755 5084 1805 5120 nec
1824 5065 1932 5133 offcme,
1950 5083 2001 5120 nec
2012 5068 2041 5121 ul
2053 5070 2094 5123 166
2106 5070 2144 5121 vi·

120 5119 172 5193 nt,
194 5134 303 5179 nescio
316 5136 359 5179 an
381 5136 557 5197 qulsquam
574 5139 626 5199 ple
643 5118 765 5182 dlxerlt
782 5140 852 5184 osse
873 5117 1104 5200 repetendum:
1129 5152 1133 5181 i
1156 5136 1213 5189 rilis
1231 5136 1355 5197 muneris,
1374 5151 1408 5188 ne
1428 5134 1481 5188 duo
1501 5135 1679 5189 sacerdotalis
1689 5134 1772 5189 oflicii
1783 5144 1887 5191 sortem
1899 5137 1951 5190 sibi
1959 5136 2141 5193 vendicarent.
