4620 5894
952 242 1324 313 PROLEGOMENA.
1579 271 1581 287 ¹
1993 248 2162 319 XXXIII

142 431 325 513 mona,
343 431 459 514 quens
479 431 563 500 nint
582 432 723 501 arrideat
743 433 810 500 nisi
828 434 910 518 qnod
932 455 954 500 a
973 433 1064 501 nolis
1080 433 1313 518 proficiscatur,
1336 437 1365 498 et
1384 434 1441 518 qni
1462 454 1519 502 nos
1534 433 1619 502 odiet
1636 435 1925 503 idolomnererdnr.
1959 437 2048 505 Nam
2067 459 2166 523 paam

143 548 176 610 tc
195 563 360 610 mssassc
379 548 493 611 narrat
509 545 708 628 scriptionem
728 544 882 612 adrasus
904 544 1062 627 Gorolrnn,
1084 545 1184 612 nimio
1203 546 1318 630 forsan
1338 549 1508 628 contempto
1529 546 1568 612 de
1594 545 1715 627 Oarolo,
1736 547 1835 613 nimis
1854 568 1925 614 oero
1943 549 2105 634 mapnifice
2125 550 2164 617 ds

145 658 179 722 te
197 654 287 737 locri
308 660 337 721 et
361 656 477 722 sentire
497 656 599 723 videri
616 656 731 738 poterit
751 657 796 722 iis
816 659 873 740 qni
894 657 940 722 lta
961 658 1134 724 transversi
1153 660 1292 742 apnntm
1311 657 1470 740 effectrices
1496 663 1532 724 nt
1551 658 1634 742 ipsis
1660 658 1769 724 ndnns
1789 659 1976 739 placeamus
1995 666 2166 745 nostraene

147 767 267 849 menia,
288 787 387 851 meam
412 766 548 835 Caralim
567 768 662 834 notis
710 766 773 836 see
793 768 850 851 oni
871 774 944 836 snnt
964 769 1132 850 eiusmodi,
1161 789 1222 834 non
1243 774 1317 834 sient
1337 767 1426 835 noots
1447 768 1513 835 alio
1534 768 1596 836 loeo
1615 768 1748 835 latendi
1768 789 1866 852 qnam
1889 767 2031 838 Carolus.
2075 772 2165 840 Haec

146 882 254 945 mm
272 879 361 944 oolni
379 880 523 947 indicare
538 884 574 946 nt
593 879 782 962 expenderes
800 901 878 946 nnm
898 882 997 965 otono
1017 881 1084 946 sint
1104 881 1227 946 minuto
1246 879 1320 945 leaeo
1341 880 1619 947 animadversione.
1666 879 1844 961 Praeterea,
1866 902 1905 947 nc
1926 884 2034 948 omnia
2052 881 2166 951 Carolo

146 991 292 1057 adnuere
311 991 439 1057 invidia
458 997 487 1056 ct
508 992 578 1058 adio
599 989 735 1057 hominis
748 991 900 1072 oideotnr,
922 992 998 1057 dnm
1019 993 1096 1058 adca
1117 992 1274 1058 indoctam
1293 993 1432 1058 omnium
1451 992 1538 1074 faon't,
1561 992 1638 1075 ond
1657 992 1688 1057 si
1708 991 1760 1056 illi
1780 992 1905 1074 aliquid
1924 994 2166 1076 sophisticarum

147 1103 354 1187 aspectione»
374 1106 404 1168 et
424 1103 659 1169 cavillationmn
679 1102 844 1183 literalem,
865 1103 978 1184 qnitns
1000 1104 1144 1169 addictas
1164 1107 1218 1183 est,
1239 1107 1274 1168 nt
1294 1103 1357 1168 sili
1378 1102 1520 1185 alienam
1541 1103 1663 1187 inpenii
1684 1103 1907 1169 eternditionis
1928 1104 2055 1171 landen
2076 1107 2166 1189 apud

148 1213 314 1295 imperitos
337 1218 366 1279 et
385 1214 483 1280 rudes
504 1214 669 1280 literarnm
688 1215 832 1295 vendicet,
851 1216 898 1280 ita
915 1219 951 1280 nt
969 1214 1063 1296 inens
1073 1215 1104 1280 ei
1116 1214 1238 1296 alianis
1249 1214 1456 1297 relinquatur,
1477 1235 1553 1281 ocra
1566 1218 1671 1280 antem
1681 1215 1856 1282 eruditione
1867 1216 2044 1298 spolietur?
2077 1219 2167 1286 Nom

148 1346 210 1390 non
232 1324 452 1408 essesfacile
466 1323 723 1407 persuadebitur,
751 1325 906 1392 hominem
933 1346 1030 1408 nsane
1056 1326 1133 1392 odeo
1162 1326 1318 1391 indoctmn
1341 1345 1415 1407 esse,
1440 1327 1495 1409 qni
1516 1327 1580 1392 siti
1599 1346 1661 1392 sem
1681 1327 1880 1392 ostentatione
1900 1329 1989 1408 apnd
2004 1330 2164 1410 plurimos

149 1435 297 1518 allectam
319 1437 509 1502 mnoditionis
528 1437 652 1520 famam
667 1438 797 1518 peperit.
844 1437 957 1517 Porro,
984 1437 1068 1519 qnod
1088 1437 1132 1503 od
1151 1437 1301 1503 historiae
1322 1437 1480 1503 aelidem
1501 1438 1623 1518 attinet,
1650 1437 1751 1504 miror
1771 1456 1849 1502 sane
1870 1440 2036 1505 noemia
2062 1441 2164 1522 felici·

147 1551 244 1613 tatem
264 1551 294 1614 et
313 1549 543 1614 mmmmm:
563 1568 639 1613 nam
658 1549 772 1615 molins
792 1554 873 1615 tenes
888 1549 1036 1630 plmima
1056 1569 1137 1630 qnae
1158 1549 1199 1614 ot
1226 1548 1364 1614 aliormn
1391 1569 1444 1613 ore
1470 1548 1633 1631 accepisti,
1659 1569 1757 1631 anam
1783 1569 1837 1633 epo
1862 1551 1919 1630 qni
1946 1550 2016 1616 ee‘eli
2036 1556 2164 1636 etpars

148 1658 265 1742 aliosne
284 1658 347 1741 fni.
395 1659 479 1724 Snnt
498 1664 602 1725 tamen
622 1660 778 1741 qnmdam
798 1661 835 1725 in
855 1661 969 1743 andus
989 1665 1100 1739 metno,
1122 1664 1178 1725 ant
1197 1681 1237 1726 ne
1257 1681 1311 1744 epo
1330 1659 1432 1742 fallor
1459 1660 1620 1741 monario,
1641 1665 1699 1725 ont
1719 1680 1758 1725 ne
1772 1679 1896 1740 param
1915 1681 1991 1728 oera
2011 1663 2069 1728 tili
2089 1684 2164 1730 nar·

148 1769 223 1835 ente
243 1771 319 1852 sint,
342 1771 490 1852 monete
511 1791 573 1837 non
594 1772 659 1837 sint
679 1772 788 1856 mopni
808 1771 885 1837 adeo
906 1773 1059 1837 mornenti.
1105 1770 1168 1837 Sed
1187 1771 1243 1838 hoo
1264 1791 1376 1852 nnnrn,
1402 1791 1469 1837 neco
1488 1771 1615 1852 qnidam
1635 1772 1770 1849 indicio,
1798 1771 1963 1855 dilipenter
1983 1775 2164 1858 maedam,

148 1882 258 1948 mot
279 1881 439 1952 meredaeii
459 1880 610 1948 historiae
630 1883 773 1949 narratio
800 1883 953 1967 redarpni
968 1883 1084 1966 possit,
1113 1883 1149 1946 in
1170 1883 1214 1947 iis
1234 1883 1428 1964 praesertim
1455 1901 1588 1964 anorum
1608 1886 1697 1948 testes
1719 1901 1785 1948 esse
1805 1887 1942 1963 possunt
1963 1881 2072 1952 Garoli
2090 1887 2165 1968 fan-

149 1997 240 2073 tores,
259 2012 397 2075 qnorum
417 1991 469 2060 lic
490 1991 656 2060 ctBernoe
676 1993 757 2060 satis
778 2014 913 2078 mopnns
933 1999 978 2060 cst
993 2014 1151 2075 nnnmrnns,
1173 1995 1229 2077 qai
1250 1995 1372 2059 tametsi
1393 2013 1456 2058 non
1477 1996 1584 2074 aperte
1602 1993 1741 2074 foveant,
1762 1995 1817 2059 sed
1838 1993 1992 2061 hominem
2010 1997 2165 2067 damnmc

149 2108 308 2188 oopantur,
329 2105 379 2170 ita
399 2109 503 2170 tamen
525 2104 675 2170 domim
696 2109 732 2170 nt
745 2111 874 2187 portem
894 2106 1036 2172 invidiae
1057 2106 1092 2170 in
1112 2125 1169 2171 nos
1186 2106 1330 2171 deriome
1350 2105 1503 2184 studeant,
1524 2124 1585 2188 qno
1605 2123 1663 2195 nos
1681 2110 1825 2188 manmit,
1852 2105 1945 2171 dlnm
1966 2128 2037 2174 oero
2057 2130 2164 2177 exorno

150 2221 229 2295 met,
250 2215 336 2299 quod
351 2220 479 2300 partem
499 2215 642 2298 alienam
663 2218 854 2301 ipnorniniae
874 2219 979 2300 nesius
999 2217 1042 2282 od
1062 2236 1095 2282 se
1122 2236 1244 2299 qnoque
1270 2215 1374 2282 redire
1395 2216 1537 2281 sentiant.
1582 2215 1687 2298 Atque
1715 2217 1762 2282 ita
1788 2236 1919 2283 cansam
1945 2238 2040 2285 snam
2060 2225 2166 2306 apnnt,

151 2329 290 2394 aimina
312 2325 423 2393 Caroli
443 2332 645 2394 extenuantes
665 2347 703 2394 ac
723 2328 812 2393 nobis
833 2329 957 2411 melpam
978 2349 1094 2413 mopna
1120 2349 1159 2393 ee
1175 2333 1269 2413 parte
1292 2326 1514 2407 adsertiones,
1539 2328 1596 2409 qni
1616 2347 1650 2393 eo
1670 2329 1902 2411 desperationis¹
1917 2328 2073 2397 hominem
2092 2334 2166 2400 ode-

149 2440 300 2523 perimms.
351 2437 392 2505 Ut
413 2443 515 2504 antem
535 2439 694 2524 intellipas
720 2460 801 2521 qnae
825 2440 968 2506 tenelim
994 2441 1099 2525 mopis
1124 2441 1309 2523 expendere,
1338 2439 1448 2505 ordine
1475 2438 1636 2523 attinpam.
1684 2439 1773 2520 Quod
1793 2439 1905 2505 sonos
1932 2441 1970 2506 de
1996 2443 2083 2508 inda
2102 2463 2165 2511 non

147 2551 259 2635 praced
280 2549 369 2617 aiat
388 2571 410 2617 a
430 2570 511 2630 oere,
533 2551 588 2617 sed
608 2551 731 2616 tametsi
751 2551 895 2617 nonnihil
914 2553 1137 2636 terpioersotns
1157 2552 1200 2618 sit
1216 2549 1413 2635 Apollopoli,
1435 2550 1517 2632 qnod
1537 2569 1609 2615 enm
1624 2550 1716 2616 valde
1732 2556 1890 2631 mereret
1906 2551 2076 2618 divortium
2092 2574 2163 2622 cnm

152 2682 259 2742 neore,
280 2664 373 2728 osea
393 2667 439 2727 cst
458 2667 561 2727 tomen
581 2661 663 2727 milti
683 2661 800 2728 bullam
821 2682 999 2745 opnoscere,
1027 2668 1055 2729 et
1075 2664 1181 2729 mnnia
1202 2683 1235 2728 se
1256 2662 1377 2727 consdo
1397 2661 1485 2742 faeta
1504 2661 1615 2743 fnisse,
1636 2661 1781 2742 anamais
1802 2662 1926 2744 aliquid
1944 2663 2005 2730 tale
2026 2665 2166 2734 adiiceret
2303 2689 2305 2693 ·

155 2774 248 2856 prole
268 2792 397 2840 narras.
441 2771 580 2852 Deinde,
607 2774 754 2855 menois
779 2774 912 2839 missam
939 2775 1113 2854 damnarit,
1142 2774 1200 2839 din
1226 2779 1330 2839 tamen
1356 2774 1548 2854 multamque
1568 2772 1790 2856 mrpiomsatns
1814 2779 1873 2854 est,
1902 2795 1963 2857 qno
1983 2777 2013 2842 ei
2033 2779 2167 2860 speeiem

153 2886 300 2967 aliquam
321 2885 418 2963 daret,
441 2903 501 2966 qno
522 2884 613 2950 oalde
633 2884 864 2966 offendebantur
887 2884 1153 2970 Apatlopolitani.
1192 2884 1360 2951 Praeterea
1381 2883 1517 2963 Rornae,
1540 2903 1637 2964 qnnm
1658 2883 1694 2948 in
1715 2885 1897 2951 consistorio
1919 2891 1989 2952 aeta
2008 2893 2053 2956 est
2067 2909 2167 2958 cansa

154 2996 193 3062 de
205 2995 357 3077 prmrlrns
376 2994 549 3078 fundendis
568 3016 632 3077 pro
652 3000 845 3062 mortnornm
865 2999 1103 3077 resmrectione,
1134 3018 1196 3063 non
1223 2997 1351 3062 memini
1372 2997 1556 3062 damnatam
1575 2994 1678 3074 fnisse
1699 2995 1743 3060 od
1761 2996 1981 3078 palinodiam,
2009 3005 2037 3065 et
2062 3006 2166 3069 nostra

155 3111 267 3191 ropatn
288 3108 465 3187 remissam,
482 3106 538 3172 sod
556 3107 748 3189 imperatam
768 3112 890 3172 tontnm
910 3109 940 3173 ei
959 3108 1122 3190 inissent
1138 3114 1248 3190 posteo
1269 3108 1393 3174 silentio
1415 3107 1590 3172 doctrinam
1609 3105 1700 3171 illam
1715 3111 2050 3197 perpetnoprcmcret,
2078 3112 2167 3179 nolis

155 3238 233 3299 aero,
255 3239 296 3284 ne
317 3218 356 3283 de
376 3218 508 3284 victorio
527 3201 750 3302 ploriaremnr,
767 3239 806 3284 ne
827 3221 906 3302 qnid
926 3220 1089 3286 tmbarnm
1110 3221 1254 3302 deinceps
1275 3221 1471 3286 excitaretur.
1518 3216 1557 3282 Si
1576 3222 1678 3282 tomen
1700 3217 1747 3283 ita
1767 3223 1848 3283 certa
1868 3217 1977 3284 latmi
1997 3223 2091 3304 nosti,
2118 3243 2166 3291 se-

156 3350 249 3413 quere
275 3335 364 3394 lnam
390 3330 587 3394 sententian:
613 3329 694 3395 milii
720 3333 874 3398 memoria
901 3331 1026 3413 reliano
1051 3331 1249 3410 exciderant,
1270 3337 1400 3413 praeter
1425 3329 1499 3395 loeo
1520 3349 1602 3410 qnae
1622 3347 1834 3409 commemoro,
1861 3349 1994 3411 mmmm
2014 3336 2042 3397 te
2060 3331 2168 3400 luderes

157 3442 223 3508 ideo
248 3458 357 3506 moneo
384 3441 467 3522 qnod
492 3442 711 3506 consistorium
732 3443 769 3507 in
790 3443 1000 3508 testimoninm
1020 3462 1124 3520 occos,
1154 3443 1237 3525 qnod
1258 3445 1326 3508 eins
1347 3442 1457 3507 loncri
1471 3460 1603 3522 parcere
1623 3439 1728 3504 oolnit.
1773 3439 1829 3506 Ad
1850 3439 1925 3507 leaeo
1950 3442 1986 3507 in
2004 3445 2168 3527 peneoensi

156 3553 372 3638 disputatione
392 3554 439 3618 ito
460 3553 579 3618 missae
601 3571 748 3618 canonem
769 3554 839 3619 sais
865 3554 1170 3636 interpretationibus
1191 3555 1345 3634 tnelotnr,
1374 3559 1409 3619 nt
1436 3559 1465 3618 et
1485 3552 1670 3634 papisrnmn
1697 3554 1853 3629 mosterot,
1880 3557 1910 3616 et
1936 3552 1981 3618 ad
2006 3557 2167 3622 veritatem

155 3668 255 3730 moras
276 3685 341 3729 non
358 3664 517 3730 oacedmet.
555 3661 759 3730 Contendebat
778 3670 882 3730 tamen
902 3670 1016 3730 oetercs
1036 3667 1083 3732 sic
1099 3665 1293 3731 ieetcllenisse.
1328 3663 1723 3730 Transmbstontiationem
1741 3663 1881 3745 amabat,
1908 3668 1937 3728 et
1961 3665 2167 3750 sacrificinm,

155 3776 207 3843 scd
226 3775 496 3859 interpretatatur
515 3775 712 3856 sacrificinm
734 3778 917 3842 memoriam
937 3776 1105 3858 sacrificii,
1132 3798 1167 3844 eo
1192 3783 1290 3859 tropo,
1317 3777 1490 3859 inquietat,
1518 3795 1578 3857 qno
1599 3793 1655 3838 nos
1675 3773 1735 3839 illo
1759 3771 1879 3839 Olristi
1906 3773 2017 3843 verba:
2043 3776 2097 3843 loc
2123 3782 2168 3845 est

155 3906 265 3971 corpses
291 3906 407 3952 meum.
458 3886 533 3953 Utnt
553 3892 657 3953 tamen
677 3906 729 3952 res
745 3887 896 3968 haband,
919 3890 965 3954 ita
985 3888 1167 3970 disputabat
1187 3888 1345 3955 coensem
1372 3892 1409 3952 nt
1428 3887 1520 3953 nodet
1540 3887 1639 3951 lastis
1662 3884 1769 3950 lictori
1796 3887 1952 3969 veritatis;
1980 3889 2035 3953 sed
2061 3895 2166 3956 tomm

155 4018 261 4065 nereos
289 4018 396 4063 omnes
416 3998 590 4064 intendebat
609 4005 644 4065 nt
665 4000 799 4065 vinceret
821 4018 859 4064 ac
887 4020 944 4066 ora
970 4001 1058 4065 nobis
1085 4000 1268 4080 obstrueret,
1294 4020 1355 4082 qno
1380 3999 1517 4084 ploriari
1539 4000 1644 4083 posset
1670 3996 1708 4060 de
1735 3997 1877 4062 ciderio.
1924 3998 2012 4064 Nam
2038 4020 2071 4065 eo
2098 4005 2168 4066 crat

156 4111 274 4196 inperio
296 4115 334 4176 nt
352 4110 472 4194 ploriae
491 4109 558 4176 Dei
578 4114 607 4174 et
627 4110 696 4176 eins
722 4111 849 4176 veritati
870 4111 1040 4176 detroetnm
1061 4116 1184 4193 cuperet
1203 4117 1238 4176 nt
1258 4132 1335 4177 snae
1352 4111 1473 4195 pieriae
1495 4108 1655 4174 accederet.
1699 4106 1787 4173 Haec
1808 4113 1880 4172 sunt
1901 4129 1981 4190 qnae
2001 4109 2165 4179 sortiendo

156 4220 261 4304 laem,
289 4222 437 4306 anamais
462 4221 597 4306 indipna
618 4219 732 4303 andus
752 4220 890 4305 dependis
910 4224 1074 4303 comperis.
1122 4222 1160 4288 Si
1181 4223 1263 4288 nilil
1283 4228 1328 4288 est
1349 4221 1431 4305 qood
1457 4225 1486 4285 te
1507 4223 1638 4297 mooeat,
1667 4222 1821 4283 contemne
1842 4224 1921 4298 tnto,
1950 4221 2006 4286 sed
2032 4222 2101 4288 aide
2124 4243 2164 4292 nc

156 4332 285 4401 desistas
307 4356 330 4399 a
350 4336 452 4414 coepto
471 4352 569 4414 opere.
616 4332 769 4414 thmois
787 4334 871 4398 enirn
888 4335 952 4400 scio
973 4339 1001 4398 te
1021 4334 1199 4399 melioribus
1220 4335 1337 4401 studiis
1357 4334 1461 4416 mopis
1482 4331 1636 4409 delectori,
1657 4349 1747 4411 spero
1763 4334 1865 4394 ionem
1886 4334 1914 4394 te
1934 4350 1997 4395 non
2011 4352 2164 4412 prorsam

156 4444 297 4513 lasarum
323 4463 450 4528 operam
476 4445 512 4508 in
538 4443 717 4526 refellendis
744 4445 840 4509 istius
867 4445 958 4510 conis
983 4444 1150 4510 latratibus
1177 4495 1342 4510 ......
1369 4443 1430 4508 Sed
1455 4443 1533 4523 qnid
1558 4439 1759 4523 frustratis
1786 4442 1879 4523 napis
1906 4445 1934 4506 te
1958 4462 2097 4510 remoror
2122 4444 2162 4512 ab

157 4556 318 4623 mendo?
362 4554 421 4621 Do
441 4575 569 4637 operam
589 4559 626 4620 nt
644 4574 719 4621 neon
739 4555 782 4622 ad
803 4555 984 4622 nmlilienm
1000 4557 1166 4638 perducas.
1211 4555 1304 4621 Mitto
1326 4557 1369 4622 od
1389 4561 1418 4621 te
1440 4553 1599 4634 exemplar
1620 4552 1785 4617 literarum
1805 4552 1919 4634 padus
1939 4553 2021 4619 mili
2041 4576 2063 4619 a
2079 4555 2161 4622 Ber·

157 4670 275 4735 notitiis
295 4666 525 4734 commendatos
545 4672 605 4747 est,
634 4671 669 4732 nt
688 4667 806 4732 certine
826 4688 864 4732 ec
884 4669 999 4751 scripto
1019 4667 1184 4734 adscribas
1205 4669 1286 4750 qnod
1306 4668 1410 4732 oisnm
1429 4668 1532 4750 inerit.

305 4779 505 4846 Aaouratius
526 4778 610 4845 haeo
631 4779 742 4844 omnin
761 4799 804 4843 ex
828 4777 958 4846 schedis
981 4779 1104 4844 nostris
1125 4779 1331 4863 decerpimus
1354 4787 1391 4844 ut
1412 4779 1495 4844 citra
1521 4797 1618 4842 omne
1641 4773 1777 4838 dubium
1798 4773 1936 4841 lectores
1958 4775 2160 4860 perspicient

160 4887 317 4970 limium,
340 4889 480 4957 calvino
500 4911 568 4956 non
589 4896 720 4975 partem
747 4896 878 4956 tantum
899 4910 1018 4974 operae
1040 4891 1194 4956 tribuisse
1220 4890 1256 4955 in
1279 4888 1448 4957 condendo
1468 4891 1530 4954 hoo
1557 4893 1669 4952 nostro
1695 4884 1820 4965 libello,
1848 4884 1945 4970 idque
1974 4887 2158 4970 suspicione

162 5000 264 5086 dique
282 5004 369 5068 forte
389 5007 592 5086 permotum,
620 5000 679 5067 sed
699 5001 810 5085 ipsum
830 5022 947 5068 verum
969 5009 1003 5066 et
1024 5001 1131 5068 solum
1153 5003 1222 5068 eius
1243 5010 1391 5068 sutorem
1419 5007 1453 5066 et
1474 4998 1648 5084 agnovisse
1669 5005 1704 5063 et
1724 4997 1894 5063 salutasse.
1937 4998 1990 5063 De
2011 4997 2159 5067 Gallesio

165 5111 386 5180 collaboratore
407 5134 450 5179 ne
469 5113 600 5198 oblique
621 5111 754 5197 quidem
775 5111 928 5191 loquitur.
961 5112 1048 5180 Rem
1069 5135 1200 5180 omnem
1221 5115 1355 5180 conficit
1375 5111 1463 5196 quod
1484 5109 1644 5177 Calvinus
1665 5107 1695 5174 d.
1719 5113 1747 5174 3.
1771 5108 1917 5192 Augusti
1937 5107 2161 5177 desrellum

260 5239 372 5297 Oalaiai
384 5257 477 5312 opera
517 5241 573 5299 Vol
597 5240 664 5297 711.
1928 5234 1953 5292 Ε
