4620 5894
146 218 209 280 aaa
815 212 940 280 sora
962 206 1487 277 avuonrramuurmiu
2095 216 2173 294 aar,

144 404 216 482 isti,
245 401 287 467 dc
315 400 433 485 quibus
455 400 584 484 loquor,
612 420 759 483 unquam
782 406 969 484 gustarunt
1014 395 1125 478 Quam
1176 394 1374 463 subiissent?
1418 397 1474 463 Nu
1538 446 1546 463 .
1590 397 1679 463 Nam
1705 399 1736 464 si
1756 397 1853 464 hodie
1877 398 2057 467 Parisiensi
2078 398 2162 468 Sor·

144 489 247 575 igitur
272 488 393 553 misera
427 485 625 553 christianae
651 485 808 552 eeclesiae
839 484 982 552 conditio
1013 482 1125 548 futura
1175 481 1281 549 bonae
1308 481 1446 548 allatum
1484 492 1571 560 oret,
1607 483 1817 550 Tridentiuos
1845 492 1957 568 patres
1986 484 2028 552 ab
2055 487 2162 571 ipsius

143 581 205 654 cst,
228 574 257 640 si
278 594 337 657 pro
359 571 490 639 oraculo
511 570 700 637 habendum
721 572 780 651 sit,
802 569 962 654 quidquid
983 567 1064 652 ipsis
1085 587 1124 633 ac
1176 567 1325 647 decretis,
1347 568 1402 634 vel
1423 590 1489 635 uuo
1510 569 1640 652 apiculo
1661 570 1856 654 discrepare,
1878 571 2000 650 stadm,
2022 571 2164 641 ealefac-

145 665 221 740 [pag.
240 664 294 738 37]
315 657 429 742 paucis
451 656 555 723 nihilo
572 657 762 723 melioribus
783 655 966 742 placuerit?
1002 655 1050 719 Et
1066 653 1124 717 ad·
1176 654 1220 719 tis
1259 653 1416 734 cerebris,
1456 652 1499 720 ad
1535 655 1696 738 praelium
1735 664 1970 744 concurrerent
2006 658 2162 743 magistri

143 744 210 811 huc
230 766 269 811 eo
291 765 395 827 usque
421 741 572 810 socordes
594 749 673 809 suut
702 742 853 828 plurimi,
882 750 921 808 ut
942 762 1044 825 quum
1066 759 1124 805 au·
1176 738 1296 805 nostri:
1319 759 1380 806 nec
1398 739 1496 808 modo
1518 742 1646 807 concilii
1664 742 1874 807 autoritatem
1895 763 1956 826 pro
1974 743 2080 809 nihilo
2098 743 2161 811 du·

145 830 242 897 diunt
262 830 424 913 publicari
451 850 564 896 sacrae
592 829 708 914 synodi
729 829 863 913 placita,
892 850 959 894 non
979 825 1126 911 cogitent
1177 832 1299 903 corant,
1322 824 1381 891 sed
1398 848 1664 911 unumquemque
1687 832 1760 907 [pag.
1780 832 1835 907 39]
1856 829 2052 895 nominatim
2071 829 2162 897 lace-

145 938 201 984 eos
219 923 448 994 assecutores,
469 915 588 998 quibus
606 936 648 980 ne
666 913 707 980 de
723 914 863 980 minima
873 913 1007 998 quidem
1024 931 1124 996 quae·
1176 919 1291 976 rarent
1312 912 1524 979 atrocissimis
1545 913 1711 980 conviciis.
1755 913 1854 979 Nunc
1881 915 1909 980 si
1931 914 2161 982 insulsissimis

145 1003 253 1070 stione
273 1000 375 1067 fidem
395 1002 464 1067 sint
485 1000 640 1067 habituri
679 1000 766 1066 Nam
787 1001 872 1066 siin
893 1008 1042 1065 mentem
1063 997 1125 1063 hoc
1177 995 1361 1080 quibusque
1383 998 1508 1063 deliriis
1529 999 1641 1064 album
1660 999 1822 1066 calculum
1844 998 2040 1082 addiderint,
2063 1002 2162 1069 scho-

144 1087 212 1155 illis
233 1088 373 1165 veniret,
396 1086 547 1170 protinus
569 1107 637 1152 non
654 1087 726 1152 sine
748 1085 915 1154 stomacho
937 1084 1124 1162 abiicerent,
1176 1082 1228 1149 lae
1250 1103 1364 1148 omnes
1388 1083 1552 1164 Gallicae,
1581 1085 1798 1170 Hispanicae,
1828 1085 2062 1168 Germanicae,
2088 1087 2162 1154 Ita·

145 1175 297 1241 calcaren
333 1194 375 1238 ue
396 1171 543 1256 pedibus,
566 1193 650 1256 quae
666 1195 755 1239 nunc
772 1170 1014 1238 inconsiderate
1031 1191 1125 1236 oscu-
1176 1168 1275 1248 licae,
1297 1170 1449 1235 certatim
1471 1171 1681 1254 applaudent.
1726 1169 1879 1253 Quantae
1901 1166 1979 1258 e‘rgo
2000 1172 2161 1259 improbi·

144 1259 267 1327 lantur.
346 1257 404 1323 uid
425 1257 534 1325 enim?
558 1280 602 1324 an
619 1256 740 1324 iudicio
762 1257 942 1342 quidquam
963 1253 1124 1340 probant?
1177 1255 1256 1319 tatis
1273 1262 1333 1333 est,
1356 1256 1428 1321 orbi
1444 1255 1625 1322 christiano
1644 1257 1848 1324 adorandum
1866 1257 2051 1339 obtrudere,
2072 1258 2163 1344 quod

144 1344 295 1412 Minime.
340 1342 410 1410 Sed
430 1344 540 1410 oculos
562 1344 757 1428 perstringit
778 1343 909 1410 concilii
929 1342 1124 1409 reverentia
1176 1341 1241 1424 ipsi
1260 1341 1350 1406 intus
1372 1341 1469 1406 nihili
1491 1342 1639 1409 faciunt?

144 1432 193 1498 At
213 1431 308 1497 cuius
330 1437 382 1496 est
402 1429 570 1508 stultitiae,
592 1451 692 1512 quem
708 1429 837 1495 asinum
861 1451 932 1495 esse
948 1429 1041 1508 scias,
1065 1427 1126 1493 sub
1263 1425 1416 1511 Agedum
1433 1436 1555 1508 tamem
1576 1428 1796 1512 disputatores
1816 1429 1899 1507 illos,
1921 1431 1978 1514 qui
1999 1430 2161 1500 cudendis

144 1515 252 1583 lconis
272 1515 357 1600 pelle
378 1522 536 1599 tanquam
557 1516 796 1582 formidabilem
817 1514 948 1582 vereri?
1177 1510 1306 1596 placitis
1340 1512 1511 1592 insudant,
1551 1515 1718 1599 fingamus
1749 1536 1817 1581 non
1851 1522 1982 1582 tantum
2014 1517 2162 1584 mirabili

231 1603 280 1668 At
300 1602 368 1666 iarn
389 1601 487 1680 subit,
509 1600 586 1686 quid
609 1623 745 1669 rursum
765 1602 863 1668 obiici
879 1607 979 1684 queat
994 1620 1015 1664 a
1031 1603 1127 1683 parte
1178 1598 1331 1664 acumine
1365 1596 1577 1682 doctrinaque
1610 1600 1785 1680 excellere,
1825 1600 1884 1667 sed
1916 1602 2052 1687 angelos
2086 1625 2161 1671 esse

145 1687 299 1756 adversa:
327 1709 395 1754 nou
421 1687 499 1753 solis
521 1688 682 1772 episcopis
710 1689 902 1755 commissas
923 1705 995 1752 osse
1017 1684 1127 1750 decer·
1177 1703 1334 1756 recense
1362 1685 1450 1750 coelo
1473 1685 1632 1770 delapsos.
1677 1687 1823 1752 Tantum
1850 1695 2021 1772 praeterea
2042 1689 2161 1756 absur-

144 1773 248 1842 nondi
264 1782 384 1857 partes.
419 1773 584 1858 Intelligo.
621 1777 733 1858 Atque
749 1774 785 1839 id
801 1781 860 1853 est,
878 1771 966 1857 quod
982 1770 1127 1837 maxime
1178 1768 1259 1834 dum
1276 1770 1472 1837 adversariis
1490 1773 1706 1854 ignoscamus,
1729 1772 1912 1853 concilium,
1935 1772 2022 1858 quod
2042 1776 2161 1841 imme÷

144 1859 308 1927 volebam.
352 1857 441 1925 Sunt
472 1859 562 1925 enim
594 1861 722 1944 garruli
751 1859 885 1943 quidam
924 1867 958 1923 et
988 1856 1128 1922 audaces
1179 1854 1267 1921 diato
1284 1857 1418 1939 spiritus
1435 1859 1550 1923 afflatu
1567 1860 1638 1942 regi
1655 1859 1800 1925 fastuose
1817 1859 2018 1942 praedicant,
2041 1882 2162 1945 apau-

144 1945 311 2025 monachi,
333 1965 472 2028 quorum
494 1945 551 2011 alii
569 1946 699 2026 mitras,
728 1945 786 2011 alii
807 1946 938 2031 galeros
959 1964 1126 2025 aucupan-
1178 1943 1224 2009 cis
1247 1942 1434 2008 hominibus
1457 1944 1672 2025 emendicare,
1694 1943 1780 2028 quod
1802 1945 1872 2011 orbi
1890 1948 2047 2012 universo
2064 1947 2163 2030 quasi

144 2039 216 2097 tur:
240 2051 355 2098 omnes
366 2040 453 2097 certe
463 2031 614 2097 Romano
625 2032 773 2115 pontifici
783 2053 878 2097 suam
894 2029 1127 2114 loquacitatem
1177 2027 1337 2094 divinitus
1354 2028 1491 2095 allatum
1508 2031 1646 2114 ingerat
1684 2032 1731 2096 At
1748 2051 1791 2095 ne
1808 2032 1856 2098 sic
1873 2031 2006 2113 quidem
2026 2033 2164 2099 unciam

147 2115 331 2184 venditant.
375 2117 559 2200 Fingamus
581 2138 694 2200 porro,
722 2119 861 2183 eximios
882 2137 968 2194 esse,
992 2135 1030 2180 ae
1051 2136 1126 2179 eru·
1178 2112 1256 2180 fidei
1277 2114 1473 2180 Tridentino
1495 2115 1641 2200 synodus
1658 2116 1826 2182 obtinebit.
1862 2117 1957 2182 Nihil
1973 2119 2062 2184 enim
2079 2118 2162 2200 illio,

146 2201 270 2269 ditione
297 2223 365 2268 nou
391 2202 447 2268 vul
493 2203 522 2267 ri
549 2203 728 2288 theologos.
772 2204 846 2270 Hoc
872 2210 985 2268 tamen
1011 2199 1126 2279 habeo,
1178 2200 1244 2266 nisi
1277 2222 1320 2265 ex
1349 2201 1449 2266 unius
1481 2202 1626 2267 Romani
1658 2202 1823 2285 pontificis
1856 2211 1955 2282 nutu,
1993 2205 2163 2272 statuitur.

144 2285 344 2356 venerandis
371 2288 533 2371 patrius,
561 2309 604 2354 ex
630 2310 770 2372 quorum
799 2297 883 2354 nutu
908 2285 1031 2371 pendet
1057 2294 1128 2351 tota
1180 2283 1292 2367 Quare
1321 2286 1477 2353 omittant
1508 2288 1545 2352 in
1571 2295 1742 2371 posterum
1774 2288 1856 2354 istas
1883 2289 2061 2373 ampullas:
2091 2310 2164 2357 non

145 2374 277 2459 religio,
304 2373 469 2457 sophistas
497 2375 608 2441 nescio
637 2396 718 2458 quos
747 2375 885 2455 verba1)
914 2372 1060 2458 praeire,
1088 2378 1127 2436 ut
1178 2371 1384 2451 hominibus,
1407 2372 1464 2438 scd
1486 2372 1559 2438 Deo
1580 2395 1778 2458 repugnare,
1807 2375 1864 2458 qui
1886 2374 2016 2441 concilii
2037 2375 2164 2460 placita

145 2480 262 2526 eorum
288 2459 412 2526 dietata
440 2459 536 2526 nobis
571 2459 690 2526 deinde
727 2459 907 2526 cantillent.
959 2457 1127 2540 Quorsum
1178 2457 1314 2540 respuit.
1359 2457 1440 2525 Illos
1468 2460 1557 2524 enim
1581 2460 1667 2524 nihil
1695 2481 1782 2540 csse,
1811 2462 1875 2527 nisi
1903 2482 2041 2545 organa:
2070 2461 2163 2530 huno

145 2554 257 2612 autem
280 2546 413 2625 attinet,
443 2567 499 2612 eos
520 2555 590 2611 tam
618 2546 723 2612 altum
749 2555 941 2631 suggestum
970 2565 1126 2610 conscen·
1178 2542 1372 2627 praesidem,
1394 2544 1450 2628 qui
1471 2552 1601 2612 mentes
1623 2554 1658 2611 et
1678 2546 1811 2631 linguas
1828 2548 1949 2630 spiritu
1966 2569 2025 2613 suo
2046 2547 2163 2614 modo·

144 2631 233 2712 dere,
256 2640 294 2697 ut
315 2639 477 2714 tanquam
498 2631 634 2697 semidei
655 2653 698 2697 ex
716 2632 781 2697 alto
803 2631 1021 2715 pronuncient
1038 2629 1126 2713 quod
1178 2636 1280 2695 retur.
1316 2628 1355 2695 Si
1375 2630 1425 2696 ita
1444 2642 1540 2709 esset,
1562 2633 1662 2696 nimis
1678 2633 1716 2697 in
1738 2633 1892 2716 spiritum
1910 2640 2064 2699 sanctum
2081 2654 2163 2700 oon·

144 2716 213 2783 illis
244 2739 286 2782 cx
318 2718 474 2782 inferiore
506 2717 659 2784 subsellio
691 2718 933 2801 praescriptum
966 2722 1042 2796 [pag.
1073 2720 1127 2795 38]
1178 2715 1369 2781 tumeliosos
1395 2738 1467 2782 esse
1495 2718 1583 2800 ipsos
1612 2716 1699 2798 dico,
1727 2720 1821 2785 cuius
1848 2719 2124 2802 reprehensorem
2135 2720 2161 2803 ¹)

146 2803 256 2886 estl2)
300 2802 366 2869 Ubi
393 2803 452 2868 illa
477 2803 632 2870 eeclesiae
654 2804 926 2887 repraesentatio,
955 2802 1010 2868 cui
1030 2802 1126 2884 spiri·
1178 2802 1303 2866 faciunt
1323 2821 1443 2884 papam
1464 2825 1577 2882 suurn,
1604 2803 1683 2869 dum
1704 2806 1808 2887 ipsius
1830 2805 1966 2870 arbitrio
1984 2825 2162 2872 censurae·

146 2896 219 2955 tum
241 2897 392 2955 sanctum
411 2888 565 2974 alligant,
589 2891 618 2956 si
639 2896 805 2975 coguntur
826 2887 959 2956 aliunde
980 2888 1127 2971 precario
1179 2908 1243 2970 que
1270 2887 1451 2953 subiiciunt
1478 2891 1598 2955 omnia.
1641 2891 1714 2974 Ego
1748 2891 1789 2956 de
1816 2890 1915 2957 rebus
1943 2891 2043 2976 vulgo
2071 2890 2162 2957 tritis

144 2974 293 3041 mutuari
302 2973 389 3058 quod
406 2996 489 3058 opus
509 2984 568 3056 est,
590 2997 634 3041 ne
656 2983 714 3041 aut
734 2975 864 3055 sileant,
886 2982 946 3040 aut
954 2994 1128 3058 perperam
1179 2973 1304 3056 loquor.
1349 2971 1461 3039 Simul
1482 2983 1580 3058 atque
1598 2977 1815 3058 compositum
1837 2984 1888 3042 est
1910 2976 2081 3043 decretum
2099 2976 2162 3042 ali·

144 3059 344 3144 loquantur?
389 3060 550 3128 Vestrum
572 3069 623 3126 est
647 3063 792 3139 axioma,
820 3060 1056 3145 qualiscunque
1084 3061 1128 3126 sit
1179 3059 1283 3142 quod,
1313 3063 1387 3138 [pag.
1413 3064 1467 3140 4ο]
1495 3062 1638 3129 Romam
1667 3062 1807 3127 volitant
1832 3084 1996 3129 cursores:
2025 3062 2163 3130 veniam

145 3154 267 3226 coetus,
285 3147 339 3213 cui
354 3167 476 3213 nomen
486 3147 685 3214 universalis
707 3147 835 3215 concilii
855 3147 1034 3230 imponitis,
1059 3144 1127 3212 illie
1179 3165 1358 3228 pacemque
1380 3155 1602 3229 exposcunta
1629 3147 1768 3230 pedibus
1787 3148 1867 3214 idoli
1895 3150 1996 3234 suist)
2038 3148 2162 3215 Priva-

144 3233 301 3316 spiritum
326 3243 477 3300 sanetum
498 3233 698 3318 praesidere,
727 3241 765 3298 ut
786 3233 873 3299 nihil
891 3232 969 3299 inde
990 3252 1127 3297 manare
1179 3232 1223 3297 tis
1245 3232 1313 3297 suis
1340 3231 1579 3309 consultoribus
1605 3233 1865 3300 examinandum
1891 3234 1994 3300 tradit
2019 3235 2162 3301 sanctis-

145 3326 259 3401 queat,
282 3319 346 3382 nisi
368 3319 508 3385 coeleste
529 3342 567 3387 ac
589 3319 751 3386 divirmm.
794 3319 929 3384 Interea
949 3318 1126 3397 famelicos,
1178 3318 1282 3383 simus
1302 3325 1405 3401 pater,
1428 3317 1515 3401 quod
1532 3319 1741 3386 estallatum.
1776 3321 1924 3386 Demunt
1944 3320 2003 3402 illi,
2020 3319 2162 3401 addunt,

145 3411 180 3468 et
197 3404 324 3470 venalis
340 3404 474 3489 linguae
491 3405 668 3472 monachos
685 3405 872 3490 praeficitis,
894 3426 975 3488 quos
991 3405 1128 3487 spiritus
1179 3412 1213 3467 et
1234 3412 1366 3468 mutant
1393 3403 1480 3488 quod
1505 3404 1646 3470 videtur.
1689 3405 1847 3471 Redeunt
1868 3428 2033 3487 cursores,
2055 3408 2163 3474 sessio

143 3488 208 3555 iate
231 3497 353 3568 vester,
380 3511 479 3572 quem
500 3491 641 3575 fingitis,
670 3491 841 3558 auscultet
886 3492 992 3574 Atqui
1018 3490 1127 3574 longis
1178 3489 1346 3556 indicitur.
1389 3490 1524 3557 Recitat
1551 3492 1715 3571 notarius,
1744 3492 1831 3574 quod
1852 3493 2038 3575 improbare
2059 3514 2162 3560 nomo

144 3580 179 3640 et
199 3575 362 3639 accuratis
383 3575 661 3659 disputationibus
682 3579 809 3661 agitant
834 3577 899 3656 illi,
927 3575 1127 3660 quidquido
1179 3574 1306 3640 audeat
1350 3576 1447 3641 Asini
1480 3577 1614 3641 auribus
1647 3578 1845 3661 annuunt.⁸)
1888 3580 1943 3644 En
1977 3579 2161 3661 oraculum,

143 3659 294 3810 patribus
316 3667 367 3725 est
394 3660 626 3727 definiendum.
671 3663 799 3745 Nempe
821 3664 868 3727 ita
893 3661 1019 3728 audivi:
1050 3662 1125 3727 stri·
1179 3661 1265 3745 quod
1286 3661 1445 3746 religione
1467 3668 1574 3727 totum
1592 3663 1752 3728 mundum
1775 3663 1966 3749 obstringat.
2003 3664 2075 3732 Cur
2091 3687 2162 3731 non

168 3745 262 3811 ulum
290 3745 400 3812 nescio
422 3747 501 3830 quid
532 3749 621 3830 ipsos
647 3748 804 3827 rixando,
837 3755 995 3830 tanquam
1027 3767 1126 3812 ranas
1178 3754 1290 3830 aperte
1323 3748 1468 3812 fatentur
1507 3747 1594 3830 quod
1622 3771 1675 3813 res
1713 3750 1785 3815 est?
1830 3751 2011 3817 Monachos
2044 3751 2163 3817 decem

143 3831 393 3915 Aristophanis,
420 3854 568 3899 ooaxare.
612 3832 697 3898 Inde
724 3834 839 3899 confici
864 3833 1035 3916 praeclara
1061 3833 1128 3898 ista
1178 3840 1236 3897 aut
1265 3832 1397 3916 viginti,
1426 3854 1566 3915 quorum
1588 3835 1765 3901 conductas
1795 3835 1920 3901 habent
1941 3858 2072 3921 operas,
2102 3837 2162 3904 de-

144 3916 290 3998 deorcta,
324 3938 408 4001 quae
436 3917 554 3984 deinde
580 3941 596 3984 s
620 3919 718 3984 iritus
745 3920 852 3984 sancti
877 3937 1034 4001 responsa
1059 3918 1126 3983 iac-
1177 3922 1269 3983 creta
1290 3919 1529 3998 consarcinare,
1547 3920 1675 4002 Papam
1696 3921 1844 3986 censorio
1865 3922 1952 4007 stylo
1974 3922 2162 4004 confodere,

143 4010 268 4070 tantur.
278 4004 305 4082 Β)
351 4003 441 4086 Quid
469 4005 557 4070 euim
616 4005 839 4079 'simulanter
869 4025 1003 4089 agerem
1028 4004 1065 4068 in
1089 4023 1126 4068 re
1178 4003 1208 4068 si
1229 4003 1307 4086 quid
1329 4023 1398 4068 non
1421 4004 1554 4085 arridet,
1572 4016 1701 4071 caetera
1717 4009 1943 4091 comprobare:
1965 4009 2052 4074 nihil
2068 4008 2164 4076 aliud

143 4088 338 4157 notissima?
384 4088 522 4157 (lartum
544 4098 604 4170 est,
626 4090 754 4157 nullam
774 4099 933 4157 assatam
955 4089 1128 4156 obscuram
1179 4089 1315 4154 concilio
1351 4089 1518 4173 reliquum
1544 4092 1632 4169 fiori,
1667 4113 1765 4175 quam
1799 4094 2029 4179 promulgandi
2062 4116 2161 4162 onus.

144 4175 291 4242 scholam
319 4196 404 4259 quae
431 4196 498 4241 non
527 4196 605 4260 prae
633 4198 668 4242 se
698 4177 856 4260 despiciat
885 4175 1043 4260 quidquid
1076 4182 1127 4241 est
1179 4172 1272 4240 Olim
1298 4175 1386 4259 quod
1413 4177 1657 4243 consultaverat
1682 4180 1855 4245 Romanus
1882 4188 2031 4260 senatu,
2064 4181 2163 4265 plebs

144 4261 297 4328 Tridenti
317 4262 556 4348 theologorum.
594 4261 683 4344 Quid
704 4262 826 4347 igitur?
862 4265 919 4328 An
940 4283 1004 4341 eos,
1027 4261 1126 4327 simul
1179 4260 1347 4326 sciscebat
1391 4262 1484 4345 Papa
1511 4285 1588 4329 vero
1621 4265 1782 4331 sciscendi
1807 4267 1878 4331 iure
1910 4267 2047 4332 minime
2079 4282 2162 4334 oon·

144 4354 244 4430 atque
271 4347 379 4414 locum
412 4350 631 4430 mutaverint,
658 4348 830 4433 repentino
858 4349 964 4414 afflari
990 4349 1127 4413 numine
1178 4356 1301 4425 tentus,
1322 4347 1386 4412 sibi
1402 4357 1573 4430 praetcrea
1594 4351 1629 4415 in
1651 4351 1770 4435 synodi
1793 4351 1949 4418 consultis
1966 4354 2069 4418 sumit
2087 4375 2163 4420 cor·

144 4433 349 4517 putabimus,
382 4456 420 4502 ao
454 4437 483 4502 si
510 4434 706 4503 Phoebades
734 4434 932 4520 Delphicam
964 4433 1127 4501 cortinam
1179 4433 1355 4517 rigandum
1381 4434 1537 4517 quidquid
1565 4458 1631 4501 non
1659 4437 1849 4502 adlubescit
1892 4438 2002 4504 Nimis
2024 4439 2163 4522 quidem

1178 4519 1332 4603 superbe,
1354 4518 1384 4585 si
1405 4521 1592 4602 praesidere
1612 4523 1681 4587 illic
1700 4524 1856 4606 spiritum
1877 4536 2027 4590 sanctum
2049 4533 2161 4609 putat

1177 4604 1281 4671 Nobis
1300 4625 1379 4670 vero
1399 4606 1544 4689 impunc,
1561 4609 1686 4691 opinor,
1707 4611 2048 4690 contemnerelicebit,
2069 4610 2162 4696 quod

215 4722 245 4785 1)
266 4721 450 4794 pamm,
467 4726 544 4783 Bm
560 4729 636 4798 dm,
653 4729 792 4784 Mun„
808 4729 908 4784 verbis.
1179 4713 1199 4756 a
1227 4690 1347 4757 talibus
1375 4694 1543 4776 magistris
1570 4697 1803 4779 compositum,
1829 4718 1850 4762 a
1877 4697 1936 4762 tali
1961 4699 2161 4766 Aristarcho

214 4788 249 4858 2>
270 4807 342 4859 pour
364 4793 435 4848 dire:
460 4794 537 4853 Nous
560 4814 678 4854 somnes
700 4797 826 4868 l’Eglise,
852 4814 923 4853 nous
945 4811 1061 4852 sommas
1084 4796 1125 4850 les

146 4875 263 4928 organas
273 4859 309 4914 du
328 4861 525 4933 sainotEspn't,
542 4873 570 4920 et
587 4868 741 4937 rependant
758 4864 931 4921 ilzn’auront
947 4866 1005 4919 rien
1024 4867 1041 4920 a
1057 4864 1124 4933 dire,

146 4931 171 4986 si
186 4944 242 4983 nou
260 4943 290 4983 cc
327 4946 361 4984 ue
379 4930 420 4985 les
438 4939 534 5001 oagcta
551 4933 611 4989 leur
628 4935 758 4991 seufflent
775 4951 809 4990 en
825 4933 967 4990 l’aureills.
1246 4930 1276 4992 ll
1295 4948 1345 4986 ⁸011
1362 4933 1567 4987 contrerclleur·

216 4995 246 5061 3)
265 4946 331 5051 lei
384 5000 452 5053 ainsi
469 5001 599 5056 cutendu:
619 5010 648 5057 et
665 5005 783 5059 chascrm
801 5010 844 5058 ast
860 5005 923 5060 bieu
939 5001 1053 5057 informe
1071 5016 1124 5070 quc
1245 4999 1276 5063 2)
1333 5017 1366 5054 ur
1383 5003 1474 5055 saveir
1492 5018 1522 5056 oe
1541 5000 1606 5070 qu'il
1624 5005 1712 5072 plaira
1729 5007 1747 5059 b
1764 5006 1824 5061 leur
1841 5006 1913 5061 idole
1932 5005 1993 5061 d’cn
2011 5006 2160 5064 ordonucr.

148 5083 194 5123 ces
212 5013 516 5147 noynesiiflourdiers
534 5067 717 5126 barbouillent
733 5073 759 5126 le
777 5074 874 5141 papier
891 5089 963 5142 pour
981 5085 1124 5139 composer
1246 5067 1277 5133 3)
1295 5017 1444 5124 iiesuenrs
1467 5070 1507 5125 les
1530 5088 1611 5127 sanes
1635 5073 1756 5128 baissent
1779 5075 1820 5131 les
1844 5075 1970 5131 aurcilles
1993 5091 2065 5144 pour
2089 5076 2160 5134 iairc

148 5151 179 5192 ee
197 5149 243 5205 qur
260 5133 319 5190 doit
335 5142 409 5191 estre
427 5149 508 5205 apres
526 5140 592 5192 tenu
609 5155 680 5208 pour
696 5140 848 5196 revelation
865 5141 902 5196 dn
919 5140 947 5195 S.
965 5137 1068 5208 Esprit.
1177 5138 1313 5195 semblent
1328 5136 1373 5208 d’y
1389 5141 1535 5194 consentir.
