4620 5894
193 249 237 313 bb
1017 243 1082 309 Du
1104 240 1380 310 SOANDALIS.
2174 242 2219 309 bd

199 446 309 504 ortam
330 435 432 502 161666
451 432 552 502 dicas.
597 433 667 501 Alii
690 433 822 500 tametsi
849 433 1007 517 propositi
1035 432 1103 499 sint
1123 430 1183 496 ali-
1237 439 1405 518 arrogant,
1441 432 1512 498 6166
1536 431 1698 511 scandali,
1732 431 1817 515 quod
1845 431 2023 498 nonnullos
2053 430 2220 516 impedire

200 543 370 607 quousque
391 528 534 600 tenaces,
557 519 716 604 paulatim
735 528 845 586 tamen
862 520 1052 604 frigescunt.
1086 515 1184 599 Quod
1235 524 1380 601 poterat,
1410 517 1587 601 superandi
1613 518 1777 583 rationem
1805 517 1904 584 simul
1925 516 2077 583 ostendit
2124 515 2219 599 Quid

199 608 323 692 partim
344 629 386 674 61
414 607 577 686 16611616,
605 607 728 689 partim
755 626 796 669 ex
823 605 971 689 ignavia,
996 604 1184 688 6611111161
1235 602 1428 669 Alexander
1447 604 1540 668 faber
1568 601 1737 669 aerarius?
1764 625 1866 687 quum
1895 624 1937 669 61
1963 602 2065 669 nobili
2086 601 2219 669 Christi

200 693 345 760 terrenis
377 693 465 758 curis
498 691 668 776 provenit,
700 689 736 756 id
763 691 984 774 poenitentiae
1012 688 1184 772 assignant
1236 688 1395 773 discipulo
1425 690 1598 774 transfuga
1625 696 1658 754 et
1691 686 1809 755 deinde
1841 688 2075 754 infestissimus
2107 688 2218 755 hostia

201 779 356 863 imperiti.
402 778 494 862 Ergo
516 777 580 861 ipsi
602 797 741 860 quoque,
764 798 806 841 ne
826 797 900 842 sero
920 775 1089 859 poeniteat
1110 773 1183 839 lon·
1235 775 1340 841 factus
1367 782 1468 852 esset,
1496 795 1604 840 annon
1636 774 1708 839 61116
1735 775 1772 839 16
1800 773 1989 857 exemplum
2017 775 2219 858 proponitur

201 861 919 950 61666666616616666616616161661116111
965 858 1005 927 Si
1022 860 1079 943 qui
1095 880 1183 924 mor·
1237 864 1270 945 (2
1289 862 1373 925 1116.
1393 866 1423 939 4,
1449 859 1523 944 Ι4)1
1558 858 1648 941 Quid
1668 859 1815 925 Damas?
1839 880 1940 942 quum
1962 860 2023 926 hoo
2044 859 2218 926 saeculum

202 951 245 1017 tis
274 957 334 1015 aut
360 949 654 1033 persequutionem
679 955 773 1013 metu
794 948 901 1012 territi
929 944 1031 1029 (quod
1058 945 1182 1024 multis,
1234 946 1406 1028 amplexus
1426 946 1569 1028 turpiter
1591 946 1800 1029 evangelium
1822 945 1975 1025 deseruit,
2005 967 2047 1010 an
2069 944 2216 1031 reliquos

200 1034 399 1120 prohdolor,
418 1033 551 1186 66611112
576 1034 617 1099 ab
635 1033 807 1118 evangelio
825 1031 991 1112 deficiunt,
1010 1053 1051 1097 ex
1070 1052 1183 1096 eorum
1234 1032 1270 1096 in
1289 1031 1433 1097 eundem
1451 1051 1562 1097 secum
1579 1030 1808 1116 labyrinthum
1832 1030 1943 1097 debuit
1963 1031 2097 1096 trahere
2120 1029 2215 1110 (ibid.

200 1119 422 1188 inconstantia
444 1139 522 1186 scau
547 1120 592 1186 ali
608 1120 747 1184 materia
768 1120 917 1184 struitur.
962 1117 1094 1183 Foedus
1111 1116 1184 1200 qui·
1235 1138 1266 1183 v.
1290 1117 1369 1199 10)1
1415 1114 1529 1199 Quum
1557 1116 1637 1181 alibi
1664 1134 1700 1182 66
1721 1116 1846 1182 Ρ66166
1874 1118 1915 1182 ab
1937 1116 2091 1182 omnibus
2114 1116 2217 1182 (16611-

202 1206 277 1272 dem
307 1225 422 1270 eorum
454 1204 578 1289 lapsus.
634 1205 777 1305 Verum,
811 1212 977 1286 utcunque
1011 1200 1184 1301 Christum
1236 1211 1347 1302 tutum
1373 1203 1823 1303 1616666611111161661616611
1851 1202 1924 1267 aliis
1950 1202 2215 1369 6166ὃ6111616-

199 1311 601 1461 1111611161
624 1311 803 1461 {2133in
818 1287 1183 1440 ttttttttttti
1235 1286 2215 1460 111611111611161111621

199 1461 361 1528 manebit:
392 1470 430 1527 61
451 1462 578 1527 Ρ66166
607 1459 1181 1541 611616616161161(2’1’1’16.2,13).
1256 1460 1386 1524 ueritur
1418 1460 1519 1525 fuisse
1553 1458 1724 1538 reiectum,
1760 1480 1801 1523 an
1835 1459 1908 1524 eliis
1938 1468 2006 1524 tam
2035 1458 2213 1525 sceleratae

199 1546 318 1632 Longe
341 1547 439 1612 aliter
459 1568 521 1612 nos
544 1547 666 1613 talibus
684 1546 844 1630 exemplis
862 1546 994 1630 percelli
1012 1544 1182 1611 decuerat:
1259 1544 1443 1611 'scessionis
1470 1545 1650 1610 fenestram
1685 1544 1791 1628 aperit
1819 1545 1910 1627 (ibid.
1941 1543 2071 1629 1,15)?
2122 1542 2212 1626 Quin

85 1694 97 1701 ..
200 1654 335 1716 nempe,
376 1639 415 1697 61
446 1634 649 1699 infirmitatis
681 1641 815 1698 nostrae
852 1631 1011 1697 admoniti
1045 1630 1183 1697 sollicite
1234 1631 1342 1713 potius
1375 1629 1498 1695 talibus
1525 1629 1727 1696 documentis
1755 1632 1985 1716 expergefiunt
2010 1631 2057 1714 pii
2089 1650 2211 1706 omues,

92 1714 99 1735 ”
200 1738 401 1796 caveremus,
423 1740 465 1784 ne
487 1719 575 1784 idem
597 1719 692 1784 nobis
709 1717 879 1785 accideret.
915 1722 989 1798 [pag.
1008 1722 1062 1797 69]
1084 1717 1182 1781 Ρ661-
1234 1737 1277 1780 66
1309 1716 1450 1781 obnoxia
1482 1716 1526 1781 sit
1559 1714 1705 1782 Satanae
1737 1714 1865 1780 insidiis
1897 1737 2010 1781 eorum
2043 1717 2209 1782 securitas.

201 1824 301 1887 quam
323 1802 463 1870 Iudaeos
485 1805 590 1870 61161
613 1805 722 1889 gratia
743 1801 903 1870 excidisse
922 1802 1071 1869 narravit
1093 1802 1182 1868 Pan·
1233 1801 1436 1884 Perpetuum
1458 1801 1540 1867 illud
1562 1801 1692 1866 divinae
1714 1801 1881 1867 electionis
1903 1802 2037 1886 signum
2054 1802 2126 1867 loco
2144 1802 2211 1885 cly-

198 1890 251 1954 lus
280 1889 391 1973 (Rom.
415 1895 464 1967 ll,
484 1891 557 1974 22),
593 1891 640 1956 616
673 1887 912 1954 formidabilem
939 1910 1011 1954 esse
1039 1886 1183 1953 ostendit
1234 1887 1288 1971 pei
1321 1888 1368 1953 sic
1396 1894 1510 1952 contra
1540 1908 1653 1952 omnes
1680 1887 1821 1952 insultus
1848 1889 2005 1954 iubentur
2037 1907 2209 1970 opponere,

199 1996 314 2040 eorum
335 1994 459 2054 casum,
479 1982 518 2040 61
538 1975 620 2041 alios
643 1975 683 2040 ad
706 1974 890 2042 cavendum
914 1974 1065 2040 hortetur
1082 1981 1181 2056 atque
1234 1981 1274 2037 ut
1295 1972 1394 2038 fidem
1416 1992 1542 2055 quoque
1564 1973 1650 2038 bona
1672 1975 1871 2039 conscientia
1893 1973 2076 2058 obsignant.
2123 1971 2211 2054 Quo-

198 2062 331 2125 animet.
377 2060 469 2144 Ergo
497 2062 524 2126 si
554 2082 695 2143 quorum
724 2061 797 2126 acui
825 2058 1011 2126 sollicitudo
1045 2057 1183 2124 debebat
1233 2059 1325 2122 niam
1352 2058 1436 2122 mihi
1463 2080 1539 2125 cum
1565 2059 1606 2124 iis
1633 2059 1821 2124 hominibus
1854 2067 1906 2124 est
1936 2059 2124 2142 negotium,
2158 2059 2211 2142 qui

198 2147 276 2211 totis
298 2146 430 2229 populis
453 2146 495 2211 ab
518 2146 690 2230 evangelio
713 2144 980 2224 desciscentibus,
1004 2145 1181 2210 66666166
1234 2143 1416 2209 Christiani
1438 2145 1714 2221 6666611161661,
1743 2167 1784 2210 ne
1807 2165 1915 2209 sermo
1936 2143 1999 2210 hac
2021 2144 2211 2209 (1616166-

199 2238 259 2294 aut
288 2229 428 2296 61161166
456 2231 600 2296 hominis
628 2230 766 2298 defectio
794 2231 976 2309 exanimat,
1010 2230 1084 2313 quis
1115 2250 1182 2294 non
1234 2229 1308 2312 gius
1339 2231 1381 2295 sit
1407 2230 1666 2314 protrahendus,
1696 2230 1778 2296 duas
1805 2231 1901 2295 Pauli
1931 2230 1972 2295 ad
2000 2229 2211 2295 Timotheum

198 2316 330 2398 eulpam
365 2336 522 2399 66116166
554 2337 668 2381 661661
700 2316 821 2382 iudicio
853 2314 1021 2400 assignet?
1065 2314 1182 2397 Neque
1234 2315 1387 2396 epistolas
1409 2315 1634 2399 legent,'quae
1663 2316 1826 2395 sedandis,
1849 2328 1886 2380 61
1908 2316 2066 2391 arbitror,
2096 2334 2209 2381 eorum

197 2410 310 2465 tamen
335 2419 451 2466 eorum
475 2401 601 2466 crimen
628 2408 807 2466 extenuare
836 2401 1006 2467 consillum
1031 2409 1095 2480 est,
1124 2402 1180 2484 qui
1233 2401 1352 2465 animis
1374 2399 1504 2465 abunde
1531 2402 1708 2481 sufficient,
1737 2404 1799 2467 uisi
1828 2402 1911 2466 forte
1940 2400 2015 2466 data
2036 2421 2136 2484 opera
2157 2400 2209 2465 161

198 2487 349 2551 infirmas
380 2488 522 2565 animas,
555 2495 716 2568 quantum
745 2487 782 2550 in
811 2507 846 2551 se
874 2494 941 2565 est,
969 2485 1179 2552 labefactant.
1233 2506 1344 2551 secum
1377 2485 1573 2551 tumultuari
1604 2494 1775 2569 appetunt,
1808 2488 1861 2553 vel
1893 2495 2008 2570 sponte
2040 2487 2158 2553 inanes
2189 2507 2209 2551 a

196 2572 343 2636 Tantum
367 2572 508 2637 monitos
529 2572 645 2652 velim,
675 2573 733 2656 qui
762 2571 834 2637 aliis
862 2571 1054 2638 cadentibus
1084 2573 1182 2637 vacil-
1232 2570 1368 2637 Christo
1386 2571 1555 2638 deficiendi
1574 2578 1709 2654 captent
1726 2579 1925 2655 6166161166.
1959 2573 2005 2638 Et
2021 2580 2113 2639 certe
2123 2570 2209 2656 apud

194 2657 275 2736 lant,
299 2677 400 2740 quam
427 2658 505 2723 mali
531 2678 573 2722 na
597 2659 642 2723 sit
672 2659 737 2724 ista
762 2659 1014 2731 consternatio„
1035 2658 1181 2742 Negavit
1232 2678 1330 2722 sanos
1351 2664 1385 2723 et
1405 2657 1585 2741 prudentes
1606 2656 1668 2723 hoc
1691 2678 1795 2722 unum
1818 2659 2029 2724 sustinendae
2051 2657 2130 2723 fidei
2152 2678 2210 2742 par

195 2741 252 2807 illo
275 2740 458 2809 Christum.
494 2680 579 2824 5616
598 2742 769 2827 putasset?
813 2743 876 2808 Ille
897 2745 1067 2828 evangelio
1088 2744 1180 2810 vale-
1232 2744 1304 2821 erit,
1322 2763 1494 2828 perperam
1513 2745 1595 2821 fieri,
1618 2744 1648 2808 si
1665 2751 1834 2809 aeternam
1845 2745 1909 2809 Dei
1927 2745 2100 2810 veritatem
2119 2745 2211 2809 fluxa

195 2827 290 2907 dixit,
314 2848 413 2910 quem
437 2849 551 2894 omnes
573 2850 656 2913 rupe
678 2831 858 2895 firmiorem
887 2829 1071 2895 credebant.
1117 2829 1180 2894 Ille
1230 2829 1403 2894 hominum
1424 2830 1644 2895 inconstantia
1662 2831 1827 2895 metimur.
1859 2828 1927 2896 Sed
1949 2831 2003 2912 qui
2025 2838 2096 2894 tam
2117 2831 2210 2915 iuge·

196 2915 261 2978 iam
286 2921 392 2996 tepet:
422 2914 507 2979 alter
532 2915 637 2998 glacie
660 2914 823 2998 frigidior,
851 2936 952 2998 quum
975 2913 1017 2981 ad
1038 2915 1179 2981 miracu·
1231 2914 1316 2979 niosi
1333 2923 1413 2979 sunt
1430 2913 1471 2978 od
1489 2915 1685 2998 captandam
1704 2934 1745 2979 61
1763 2916 1859 2981 166116
1872 2915 2033 2999 6161116116
2050 2915 2210 2998 peccandi

195 2999 266 3064 lum
289 3021 330 3065 us
354 3021 397 3065 ue
419 3000 548 3065 fervere
575 3000 640 3066 visi
668 3000 743 3066 siut.
790 3001 894 3082 Atqui
922 3021 988 3065 non
1012 3009 1179 3084 16661661,
1230 3001 1378 3080 veniam,
1413 3022 1565 3066 661666
1593 3008 1643 3065 tot
1668 3001 1808 3067 mirifica
1835 3003 1977 3068 invictae
2004 3003 2210 3067 constantiae

196 3085 252 3168 qui
275 3085 323 3151 616
333 3021 536 3169 (1616666161,
565 3084 638 3150 ideo
666 3085 777 3170 frangi
804 3086 885 3151 alios
906 3086 1022 3151 mortis
1043 3100 1179 3164 terrore,
1232 3085 1429 3152 documenta
1456 3086 1649 3167 observant,
1689 3106 1772 3169 quae
1809 3088 1897 3152 inter
1934 3089 2068 3171 quasvis
2101 3096 2210 3152 16616-

195 3171 273 3254 quia
295 3169 435 3236 solidam
457 3172 545 3237 vitae
567 3172 697 3236 futurae
726 3182 819 3254 'spem
846 3171 992 3236 nondum
1022 3191 1178 3256 concepe·
1231 3172 1356 3237 tionum
1390 3171 1551 3255 procellas
1581 3170 1679 3238 fidem
1712 3173 1831 3238 merito
1863 3173 2010 3238 stabilire
2048 3171 2208 3255 66666611

195 3257 280 3322 rint:
310 3256 390 3321 alios
418 3266 564 3340 torpere,
601 3258 680 3340 quia
707 3258 743 3321 in
768 3256 835 3322 11116
864 3257 1000 3323 6111166
1028 3258 1179 3323 ardorem
1233 3263 1305 3337 [pag.
1327 3261 1381 3338 71]
1403 3256 1499 3322 Vidit
1527 3258 1609 3324 haec
1630 3265 1743 3323 nostra
1772 3267 1861 3324 66166
1883 3260 2000 3324 bonam
2022 3266 2209 3344 martyrum

196 3342 312 3406 inanes
330 3340 447 3406 mnndi
470 3362 569 3408 curae
592 3344 764 3409 suffocant.
809 3278 1031 3425 (1611661616
1050 3342 1178 3408 morbo·
1231 3344 1357 3426 copiam
1387 3343 1539 3409 alacriter
1568 3352 1602 3408 et
1627 3342 1790 3427 intrepide
1818 3343 1858 3409 ad
1887 3352 2027 3410 mortem
2059 3364 2208 3428 pergere.

196 3448 273 3490 rum
296 3427 526 3510 contagionem
549 3428 589 3493 ab
612 3428 686 3493 61116
704 3427 747 3494 ad
773 3450 834 3494 nos
861 3438 978 3512 sponte
1012 3449 1179 3496 accersere
1231 3429 1456 3496 Neovirorum
1471 3428 1570 3494 modo
1592 3430 1655 3494 fuit
1674 3427 1755 3494 haec
1777 3430 1895 3513 gloria:
1919 3430 1976 3495 sed
1998 3431 2034 3493 in
2056 3429 2209 3494 muliebri

197 3513 305 3589 iuvat,
336 3532 438 3593 quum
466 3513 503 3576 in
529 3520 685 3597 promptu
713 3514 757 3577 sit
783 3515 981 3595 remedium,
1010 3516 1108 3581 modo
1136 3537 1178 3580 ne
1231 3535 1359 3597 quoqne
1382 3536 1465 3580 6616
1488 3515 1561 3598 6166
1585 3537 1683 3598 quam
1707 3516 1802 3581 virile
1823 3516 1922 3580 robur
1939 3517 2032 3580 Deus
2054 3515 2207 3581 ostendit

197 3596 397 3679 1666661611
454 3597 524 3663 Cur
556 3620 622 3663 non
654 3602 764 3680 potius
796 3601 831 3664 in
864 3600 921 3665 illa
952 3608 1020 3666 tam
1054 3601 1178 3667 salubri
1231 3600 1349 3664 Nullas
1384 3608 1473 3666 certe
1506 3601 1656 3666 cordatus
1688 3601 1843 3666 mulieres
1874 3600 2041 3666 celebrant
2079 3611 2209 3666 veteres

197 3681 296 3748 Pauli
336 3680 558 3748 admonitione
588 3684 820 3767 acquiescunt?
880 3685 966 3750 Nem
1000 3708 1103 3768 quum
1137 3687 1179 3750 de
1231 3686 1403 3766 historiae,
1432 3687 1551 3770 quibus
1580 3709 1647 3752 non
1675 3687 1909 3770 respondeant,
1940 3708 2022 3769 quas
2052 3687 2209 3752 adecem

196 3767 392 3853 Hymenaeo
414 3776 447 3832 et
456 3767 589 3833 Phileto
611 3769 767 3853 loquutus
789 3778 884 3847 esset,
907 3791 1046 3853 quorum
1066 3772 1178 3854 lapsus
1231 3771 1327 3836 annis
1344 3771 1653 3854 protulitFlandria
1671 3775 1837 3839 etArtesii
1855 3772 2038 3838 comitatus.
2073 3773 2209 3857 Ergone

196 3875 351 3939 magnam
385 3852 637 3936 trepidationem
670 3856 819 3920 incutere
858 3864 989 3938 poterat
1027 3857 1179 3922 omnibus
1230 3856 1357 3939 perfida
1389 3858 1596 3939 quorundam
1631 3858 1771 3924 desertio
1803 3856 1901 3924 fidem
1930 3867 2078 3922 nostram
2114 3878 2208 3923 ever-

197 3941 275 4022 piis:
300 3939 414 4004 statim
437 3939 523 4022 quod
546 3940 587 4004 ad
611 3960 666 4004 eos
688 3939 869 4006 fulciendos
892 3941 1008 4018 valeat,
1032 3942 1176 4008 subiicit:
1230 3941 1299 4007 1611
1345 3939 1448 4008 Sacer
1468 3943 1525 4006 ille
1547 3947 1690 4028 sanguis,
1713 3945 1807 4010 ouius
1827 3943 1977 4029 singulae
1994 3951 2110 4028 guttae
2132 3944 2209 4009 toti-

197 4026 313 4090 116661
340 4025 488 4109 sigillum
514 4025 592 4091 hoo:
622 4025 726 4093 Novit
752 4027 916 4091 Dominus
945 4029 1000 4110 qui
1029 4028 1079 4092 sui
1112 4028 1179 4093 siut
1231 4027 1306 4093 dem
1327 4029 1391 4112 piis
1413 4026 1565 4094 cordibus
1586 4040 1664 4094 66111
1681 4029 1798 4114 sigilla,
1822 4039 1995 4097 evanescet
2011 4031 2084 4096 sine
2102 4030 2209 4113 pretio

198 4112 480 4196 (11116219).
525 4112 617 4194 Ergo
647 4109 688 4176 ab
716 4111 888 4193 iniquitate
917 4111 1063 4178 discedet
1089 4114 1178 4196 quis·
1231 4121 1264 4178 et
1292 4113 1437 4179 11116161
1482 4113 1579 4194 Quod
1607 4116 1634 4180 si
1662 4115 1727 4179 illis
1755 4123 1824 4179 tam
1853 4116 1927 4179 vilis
1955 4126 2018 4194 est,
2047 4118 2210 4182 nouerit

198 4197 271 4279 quis
288 4197 421 4261 invocat
441 4218 562 4262 nomen
579 4196 725 4262 Domini.
760 4195 872 4278 Quum
893 4199 965 4263 noti
983 4207 1017 4264 61
1035 4198 1179 4266 celebres
1230 4207 1342 4263 tamen
1376 4200 1462 4282 apud
1490 4201 1600 4264 Deum
1633 4200 1802 4284 inglorius.
1858 4201 1928 4266 Nec
1960 4222 2038 4265 vero
2072 4203 2210 4286 impune

199 4283 340 4348 fuissent
360 4281 409 4347 illi
432 4282 507 4361 duo,
529 4281 602 4348 ficri
625 4304 689 4346 non
712 4304 806 4366 posse
829 4283 922 4348 videt
941 4284 1076 4365 Paulus,
1099 4286 1178 4368 quin
1230 4284 1296 4350 illis
1325 4284 1437 4366 cedet,
1465 4294 1583 4369 sponte
1610 4308 1645 4351 se
1672 4287 1801 4351 miseris
1830 4286 1956 4351 Christi
1987 4286 2210 4353 desertoribus

198 4367 279 4431 alios
302 4389 361 4433 suo
383 4369 575 4451 praecipitio
597 4367 714 4432 saltem
732 4369 773 4433 ad
793 4370 978 4435 notandum
995 4369 1176 4454 impellant.
1231 4369 1394 4436 addidisse
1416 4372 1531 4436 161666
1554 4372 1702 4436 comites:
1735 4391 1790 4437 eos
1813 4393 1890 4437 vero
1918 4371 2122 4456 neglexisse,
2153 4374 2210 4456 qui

197 4452 330 4518 11166166
353 4463 465 4520 166166
488 4454 657 4532 hortatur,
687 4462 861 4520 61666616
888 4458 923 4520 16
945 4456 1010 4520 Dei
1038 4457 1178 4522 tutelam
1230 4464 1380 4538 porrecta
1400 4477 1501 4521 manu
1521 4456 1561 4521 ad
1584 4457 1710 4522 coelum
1733 4478 1793 4523 nos
1814 4466 1943 4523 vocant.

200 4537 401 4616 recumbant,
426 4540 657 4623 acpericulum
671 4561 742 4606 esse
764 4549 874 4624 negat,
896 4541 1115 4626 neinsculpta
1136 4542 1177 4607 ab
1316 4541 1426 4606 Venio
1455 4541 1496 4606 ad
1519 4542 1722 4609 obstaculum
1752 4542 1850 4620 illud,
1879 4543 1966 4626 quod
1988 4552 2101 4609 nostro
2124 4554 2209 4610 tem·

199 4622 270 4704 ipso
303 4624 418 4690 salutis
451 4635 530 4691 nota
563 4646 713 4709 unquam
745 4625 901 4691 deleatur.
952 4626 1101 4706 Interea,
1134 4649 1178 4693 ne
1228 4647 1307 4710 pore
1335 4628 1455 4693 multos
1485 4649 1504 4692 a
1535 4630 1686 4711 propiore
1712 4628 1841 4693 Christi
1868 4649 2000 4695 accessu
2031 4631 2210 4712 prohibuit.

198 4708 271 4790 quis
293 4709 370 4772 ficta
391 4711 598 4776 invocatione
626 4713 780 4795 profanet
807 4732 937 4778 sacrum
959 4713 1024 4778 Dei
1045 4732 1176 4792 nomen,
1228 4713 1316 4777 Nem
1342 4714 1516 4797 primarios
1543 4716 1746 4780 renascentis
1773 4715 1936 4799 evangelii
1965 4715 2114 4782 doctores
2142 4738 2210 4782 nou

200 4791 364 4890 admonet.
408 4795 503 4859 Vidit
528 4805 561 4860 et
588 4797 730 4863 Ioannes
756 4798 818 4864 hoc
848 4797 1038 4863 scandalum
1067 4797 1108 4863 ab
1136 4800 1177 4864 iis
1228 4798 1326 4864 modo
1347 4799 1520 4864 contrariis
1547 4800 1754 4882 opinionibus
1779 4800 1869 4891 111161
1897 4821 1933 4865 66
1955 4800 2124 4882 dissidere,
2151 4803 2210 4867 sed

200 4877 339 4956 66111661,
376 4880 432 4960 qui
470 4885 543 4959 [pag.
570 4887 625 4961 70]
660 4884 780 4966 impiae
813 4881 979 4949 doctrinae
1011 4905 1177 4950 venenum
1230 4883 1350 4949 acriter
1371 4885 1470 4950 etiam
1493 4888 1665 4970 confligere
1683 4886 1847 4952 viderunt.
1893 4887 1958 4953 Hic
1979 4887 2108 4954 animos
2129 4888 2209 4954 eub-

199 4963 384 5062 spargendo
403 4965 557 5061 ecclesiae
575 4974 655 5034 tuno
674 4969 886 5035 vehementer
904 4970 1072 5036 nocebant.
1110 4969 1179 5037 Sed
1229 4970 1269 5034 iit
1297 4968 1473 5048 dubitatio,
1503 4981 1663 5055 quantum
1693 4972 1769 5038 fidei
1799 4972 1986 5038 habendum
2013 4972 2100 5038 foret
2120 4975 2209 5040 inter

201 5049 278 5115 dum
301 5050 334 5114 rd
357 5051 429 5114 fier1
451 5057 593 5115 testatur
616 5058 646 5133 (1
668 5053 834 5135 loann2,
856 5055 920 5140 19),
943 5063 981 5121 61
1002 5054 1113 5140 6616111
1134 5057 1179 5123 611
1229 5054 1409 5139 primordia
1436 5055 1713 5124 dissentientibus.
1757 5058 1868 5123 Metus
1895 5059 1994 5123 etiam
2020 5060 2137 5138 subiit,
2165 5081 2208 5125 ne

198 5157 264 5201 non
287 5157 358 5201 6666
385 5156 499 5200 616666
521 5157 562 5201 61
592 5139 722 5220 piorum
744 5147 855 5221 coetu,
884 5143 939 5224 qui
966 5162 1088 5208 nomen
1115 5141 1178 5209 eibi
1229 5148 1355 5207 temere
1377 5141 1576 5223 prosilirent,
1602 5143 1689 5208 unde
1708 5143 1826 5227 pedem
1848 5145 1970 5211 referre
1993 5166 2062 5210 non
2084 5146 2206 5212 liceret
