4590 5902
140 256 200 321 6⁷1
938 254 1066 321 VERA
1089 250 1355 322 EOOLESIAE
2092 256 2155 318 672

138 445 225 511 alere
247 444 385 527 spurios.
431 441 527 525 Quod
550 442 614 507 nisi
636 441 771 509 Oenalis
797 451 904 508 totum
926 444 1045 528 eapitis
1068 445 1119 509 sni
1171 451 1295 520 ratum,
1324 442 1378 508 vel
1399 442 1427 506 ei
1451 441 1493 507 ad
1515 444 1710 528 sanguinem
1734 464 1838 527 usque
1859 443 2079 528 pugnandum
2100 445 2156 510 sit

136 551 277 599 aoumen
299 531 333 595 in
353 530 452 594 mitra
472 528 647 612 episeopali
665 527 809 607 haberet,
832 550 1002 614 nunqnam
1020 531 1067 595 ita
1084 552 1119 596 se
1171 526 1344 608 Equidem,
1367 535 1407 593 ut
1428 538 1480 594 est
1501 529 1598 595 homo
1620 529 1864 614 sanguinarius,
1887 550 1955 603 000
1977 529 2102 608 dubito,
2128 529 2159 596 01

136 617 344 701 propinasset
365 615 418 681 vel
438 616 550 699 pueris
572 613 755 680 ridendum.
801 614 891 696 Quid
914 617 1002 681 enim
1026 616 1119 682 obse-
1171 612 1358 678 trucidandi
1391 622 1501 680 essent
1533 637 1647 681 omnes
1675 616 1740 681 Dei
1768 617 1870 695 servi,
1903 613 2158 699 fundendusque

136 724 193 770 oro
215 703 286 768 risu
307 700 449 786 dignius,
472 720 571 784 quam
592 721 694 783 quum
711 701 897 767 emissarios
914 710 1027 767 tauros
1044 704 1119 786 pin·
1170 699 1327 764 innoxius
1345 701 1492 767 virorum
1510 702 1634 784 pariter
1656 722 1695 767 ao
1715 701 1891 767 mulierum
1908 703 2053 786 sangnis,
2076 702 2158 786 quin

138 790 249 873 guiter
280 789 314 852 in
349 788 415 853 otio
448 797 482 852 et
511 807 613 870 usque
645 786 687 851 ad
717 788 868 871 saginam
900 789 990 871 pasoi
1018 788 1132 866 iubet,
1171 806 1206 849 00
1228 784 1368 852 libenter
1390 786 1646 871 antesignanum
1668 788 1838 872 praebeat:
1865 809 1925 854 000
1947 796 2058 854 autem
2079 808 2159 871 par·

139 880 215 955 [pag.
237 879 311 953 100]
332 894 374 938 00
395 871 521 939 soboles
544 892 630 938 nova
651 873 860 939 suooreseatl
908 874 1034 939 Verum
1057 874 1119 941 hoe
1172 890 1247 935 oere
1282 871 1405 939 didieit.
1452 872 1644 953 Caeterum,
1681 895 1786 956 quum
1818 873 1908 940 huno
1934 872 2156 958 Oyelopem1)

138 960 272 1026 maioris
300 960 481 1025 etiamnum
510 959 673 1024 amentiae
694 966 759 1036 est,
787 958 873 1043 quod
896 981 999 1043 quum
1020 959 1118 1026 bene·
1171 955 1360 1037 videamus,
1389 980 1454 1024 non
1482 960 1593 1026 minus
1621 959 1729 1044 rigida
1754 959 1936 1042 pertinaeia
1963 959 2005 1025 ad
2028 979 2158 1046 oppug-

138 1046 314 1113 dietionem
336 1066 429 1110 suam
441 1044 606 1109 Dominus
631 1038 723 1110 iooet
739 1044 876 1131 humani
894 1046 1026 1129 generis
1044 1067 1119 1129 pre·
1172 1041 1317 1108 nandam
1337 1045 1512 1110 veritatem
1534 1046 1701 1125 insistere,
1724 1067 1823 1129 quam
1845 1045 1973 1112 rabioso
1995 1046 2157 1113 adversus

28 1148 37 1162 ·
137 1153 160 1216 p
224 1132 361 1207 tionem,
390 1130 523 1197 Oenalis
544 1130 639 1213 quasi
658 1131 824 1197 inlelieem
850 1140 1011 1197 strumam
1036 1131 1120 1198 seal-
1172 1127 1342 1195 semodio
1365 1131 1494 1215 flagret,
1517 1131 2157 1217 plusquamturpesflagitiosiquesu·

136 1219 223 1370 0010
242 1218 381 1284 reseeari
403 1215 578 1300 praeeipit:
602 1224 636 1280 et
652 1217 892 1300 qnasifortnito
904 1217 1121 1302 gignerentur
1171 1234 1256 1294 mus,
1278 1215 1366 1280 siin
1388 1217 1590 1283 eonlessione
1611 1218 1759 1284 sineeree
1779 1217 1857 1283 fidei
1879 1221 1988 1284 minus
2011 1216 2157 1284 ostendi·

153 1304 241 1382 'beri,
263 1302 359 1369 timet
379 1323 422 1368 ne
443 1322 545 1385 supra
565 1303 689 1368 iustum
711 1303 845 1368 modum
867 1312 1120 1370 010100000ου-
1171 1320 1246 1365 mus
1268 1304 1481 1369 oonstantiae.

137 1411 257 1456 merus.
301 1387 371 1455 Sed
397 1387 500 1472 digna
531 1397 583 1453 000
610 1387 770 1473 saerilega
797 1389 914 1455 talium
946 1387 1120 1454 hominum
1257 1387 1367 1470 Atque
1377 1389 1406 1471 ²)
1429 1396 1468 1454 00
1488 1388 1531 1454 ad
1553 1389 1794 1455 reformationis
1815 1388 2020 1456 adulterinae
2041 1390 2158 1457 fnenm

137 1475 302 1561 snperbia,
324 1496 408 1558 quae
429 1474 517 1540 sein
539 1486 705 1540 extremas
733 1494 877 1558 quasque
898 1475 1119 1542 absurditates
1171 1482 1332 1539 revertar:
1368 1496 1472 1558 quum
1497 1476 1708 1559 perspieuum
1730 1476 1789 1554 sit,
1823 1483 1926 1542 totam
1953 1475 2022 1543 illio
2053 1497 2156 1542 sanae

136 1561 338 1646 praecipitet
383 1560 472 1626 Nam
504 1561 533 1625 si
568 1568 614 1625 tot
648 1562 865 1627 monstruosis
899 1561 1119 1627 nefandarum
1171 1556 1339 1624 doetrinae
1372 1561 1597 1627 sineeritatem
1628 1562 1807 1645 eorrumpi,
1840 1562 1989 1645 quisquis
2022 1581 2062 1627 eo
2092 1560 2157 1629 sibi

137 1647 374 1714 seortationum
404 1645 564 1729 exemplis
590 1647 696 1713 saneti
726 1647 870 1732 eoniugii
892 1655 1118 1732 contemptum
1170 1644 1280 1709 0001οο
1301 1645 1386 1711 111101
1404 1647 1499 1727 01000,
1521 1647 1681 1731 quomodo
1693 1669 1729 1713 00
1741 1646 1971 1714 Christianum
1979 1646 2154 1731 probabit?

136 1733 228 1800 ultus
249 1732 420 1799 eatDeus:
443 1740 566 1815 quanto
583 1733 734 1816 graviore
751 1733 911 1817 supplicio
929 1733 1022 1818 digni
1038 1742 1119 1800 sunt
1170 1727 1278 1796 Video
1310 1731 1477 1814 equidem,
1531 1754 1592 1798 uae
1626 1733 1773 1816 perionla
1804 1734 1957 1800 omnibns
1986 1735 2157 1819 proposita

138 1819 364 1887 eontumeliosi
386 1819 442 1884 isti
463 1817 620 1897 insultus,
650 1818 768 1902 quibus
796 1818 975 1885 baeehatur
994 1819 1118 1903 imper·
1170 1815 1248 1895 sint,
1271 1818 1327 1900 qui
1347 1816 1490 1902 ingenue
1508 1754 1685 1885 dhristum
1706 1820 1854 1886 eonfiteri
1874 1819 2002 1887 volent:
2028 1825 2156 1905 quanta

138 1914 256 1971 tnnum
278 1904 340 1970 hoe
362 1903 508 1969 animal?
554 1903 747 1981 Caeterum,
776 1913 815 1969 ut
835 1905 961 1970 nomini
984 1926 1043 1972 sue
1065 1925 1118 1971 re·
1171 1902 1260 1984 apud
1282 1904 1453 1986 imperitos
1481 1903 1608 1970 invidia
1634 1913 1832 1990 urgeantur:
1856 1913 1981 1989 quanta
2005 1905 2043 1972 in
2063 1906 2156 1973 futu·

137 1989 297 2075 spondeat
318 1989 488 2067 Ooenalis,
501 1991 525 2071 ¹)
555 1990 678 2055 iterum
699 1987 742 2055 ad
760 1991 906 2056 eulinam
927 1991 1118 2058 revolvitur.
1170 2009 1248 2052 rum
1277 1998 1407 2072 tempus
1439 1989 1575 2055 infamia
1601 2010 1657 2057 eos
1690 1999 1830 2057 maneat
1877 1996 1952 2071 [pag.
1978 1997 2056 2072 001]
2086 1990 2156 2059 Sed

136 2077 224 2143 Nam
246 2077 274 2141 si
296 2076 423 2142 homini
441 2075 586 2141 solitario
608 2077 666 2142 vix
687 2077 761 2154 tria,
789 2076 906 2160 inquit,
936 2076 1120 2144 saeerdotia
1171 2073 1237 2138 iam
1260 2083 1337 2140 ante
1359 2074 1529 2154 admonui,
1559 2076 1643 2141 nihil
1665 2077 1749 2141 tanti
1771 2098 1852 2155 esse,
1882 2085 1920 2143 00
1939 2076 2156 2144 deflectamus

137 2162 319 2241 suffioiunt,
354 2161 515 2247 quomodo
541 2181 737 2228 numerosae
763 2162 905 2228 familiae
934 2185 1040 2228 unum
1066 2172 1120 2228 sat
1171 2159 1213 2225 ab
1234 2180 1273 2224 ea
1295 2159 1445 2227 doetrina
1465 2163 1502 2225 in
1524 2183 1588 2244 qua
1609 2171 1643 2228 et
1664 2163 1728 2228 Dei
1751 2162 1857 2247 gloria
1874 2172 1908 2228 et
1924 2162 2157 2230 totiusmundi

138 2247 222 2348 erit?
267 2247 342 2313 Nisi
363 2248 437 2332 plus
459 2268 559 2332 quam
580 2268 696 2314 veeors
715 2258 812 2328 esset,
836 2269 947 2314 annon
959 2251 1119 2349 eogitaret
1170 2245 1262 2311 salus
1283 2248 1478 2346 continetur
1514 2248 2156 2349 οΝοιο00000000001ι1001οι100100·

136 2342 368 2487 ttttmtt
388 2354 715 2503 attttttt
733 2333 1119 2506 tttssltfttlht
1171 2333 2040 2506 tttttthttttnt„ttnttttttltt
2057 2355 2156 2499 tt

137 2515 346 2583 assueseunt,
375 2503 433 2571 sed
461 2506 533 2574 istis
562 2505 730 2585 solitariis,
758 2527 839 2589 quos
865 2507 981 2585 iaetat,
1015 2507 1119 2572 multo
1171 2503 1271 2570 nimis
1299 2512 1411 2570 temen
1439 2505 1614 2590 indignum
1635 2516 1701 2586 est,
1728 2507 1886 2573 maiorem
1915 2506 2052 2573 anobis
2079 2528 2156 2590 pro-

136 2612 266 2676 semper
287 2591 430 2675 amplius
451 2612 523 2657 esse
544 2589 793 2669 sodalitinml²l
829 2592 1022 2678 Frugaliter
1043 2612 1119 2658 eum
1170 2590 1263 2673 priae
1296 2591 1403 2655 lamae
1441 2591 1605 2657 rationem
1638 2591 1752 2658 haberi
1785 2613 1884 2675 quam
1915 2592 1982 2658 Dei
2012 2593 2155 2678 gloriae:

136 2698 249 2829 tlt
263 2676 972 2831 tltffllttttttlt⁰¹33}
989 2700 1120 2829 quill?
1171 2676 1404 2828 ttsstttt
1420 2677 2157 2831 “ltlttt‘ttlt'lttttttth

137 2871 237 2934 quam
258 2784 616 2932 melletriees,psepurioe,
639 2838 776 2916 lenones
797 2786 945 2916 0ορ101100
966 2786 1119 2933 e’xplileve·
1171 2783 1618 2932 eoelipterraeqdeqiudieem,
1641 2849 1785 2933 adeoque
1807 2850 1842 2913 in
1856 2786 1991 2934 adgelos
2007 2860 2043 2915 et
2060 2871 2156 2917 sano·

138 2936 223 3016 rint,
256 2935 361 3002 multo
394 2935 563 3001 uberiores
597 2934 764 3019 absumpti
803 2944 902 3002 erunt
927 2946 1118 3020 proventus,
1171 2940 1224 2998 tos
1246 2955 1359 3000 omnes
1381 2936 1437 3018 qui
1464 2936 1740 3003 01000000000100
1769 2935 1993 3002 subsoribunt:
2024 2935 2156 3002 beatam

159 3043 239 3088 uam
266 3022 323 3106 qui
349 3021 463 3086 multis
496 3020 645 3088 honestis
677 3021 810 3088 familiis
842 3043 938 3105 pares
969 3022 1118 3088 frrissent
1171 3019 1262 3085 illam
1284 3021 1582 3100 immortalitatem,
1611 3043 1695 3106 quae
1721 3022 1815 3087 nobis
1836 3023 2000 3104 promissa
2022 3029 2088 3101 est,
2118 3042 2156 3089 ae

136 3043 226 3190 auid
253 3108 401 3192 prosimos
429 3105 528 3173 luxus
555 3127 761 3186 enumerem,
788 3107 825 3173 in
853 3129 934 3192 qnos
960 3107 1120 3192 quidquid
1170 3104 1206 3169 iu
1230 3105 1328 3173 000110
1355 3108 1513 3189 reposita,
1542 3107 1667 3173 mundo
1694 3117 1728 3173 et
1749 3107 1826 3173 huie
1854 3105 1995 3175 eadueae
2022 3107 2157 3174 vitaea

135 3193 352 3277 undeounque
375 3213 490 3276 rapere
518 3194 644 3276 possint
664 3193 720 3261 vel
741 3192 873 3273 radere,
903 3201 1061 3277 tanquam
1082 3193 1119 3259 in
1171 3191 1266 3258 nobis
1293 3193 1491 3276 posthaberi.
1536 3193 1609 3258 Iam
1637 3200 1767 3277 tempus
1792 3193 1952 3278 postulat,
1985 3200 2025 3258 00
2052 3191 2156 3260 fidem

136 3280 285 3364 gurgites
295 3278 510 3345 inexhaustos
527 3279 717 3362 proiieiunt:
740 3288 778 3345 ut
794 3280 972 3348 videantur
989 3289 1119 3346 tantum
1171 3286 1327 3355 nostram,
1341 3299 1450 3361 quam
1471 3278 1610 3345 antehae
1636 3279 1752 3365 lingua
1778 3290 1812 3344 et
1832 3286 2017 3345 atramento
2038 3300 2155 3345 summ

136 3364 179 3431 ad
200 3362 401 3448 perdendam
422 3365 596 3448 peenniam
625 3365 808 3449 ingeniosi?
853 3366 942 3432 Nam
962 3387 1027 3451 quo
1048 3387 1118 3431 ma·
1170 3363 2034 3450 00010001,0000010000000000001000010000100.
2080 3364 2156 3431 Iam

136 3450 188 3535 gis
210 3449 395 3528 abundant,
423 3459 528 3516 totum
555 3452 623 3517 fere
652 3452 765 3518 orbem
793 3454 1119 3532 [00000011100101-
1170 3447 2069 3600 011000,οτ1000001001000010010(1110000000Ιο,
2098 3450 2155 3517 de-

135 3543 221 3621 gunt
242 3536 311 3602 suis
334 3537 538 3620 eorruptelis.
548 3538 577 3620 ⁸)
622 3536 742 3614 Porro,
771 3547 809 3602 ut
837 3559 872 3603 00
899 3539 1118 3605 tribenefieia·
1193 3555 1347 3602 ueramus
1368 3536 1404 3600 in
1432 3535 1494 3602 hae
1520 3535 1732 3603 meditatione
1759 3558 1831 3603 0000
1853 3539 2035 3604 exereitati.
2080 3536 2156 3604 Hoo

136 3622 196 3686 riis
224 3621 292 3687 0010
320 3619 480 3697 venditet,
510 3622 729 3707 vertiginosos
757 3623 911 3706 appellat,
934 3626 990 3707 qui
1013 3646 1118 3690 unum
1170 3623 1260 3688 enim
1282 3622 1427 3705 primum
1449 3622 1553 3689 veluti
1574 3624 1762 3690 tiroeinium
1773 3632 1832 3702 est,
1855 3645 1919 3707 qno
1941 3645 2017 3690 sues
2029 3620 2155 3690 erudit:

136 3706 278 3792 singulis
296 3706 516 3773 saeerdotium
533 3707 713 3791 assignant.
748 3708 857 3789 Certe,
876 3730 896 3774 0
914 3710 997 3775 bone
1013 3719 1117 3793 pater,
1171 3717 1209 3773 ut
1235 3729 1271 3773 00
1297 3709 1386 3790 ipsos
1408 3708 1624 3793 abnegantes,
1653 3709 1870 3792 tollentesque
1892 3730 2025 3776 eruoem
2046 3731 2155 3786 snam,

136 3800 195 3859 aut
220 3791 364 3869 ebrium,
399 3801 457 3857 ant
481 3792 565 3858 bene
598 3801 748 3858 saturum
781 3795 881 3860 fuisse
914 3802 946 3860 te
980 3800 1117 3880 op'ortet,
1171 3793 1213 3858 ad
1239 3804 1381 3859 mortem
1408 3792 1570 3860 indefesso
1594 3816 1692 3860 eursu
1720 3804 1904 3879 properent
1949 3795 2048 3861 Nune
2079 3816 2156 3879 per·

136 3900 239 3963 quum
260 3886 356 3944 tanta
377 3878 541 3962 vertigine
569 3880 733 3962 pereitnm
760 3880 821 3945 tibi
848 3882 1019 3946 oerebrum
1046 3881 1118 3960 fuit,
1169 3878 1247 3946 inde
1270 3879 1348 3945 novi
1375 3900 1490 3947 sumus
1516 3879 1559 3946 ad
1586 3880 1756 3946 subeunda
1783 3901 1845 3964 pro
1873 3881 2037 3966 evangelii
2061 3884 2156 3948 testi·

137 3975 176 4031 ut
195 3965 346 4031 ordinem
367 3963 456 4029 hune
477 3963 663 4047 improbare
684 3964 833 4045 auderes,
854 3988 951 4050 quem
969 3967 1119 4033 0000010-
1170 3966 1281 4031 monio
1303 3965 1457 4048 perieula,
1478 3987 1516 4032 00
1537 3968 1566 4031 01
1588 3966 1717 4032 00110ιο
1734 3988 1881 4050 unquam
1902 3967 1989 4033 filius
2007 3968 2075 4034 Dei
2093 3968 2156 4035 hae

137 4051 214 4117 simi
242 4072 370 4134 quoque
398 4059 431 4115 et
456 4049 689 4134 improbissimi
717 4073 785 4116 non
816 4051 913 4118 modo
943 4054 1038 4118 fateri
1067 4075 1119 4119 oo·
1172 4051 1212 4117 de
1246 4073 1298 4130 re,
1337 4072 1436 4135 quam
1469 4051 1601 4119 assidue
1637 4051 1796 4132 inouloat,
1834 4054 1973 4119 verbum
2012 4054 2154 4121 feoisset

137 4144 262 4222 guntur
290 4158 363 4203 esse
390 4135 510 4200 rationi
531 4145 802 4214 consentaneum,
832 4138 890 4203 sed
919 4147 1075 4222 tanquam
1100 4163 1120 4205 0
1172 4137 1284 4219 Quum
1307 4137 1386 4202 olim
1408 4138 1509 4204 Gaius
1529 4137 1682 4223 Caligula
1690 4139 1719 4225 ⁸)
1747 4147 1891 4204 statuam
1913 4159 2008 4204 suam
2031 4138 2159 4207 Hiero*

137 4233 259 4289 natura
282 4223 441 4289 diotatum
462 4224 588 4288 servari
610 4223 824 4307 praecipiunt.
1171 4223 1308 4308 solymis
1330 4224 1365 4288 in
1388 4223 1510 4306 templo
1527 4223 1677 4291 oollooari
1698 4223 1896 4304 mandasset,
1918 4222 2033 4290 Iudaei
2056 4225 2156 4292 undi-

224 4308 406 4459 Posfflram
415 4307 571 4373 eoelestus
586 4307 641 4374 hie
652 4307 782 4385 nebulo,
800 4309 960 4393 quidquid
973 4332 1121 4395 unquam
1171 4331 1236 4393 que
1257 4309 1349 4393 quasi
1372 4330 1471 4392 apum
1499 4310 1669 4389 examina,
1697 4331 1764 4376 000
1791 4320 1829 4374 00
1851 4311 1883 4376 vi
1913 4319 1947 4376 et
1967 4332 2072 4376 manu
2093 4314 2157 4377 im·

138 4394 175 4459 in
208 4413 268 4459 sua
343 4390 446 4459 rbona
473 4392 607 4459 haurire
634 4394 742 4478 potuit
774 4393 1052 4479 blasphemiarum
1084 4397 1120 4463 in
1172 4394 1325 4479 peditent
1347 4395 1412 4461 tale
1434 4395 1653 4480 saerilegium,
1680 4395 1739 4462 sed
1760 4404 1797 4462 ut
1818 4398 1962 4463 oervioes
1984 4417 2062 4463 suas
2085 4397 2157 4483 gla-

138 4478 251 4544 Deum
271 4479 425 4557 evomuit,
448 4478 591 4559 demum,
612 4480 749 4546 sublatis
771 4483 933 4561 eornibus,
956 4483 1121 4549 thrasoni·
1173 4481 1236 4548 diis
1264 4489 1481 4566 opponerent,
1511 4503 1569 4564 pro
1597 4481 1803 4549 vendieanda
1828 4489 1896 4547 tem
1918 4483 1943 4547 li
1969 4484 2157 4565 maiestate,

139 4585 212 4632 eam
234 4564 424 4631 iactantiam
444 4566 549 4632 efflat:
572 4587 608 4633 se
629 4567 665 4632 in
687 4587 821 4632 arenam
843 4567 1040 4635 deseendere
1062 4591 1120 4652 pe-
1172 4589 1368 4634 eonenrsum
1396 4565 1438 4632 ad
1466 4567 1652 4652 praesidem
1678 4569 1835 4634 feeerunt.
1879 4504 1997 4652 risque
2023 4570 2158 4637 subitus

1172 4653 1229 4718 ille
1257 4653 1443 4717 animorum
1471 4653 1616 4735 impetus
1644 4654 1724 4732 1010,
1757 4654 1950 4737 quistatim
1978 4654 2157 4722 resideret:

1173 4737 1232 4804 sed
1253 4739 1380 4821 quoties
1402 4737 1443 4803 de
1464 4739 1578 4822 templi
1598 4744 1671 4818 [pag.
1691 4743 1767 4819 000]
1790 4740 2017 4822 profanatione
2033 4742 2158 4826 ageba·

212 4837 240 4904 1)
258 4838 379 4894 Attendu
398 4856 449 4909 que
468 4841 493 4895 le
512 4856 574 4895 nom
592 4840 625 4895 de
644 4840 752 4896 Cerialis
771 4847 837 4894 veut
854 4848 950 4896 000000
967 4858 1019 4910 que
1034 4842 1121 4911 8000-
1171 4824 1558 4908 11110111111111111111111026
1579 4832 1648 4890 111111
1674 4825 1976 4909 11111119111111111111111
2003 4826 2159 4895 virorum

140 4906 281 5031 pienegcfin
299 4907 333 4962 de
351 4917 486 4963 monstier
510 4907 573 4978 qu'il
597 4910 667 4964 n’est
688 4926 738 4978 pas
761 4911 830 4964 ainsi
848 4909 956 4979 appelle
975 4926 1040 4965 sans
1057 4927 1120 4979 pro-

140 4993 193 5047 pos
251 5015 258 5030 .

209 5043 241 5109 2)
261 5051 324 5099 0000
342 5045 478 5098 tousieurs
496 5045 558 5112 plus
577 5061 775 5116 accompagnez
793 5063 844 5115 que
867 5047 993 5116 lesgans
1011 5048 1120 5102 marien.
1243 5045 1272 5112 1)
1291 5062 1321 5101 00
1339 5062 1404 5114 gros
1421 5048 1544 5103 barbare.

209 5113 239 5179 3)
259 5113 300 5167 La
317 5128 410 5180 gressa
429 5120 491 5180 trop
514 5113 667 5169 abondaute
687 5115 766 5183 qu'ilz
791 5124 874 5189 ont-a
898 5132 1042 5185 corrompu
1060 5123 1121 5171 tout
1241 5115 1272 5180 2)
1291 5114 1594 5170 8001100000Δοεο

139 5182 167 5239 le
184 5182 291 5239 monde·
1241 5183 1272 5250 3)
1294 5183 1392 5240 Gades
1407 5184 1452 5241 bio
1469 5184 1615 5256 dereptam
1632 5189 1722 5241 testea
1739 5184 1861 5243 ueduata
