4620 5894
973 261 1342 332 PROLEGOMHNA.
2037 266 2167 334 XXIII

310 453 458 537 Poquius
476 453 638 538 profugus
659 474 701 519 ex
722 455 905 520 Hannonis
926 462 960 520 et
981 455 1112 521 Artesio
1134 453 1226 520 venit
1243 453 1414 520 Genavam
1433 453 1621 536 paulopost
1638 452 1772 520 Oalvini
1789 453 1942 534 reditum,
1965 475 2053 519 anno
2073 458 2166 533 1542,

151 565 263 649 ibique
292 565 493 649 aliquamdiu
521 564 614 631 verbi
642 564 747 632 divini
772 565 936 632 ministris
963 565 1158 631 familiarem
1186 586 1221 629 se
1252 563 1412 648 praebuit
1475 562 1543 630 Sed
1575 565 1774 631 vaferrimus
1806 564 2029 631 dissimulator
2059 587 2167 649 neque

152 684 309 757 caeteros,
332 678 389 761 qui
410 675 559 753 aderant,
583 676 708 755 Gallos,
728 676 866 744 Calvino
888 676 1117 756 deditissimo,
1140 677 1244 741 latore
1264 675 1379 760 potuit,
1401 697 1507 758 neque
1528 677 1637 760 ipsum
1657 676 1836 742 Calvinum
1858 675 1983 742 diutius
2007 676 2166 761 decipere,

151 789 208 874 qui
235 798 425 873 suspectum
454 789 616 871 hospitem
646 791 682 854 in
709 790 974 872 congregatione,
1003 810 1086 872 quae
1114 787 1167 854 die
1194 787 1336 854 Veneria
1363 787 1477 853 haberi
1505 787 1646 867 solebat,
1675 790 1805 871 saepius
1829 787 2030 873 redarguere
2054 797 2088 854 et
2109 789 2166 854 ad·

150 921 287 967 monere
308 920 443 967 necesse
463 899 588 966 habuit
633 899 804 967 Genevam
827 901 929 985 igitur
950 901 1136 984 relinquere
1158 900 1338 966 consultius
1360 919 1432 965 esse
1454 908 1560 977 ratus,
1593 899 1764 966 discedens
1787 900 1848 966 hoe
1870 901 1940 985 egit
1961 908 1999 966 ut
2020 902 2167 966 testimo·

150 1013 244 1078 nium
268 1011 401 1096 aliquod
422 1012 463 1078 ab
485 1013 599 1078 eodem
620 1013 796 1096 acciperet,
824 1034 887 1096 quo
909 1033 980 1078 sese
1002 1013 1131 1078 iuvaret
1153 1009 1241 1094 apud
1262 1031 1318 1076 eos
1339 1013 1395 1094 qui
1417 1011 1448 1076 ei
1475 1011 1598 1094 aliquid
1626 1012 1812 1077 autoritatis
1840 1013 2046 1091 tribuebant,
2075 1034 2113 1079 ac
2138 1014 2166 1078 si

152 1123 331 1190 diabolicos
353 1124 456 1207 ipsius
478 1144 605 1189 errores
626 1123 832 1207 approbaret.
877 1125 1060 1189 Personam
1081 1143 1160 1188 vero
1183 1144 1277 1188 suam
1300 1144 1368 1188 non
1390 1124 1436 1188 sie
1465 1122 1582 1189 callide
1608 1131 1722 1206 egerat
1742 1125 1821 1206 quin
1844 1124 1961 1188 saltem
1983 1145 2042 1207 pre
2065 1125 2167 1191 deliro

152 1243 186 1301 ot
208 1236 355 1301 fanatico
384 1234 517 1300 homine
543 1255 564 1299 a
590 1234 729 1300 Oalvino
759 1235 943 1301 haberetur.
988 1235 1106 1318 Itaque
1128 1256 1233 1318 nequo
1254 1235 1418 1317 precibus,
1442 1255 1549 1317 neque
1571 1235 1720 1318 exemplo
1743 1236 1871 1314 Bucari,
1895 1236 1988 1300 ouius
2010 1235 2168 1302 laudabat

151 1346 405 1425 humanitem,
427 1367 530 1411 unam
551 1345 718 1412 literulam
739 1347 781 1412 ab
804 1367 841 1412 eo
864 1346 982 1413 elicere
1003 1347 1119 1429 potuit.
1164 1345 1236 1410 Imo
1256 1346 1380 1411 invitus
1402 1345 1542 1411 Calvino
1566 1345 1683 1412 melius
1704 1346 1879 1412 informato
1902 1367 2002 1413 causa
2020 1355 2055 1412 et
2072 1348 2167 1431 quasi

149 1458 315 1543 impulsor
336 1458 408 1535 fuit,
433 1465 471 1523 ut
491 1458 589 1541 paulo
611 1466 685 1542 post
707 1464 884 1524 tractatum
906 1479 1003 1523 suum
1025 1470 1140 1524 contra
1161 1456 1352 1522 Libertinos
1374 1459 1472 1522 etiam
1495 1457 1653 1523 Genavae
1675 1465 1845 1539 serpentes
1866 1458 1985 1537 ederet,
2009 1480 2050 1525 ex
2073 1460 2166 1526 cuius

150 1573 257 1656 capite
279 1578 397 1653 quarto
417 1568 501 1635 haec
523 1568 734 1636 desumimus.
778 1570 925 1653 Poquius
946 1569 1080 1636 interim
1099 1569 1242 1635 redierat
1259 1570 1295 1633 in
1310 1569 1455 1634 Galliam
1476 1568 1535 1634 ubi
1552 1583 1625 1634 tum
1643 1572 1798 1652 temporis
1815 1570 1891 1654 plus
1910 1591 2007 1654 quam
2025 1579 2166 1654 quatuor

149 1682 255 1748 millia
283 1680 457 1746 hominum
483 1681 630 1746 fidelium
660 1690 768 1747 sectae
794 1682 973 1766 coryphaei
1000 1703 1059 1748 sua
1087 1681 1249 1764 spirituali
1277 1680 1480 1746 sublimitate
1501 1689 1535 1746 et
1556 1680 1707 1771 αὐθαδείᾳ
1734 1683 1934 1747 irretierunt.
1978 1683 2053 1746 Viri
2075 1683 2166 1747 enim

149 1802 254 1874 erant,
276 1814 345 1858 non
367 1792 519 1858 doctrina
538 1791 670 1876 quidem
682 1793 840 1879 insignes,
863 1792 921 1859 sed
943 1792 1064 1876 eloquii
1080 1793 1247 1872 facilitate,
1265 1814 1329 1876 qua
1347 1793 1545 1876 simplicium
1564 1793 1674 1859 oculos
1694 1801 1728 1858 et
1745 1802 1872 1858 mentes
1890 1795 2164 1878 perstringebant

150 1903 253 1972 Hand
281 1905 407 1970 infitior
440 1903 558 1988 (verba
585 1911 666 1971 sunt
694 1904 799 1989 ipsius
826 1905 958 1971 Oalvini
986 1905 1007 1969 l.
1032 1904 1052 1969 l.
1076 1923 1145 1989 cap.
1171 1910 1198 1970 5.
1229 1903 1305 1969 edit.
1328 1912 1428 1968 nostr.
1458 1925 1531 1988 pag.
1559 1908 1632 1988 166)
1666 1906 1747 1988 quin
1775 1907 1895 1971 astutia
1928 1927 1992 1989 qua
2024 1912 2166 1970 utuntur

148 2018 332 2102 plurimum
353 2016 442 2099 ipsos
463 2017 563 2081 iuvet.
608 2017 696 2082 Nam
717 2017 813 2081 initio
835 2026 903 2080 tam
924 2037 1011 2081 novo
1033 2025 1066 2081 et
1086 2016 1241 2081 insolenti
1264 2036 1414 2081 sennone
1436 2023 1577 2080 utuntur
1594 2026 1631 2081 ut
1650 2017 1823 2101 rapiantur
1840 2017 1970 2096 idiotae,
1994 2015 2165 2084 credentes

148 2151 183 2196 se
203 2129 241 2194 in
262 2127 373 2194 coelos
394 2125 559 2193 sublatum
582 2128 633 2207 iri,
656 2129 766 2210 sieque
789 2126 954 2193 auditores
975 2149 1050 2193 suos
1073 2148 1251 2210 suspensos
1272 2133 1387 2192 tenent
1408 2126 1517 2211 quoad
1537 2130 1625 2213 ipsos
1645 2128 1693 2193 ita
1713 2130 1909 2195 fascinarint
1929 2136 1967 2194 ut
1988 2128 2165 2212 persuade-

149 2255 247 2307 antur
269 2241 434 2318 umbram,
455 2238 542 2322 quod
564 2238 629 2305 dici
650 2239 741 2318 solet,
764 2261 834 2305 esse
857 2240 1015 2304 arborem.
1060 2237 1156 2305 Adde
1177 2239 1264 2323 quod
1288 2240 1397 2304 omnia
1417 2226 1628 2323 proferebant
1648 2239 1812 2324 picardico
1834 2261 1924 2306 more
1942 2241 2164 2324 pronuncian-

145 2361 209 2431 tes,
242 2352 301 2437 qui
328 2351 427 2436 longe
455 2352 496 2416 ab
522 2351 721 2436 elegantiore
749 2351 921 2417 Gallorum
951 2371 1102 2416 sermone
1134 2350 1345 2431 abhorrebat,
1379 2359 1412 2417 et
1442 2373 1539 2435 quem
1563 2352 1737 2428 Oalvinus,
1770 2353 1827 2436 qui
1857 2354 1928 2436 ipse
1960 2350 2161 2434 Quintinum

145 2463 333 2549 loquentem
356 2462 514 2544 audierat,
536 2463 574 2527 in
594 2453 654 2529 suo
675 2462 760 2528 libro
781 2462 889 2545 lepide
910 2465 1059 2528 imitatus
1078 2461 1230 2530 traducit
2119 2548 2125 2559 ¹

298 2574 524 2640 Nihilominus
544 2574 601 2640 isti
623 2574 783 2654 homines,
806 2573 1020 2658 philosophos
1041 2582 1075 2639 et
1096 2583 1244 2658 pastores
1267 2577 1474 2661 evangelicos
1496 2585 1639 2662 agentes,
1663 2578 1865 2643 subomante
1888 2576 2039 2644 Gerardo
2062 2577 2162 2658 Rufo,

144 2688 231 2773 apud
252 2687 475 2771 Margaritam
497 2685 677 2767 Valesiam,
697 2686 870 2752 Navarrao
891 2687 1058 2772 reginam,
1087 2707 1191 2771 usque
1214 2688 1295 2754 adeo
1317 2710 1388 2755 sese
1410 2690 1637 2771 insinuarunt,
1662 2699 1700 2755 ut
1723 2688 1922 2771 Quintinum
1945 2696 1979 2755 et
1999 2688 2165 2772 Poquium
2274 2671 2276 2676 ⁵

144 2799 333 2866 domesticis
360 2798 429 2864 suis
457 2806 645 2863 accenseret
672 2798 804 2882 suisque
832 2799 1018 2882 sumptibus
1048 2806 1256 2866 sustentaret.
1302 2798 1400 2881 Quod
1427 2801 1587 2869 Calvinus
1615 2803 1649 2866 in
1678 2802 1788 2868 libello
1821 2821 1880 2867 suo
1907 2808 1993 2868 tecte
2021 2801 2163 2884 quidem,

143 2933 259 2982 verum
286 2931 357 2977 non
383 2911 455 2976 sine
481 2910 709 2994 reprobatione
734 2910 859 2976 indicat
880 2915 963 2996 (cap.
989 2912 1034 2997 5.)
1062 2919 1097 2976 et
1116 2913 1266 2979 Historia
1291 2913 1511 2980 ecclesiastica
1537 2912 1648 2997 palam
1675 2921 1817 2979 testatur
1844 2913 1935 2979 I'om.
1959 2913 1987 2993 1,
2010 2934 2086 2998 pag.
2113 2915 2164 2979 22.

143 3026 353 3103 Navarrena,
383 3021 530 3105 alioquin
558 3022 735 3090 lectissima
761 3024 907 3090 foemina
929 3032 962 3090 et
984 3026 1104 3090 summi
1125 3026 1252 3106 ingenii
1275 3035 1375 3109 atque
1397 3026 1648 3110 elegantissimi,
1676 3025 1776 3092 simul
1799 3026 1995 3092 arctioribus
2017 3023 2164 3090 caritatis

144 3136 298 3216 nocuus,
322 3133 465 3218 nequid
487 3135 623 3219 gravim
646 3134 800 3214 dicamus,
823 3137 895 3220 regi
916 3136 1014 3203 fratri
1035 3136 1175 3218 addicta,
1197 3138 1232 3203 in
1254 3138 1353 3204 rebus
1373 3138 1542 3224 religionis
1560 3145 1594 3204 et
1615 3136 1692 3203 fidei
1713 3138 1754 3203 ab
1772 3137 1863 3202 omni
1882 3135 2051 3220 rigiditate
2072 3155 2163 3200 mere

144 3247 337 3334 evangelica
357 3246 553 3326 abhorrens,
581 3253 615 3311 et
637 3248 740 3312 vitam
762 3247 904 3314 aulicam
931 3256 966 3315 et
991 3249 1103 3316 fratris
1125 3251 1263 3316 asotiam
1283 3272 1360 3317 cum
1381 3250 1524 3335 mystica
1544 3249 1686 3334 quadam
1709 3257 1743 3314 et
1763 3249 1845 3315 satis
1866 3248 2024 3332 perplexa
2046 3267 2163 3313 sensu·

147 3360 254 3445 alique
276 3358 400 3444 pietate
420 3358 515 3424 facile
537 3357 758 3443 coniungens,
788 3360 824 3424 in
846 3360 956 3426 media
977 3361 1119 3445 quadam
1139 3363 1276 3428 natabat
1296 3382 1396 3445 aqua,
1423 3363 1668 3446 fluctuabatque
1694 3361 1730 3426 in
1751 3366 1930 3443 utramque
1956 3366 2100 3443 partem,
2130 3363 2164 3423 et

145 3472 287 3540 hbenter
308 3493 365 3538 eos
387 3491 501 3536 omnes
522 3470 677 3537 audiebat
696 3470 753 3555 qui
774 3471 925 3538 turbatae
948 3474 1164 3540 conscientiae
1185 3473 1402 3539 lenimentum
1425 3473 1566 3558 aliquod,
1589 3473 1646 3541 vel
1666 3472 1947 3553 nocentissimum,
1970 3470 2162 3537 afferebant

147 3582 235 3667 Quid
260 3585 386 3649 mirum
412 3584 441 3648 si
469 3581 619 3649 doctores
646 3583 704 3648 isti
731 3582 852 3650 talibus
879 3586 1041 3669 angustiis
1066 3587 1252 3671 exagitatae
1279 3587 1411 3653 avidam
1432 3585 1648 3654 inveniebant
1667 3605 1797 3664 aurem,
1826 3585 1879 3650 oui
1901 3583 2080 3667 soporifera
2101 3602 2163 3648 sua

147 3698 352 3781 sophismata
377 3694 579 3760 instillarent
605 3693 645 3760 de
673 3695 838 3779 spirituali
864 3695 1120 3778 illuminatione,
1149 3697 1189 3764 de
1217 3698 1337 3782 spiritu
1364 3721 1431 3764 uno
1458 3698 1638 3783 eodemque
1658 3699 1694 3763 in
1716 3697 1811 3763 nobis
1833 3702 1867 3762 et
1888 3696 1925 3761 in
1945 3702 2015 3760 toto
2036 3692 2162 3759 mundo

148 3810 258 3874 omnia
278 3808 486 3892 perficiente,
509 3804 550 3871 de
571 3804 740 3897 ἅδιαφορίᾳ
761 3806 923 3874 dictorum
949 3810 1177 3894 factorumque
1198 3821 1402 3889 nostrorum,
1433 3810 1473 3877 de
1501 3809 1761 3877 dissimulatione
1780 3808 1886 3888 licita,
1914 3807 2042 3890 aliaque
2063 3806 2162 3890 plura

148 3941 186 3987 ex
203 3919 340 3987 turbido
360 3918 561 4004 pantheismi
582 3919 732 4003 vulgaris
753 3920 843 3984 tonte
863 3923 1044 3988 manantia.
1088 3921 1192 3988 Haud
1212 3943 1332 4006 parum
1353 3923 1457 4007 igitur
1478 3922 1603 3989 offensa
1622 3923 1686 3987 fuit
1708 3922 1829 4004 scripto
1846 3919 1902 3985 illo
1919 3940 1983 4002 quo
2002 3917 2161 3984 Calvinus

145 4033 291 4100 mascula
315 4039 429 4097 suaet
450 4007 599 4099 anim'osa
619 4031 791 4114 parrhesia
811 4032 913 4099 falsae
934 4033 1033 4100 istius
1053 4031 1282 4118 philosophiae
1302 4032 1456 4117 βδέλυγμα
1473 4033 1515 4100 ad
1537 4034 1643 4102 lucem
1666 4033 1830 4118 protraxit
1847 4050 1990 4115 suaeque
2002 4028 2161 4096 severiori

147 4144 296 4211 submisit
316 4164 485 4210 censurae.
528 4141 643 4208 Facile
671 4164 744 4209 eam
770 4143 1020 4212 Libertinorum
1045 4153 1126 4213 tuno
1154 4147 1349 4229 superstites
1371 4145 1577 4229 patriarchae
1600 4167 1638 4212 eo
1659 4145 1871 4211 adduxerunt
1891 4150 1931 4207 ut
1950 4140 2078 4206 iuberet
2098 4159 2159 4207 suo

147 4258 275 4322 nomine
302 4256 418 4321 literas
447 4253 623 4334 conscribi,
655 4255 773 4338 quibus
799 4271 878 4322 eum
893 4254 1049 4324 'Oalvino
1082 4259 1306 4343 expostulavit
1337 4279 1476 4342 eumque
1510 4257 1731 4333 amarulenter
1763 4256 1861 4321 officii
1892 4253 1945 4320 sui
1977 4252 2159 4319 admonuit.

148 4364 304 4435 Interiora
333 4369 398 4434 hae
426 4368 557 4446 hterae;
591 4368 698 4434 solum
724 4377 834 4435 exstat
862 4370 997 4436 Oalvini
1024 4391 1223 4453 responsum
1248 4371 1365 4455 gallice
1392 4372 1552 4455 seriptum
1582 4378 1617 4435 et
1644 4368 1760 4434 datum
1785 4367 1815 4432 d.
1847 4370 1888 4431 20
1910 4364 2037 4448 Aprilis
2065 4369 2158 4445 1545,

149 4479 227 4562 quod
254 4480 459 4564 impressum
485 4480 608 4564 legitur
633 4480 721 4564 apud
750 4482 886 4547 Bonnet
912 4481 951 4547 Τ.
973 4481 999 4546 I.
1022 4502 1054 4565 p.
1080 4486 1150 4546 111.
1174 4489 1208 4547 et
1230 4483 1351 4567 Henry
1373 4483 1410 4546 Τ.
1433 4482 1479 4548 Π.
1524 4480 1674 4564 Append.
1697 4502 1728 4563 p.
1753 4483 1824 4559 112,
1851 4485 1884 4543 et
1903 4477 2006 4544 latine
2029 4475 2157 4543 Gener.

151 4595 248 4672 1253.
291 4592 396 4658 Laus.
416 4613 450 4676 p.
474 4595 544 4657 132.
589 4592 723 4658 Hanov.
746 4615 778 4678 p.
804 4597 875 4658 148.
919 4594 1027 4659 Amat.
1049 4615 1080 4677 p.
1105 4596 1155 4659 32.

294 4704 411 4770 Prima
436 4703 609 4770 historiola
634 4704 725 4771 ritae
752 4704 884 4771 Calvini
905 4726 926 4771 a
947 4706 1036 4772 Besa
1057 4726 1086 4771 a.
1112 4708 1193 4770 1564
1222 4706 1436 4772 tumultuarie
1462 4704 1650 4789 etquidem
1674 4702 1792 4787 gallice
1819 4704 2004 4788 conscripta
2032 4701 2159 4767 nullam

153 4808 390 4881 uberusorum
416 4816 618 4882 mentionem
645 4817 737 4896 facit3
772 4815 955 4882 Colladonii
982 4817 1174 4901 opusculum
1201 4837 1288 4882 anno
1317 4819 1466 4901 sequenti
1492 4817 1574 4881 item
1600 4814 1718 4900 gallice
1746 4815 1872 4881 editum
1894 4815 2000 4882 solum
2022 4813 2157 4879 titulum

156 4919 244 4991 libelli
264 4927 444 4994 calviniani
466 4937 618 4994 recenset
639 4928 681 4994 ad
704 4951 732 4995 a.
759 4934 851 4995 1545.
894 4929 1022 4995 Verum
1044 4929 1081 4994 in
1102 4929 1183 4994 Vita
1204 4929 1309 4994 latina
1329 4929 1558 5012 Epistolarum
1577 4928 1703 5012 primae
1720 4927 1858 4994 editioni
1874 4927 2057 5011 praemissa
2072 4925 2156 4990 hacc

157 5028 312 5120 leguntur:
356 5039 475 5106 Eodem
503 5061 585 5105 anne
615 5039 768 5108 meana
796 5045 864 5106 tum
889 5040 1121 5125 Aaoboptistos
1148 5046 1214 5106 tum
1242 5041 1432 5120 Libertinos,
1465 5041 1499 5104 ic
1531 5039 1646 5122 quibas
1675 5044 1789 5107 estam
1821 5059 1924 5105 omnes
1955 5036 2157 5120 quantumvis
2177 5066 2196 5087 κ

158 5153 335 5223 Meteone
346 5158 510 5218 renovatae
520 5157 597 5218 aunt
617 5151 766 5233 locam,
788 5152 911 5220 duobus
932 5152 1047 5219 libellis
1069 5154 1115 5218 ito
1135 5153 1294 5235 refutarit,
1316 5158 1352 5219 at
1371 5152 1526 5219 mutan
1546 5153 1590 5219 iia
1607 5158 1720 5220 ateste
1736 5152 1821 5220 aaa
1839 5151 1974 5217 arbitrer
1992 5148 2156 5224 caeduae,
