4590 5902
154 256 219 321 ios
972 255 1073 322 UUM
1093 251 1344 320 ANTIDO'I'O.
2106 256 2171 319 410

154 446 249 523 miae,
275 443 422 525 Thobias,
445 443 565 524 Iudith,
584 443 706 523 Hester,
728 443 793 523 Iob,
818 443 1016 509 Psalterium
1034 442 1135 508 Daoi·
1189 442 1232 506 ad
1257 442 1374 520 Titum,
1398 443 1441 507 ad
1465 441 1687 520 Philemonem,
1710 441 1753 506 ad
1775 440 1954 506 Hebraeos:
1980 439 2067 506 Petri
2084 442 2171 522 Apo·

156 531 262 598 dicum
289 535 409 595 cadum
441 531 671 614 quinquaqinta
700 528 920 608 Psalmorum,
952 527 1136 606 Parabolae,
1189 529 1261 594 stoli
1283 528 1374 605 duae,
1399 527 1533 593 Ioannis
1555 528 1703 609 Apostoli
1722 532 1794 608 tres,
1814 526 1921 592 Iacobi
1932 525 2079 607 Apostoli
2095 547 2172 605 una,

156 615 378 696 Euhsiastes,
411 614 574 680 Canticum
595 616 801 694 canticorum,
834 615 1013 696 Sapientia,
1034 613 1138 679 Eccle-
1191 612 1295 679 Indae
1316 614 1468 694 Apostoli
1489 635 1568 692 una,
1591 614 1851 696 etApooalppsis
1869 613 2003 678 Ioannis
2015 612 2172 693 Apostoli.

154 702 315 781 mastinos,
341 701 474 782 Esaias,
501 700 693 781 Hieremias,
721 722 791 767 omn
813 700 954 779 Barueh,
984 699 1137 780 Ezechiel,
1192 699 1231 764 Si
1263 701 1337 780 quis
1369 705 1472 764 autem
1502 700 1619 765 Libras
1650 700 1738 780 ipsos
1770 701 1907 781 intepros
1936 718 2005 763 ema
2027 699 2173 763 omnibus

155 785 294 865 Daniel,
323 787 486 853 duodecim
516 785 692 869 Prophetae
712 786 865 867 minores,
887 787 923 851 id
943 791 1002 866 est,
1029 785 1137 863 Oseas,
1189 787 1261 850 suis
1280 786 1445 866 partibus,
1469 792 1567 868 prout
1595 787 1629 849 in
1659 784 1804 850 Ecclesia
1828 782 1989 849 Catholtca
2015 783 2076 867 lepi
2104 804 2173 850 eon

157 871 235 950 Ioel,
263 873 372 951 Amos,
400 873 535 951 Abdias,
565 871 673 951 Ionas,
703 870 856 950 Micheas,
887 872 1006 950 Naum,
1029 869 1139 936 Haba-
1190 877 1368 949 sueverunt,
1392 876 1421 935 et
1441 873 1477 936 in
1496 873 1591 936 oderi
1607 870 1735 953 culpata
1753 871 1856 936 latina
1873 870 2005 935 editione
2021 869 2173 935 habentur

156 959 225 1038 aih,
255 957 442 1040 Sophanias,
469 957 611 1041 Appeus,
641 957 831 1037 Zacharias,
860 956 1051 1035 Malachias,
1074 957 1137 1021 duo
1185 977 1248 1039 pro
1268 958 1372 1021 sacris
1394 961 1423 1020 et
1446 955 1629 1035 Canonicis,
1651 977 1713 1020 uon
1730 957 1916 1036 susceperit,
1938 960 1967 1019 ot
1987 956 2174 1021 traditiones

159 1043 432 1123 Machabaemm,
449 1045 580 1125 primm
603 1048 631 1108 et
651 1045 814 1109 secundus.
852 1044 1041 1108 Testamenti
1057 1044 1137 1120 noui,
1186 1042 1371 1124 praedictas
1397 1044 1500 1108 sciens
1531 1048 1560 1107 et
1580 1042 1725 1122 prudens
1745 1042 1972 1121 contempserit,
1993 1040 2174 1106 Anathema

157 1135 292 1212 quatem
318 1129 510 1214 Enarepelia,
538 1129 710 1195 secuudum
738 1128 953 1208 Matthaeum,
981 1127 1139 1207 Marcum,
1191 1129 1243 1193 sit.
1292 1128 1405 1194 Omrres
1426 1129 1531 1209 itaque
1552 1128 1741 1210 inteltipant,
1763 1149 1823 1208 pua
1845 1127 1954 1191 ordine
1976 1132 2004 1191 et
2023 1128 2079 1192 uia
2098 1127 2174 1208 ipsa

158 1215 289 1295 Lucam,
311 1215 480 1280 Ioannem:
497 1215 523 1297 ¹)
541 1214 642 1279 Actus
654 1215 910 1296 Apostoloruma
924 1215 1014 1279 Luca
1032 1213 1140 1279 Eran-
1195 1212 1343 1292 Senectus
1358 1218 1434 1296 post
1455 1217 1572 1279 iactum
1596 1214 1673 1295 fidei
1698 1213 1901 1295 confessionis
1921 1213 2173 1294 fundamentum,

155 1300 269 1386 pelista
287 1301 468 1383 conscripti:
494 1300 733 1382 Qualuordecim
750 1299 913 1382 Epistolae
933 1299 1034 1364 Pauli
1051 1299 1138 1380 Apo
1192 1300 1237 1364 sit
1257 1320 1484 1383 propressura,
1514 1305 1542 1365 et
1567 1301 1680 1380 quibus
1703 1298 1905 1380 potissimum
1927 1299 2114 1364 testimoniis
2135 1317 2173 1364 ac

157 1387 247 1454 stoli.-
275 1387 319 1453 ad
340 1384 514 1465 Rarnauos,
536 1387 618 1452 duae
641 1387 684 1451 ad
708 1384 900 1466 Corinthios,
928 1387 971 1451 ad
996 1385 1140 1464 Galatas,
1166 1410 1169 1511 p
1186 1386 1367 1466 praesidiis
1387 1386 1423 1449 in
1444 1384 1666 1466 confirmandis
1686 1384 1883 1468 dopmahbm
1904 1391 1933 1449 et
1952 1384 2174 1449 instaurandis

157 1472 201 1537 ad
228 1468 405 1552 Ephesios,
435 1472 478 1538 ad
501 1471 741 1553 Philippenses,
764 1473 807 1537 ad
831 1469 1038 1549 Colossenses,
1059 1471 1141 1535 duae
1192 1472 1228 1535 in
1250 1470 1394 1537 Ecclesia
1413 1472 1552 1536 moribus
1573 1474 1618 1537 sit
1638 1491 1748 1536 usura.

156 1559 201 1625 ae
236 1556 546 1638 Trasumenni,
580 1564 654 1635 [pag.
676 1562 730 1636 ss]
758 1559 840 1622 aaa
867 1558 910 1624 aa
935 1516 1169 1635 armenonl

517 1931 776 2000 SECUNDUM
797 1931 1058 1999 DECRETUM
1077 1929 1291 1998 EIUSDEM
1313 1931 1535 2012 QUARsnE
1559 1930 1810 1999 SESSIONIS.

246 2155 388 2236 Insuper
409 2155 517 2220 eadem
536 2160 736 2221 sacrosancta
753 2153 909 2237 Spnadus,
927 2156 1139 2233 considerans,
1165 2197 1168 2213 .
1192 2173 1247 2219 ora
1271 2152 1446 2234 Scriptura,
1461 2158 1664 2237 potissimum
1686 2177 1757 2221 ocra
1778 2155 1852 2221 haec
1869 2157 1943 2236 ipsa
1960 2159 2045 2220 oetas
2062 2159 2091 2220 et
2106 2156 2173 2220 oul-

158 2262 223 2309 uoa
236 2261 360 2323 parum
381 2240 531 2305 utilitatis
552 2241 693 2306 aecedem
714 2259 812 2321 posse
834 2240 993 2305 Ecclesiae
1013 2240 1088 2319 Dei,
1111 2241 1142 2306 si
1166 2250 1168 2301 ἱ
1190 2244 1266 2322 pata
1288 2240 1381 2305 editio
1403 2261 1498 2322 quam
1520 2243 1770 2308 erneridatissime
1792 2242 2011 2321 imprimatur,
2033 2241 2174 2324 nullique

158 2347 198 2393 ea
230 2327 375 2392 omnibus
407 2325 537 2392 Latinis
557 2325 743 2392 editiarribus
768 2347 850 2408 puae
876 2326 1142 2408 circumferrmtur
1166 2304 1168 2405 l
1192 2325 1284 2389 ineat
1310 2327 1504 2408 imprimere,
1533 2329 1580 2394 aet
1613 2328 1758 2410 imprimi
1783 2326 1901 2408 facere,
1929 2328 2056 2408 quomis
2077 2327 2174 2393 libros

160 2417 502 2493 [papt391saarorum
520 2411 699 2489 librorum,
719 2432 873 2492 quaestam
884 2434 947 2493 pro
965 2412 1142 2478 authentica
1193 2411 1231 2474 de
1258 2410 1349 2475 rebus
1375 2414 1478 2477 saeris
1505 2416 1573 2479 sine
1598 2415 1723 2478 nomine
1750 2414 1885 2491 aumris,
1913 2432 2011 2494 neque
2038 2413 2111 2477 illos
2137 2414 2173 2478 in

158 2497 304 2564 habenda
334 2500 392 2579 sit,
422 2498 608 2563 innotescat:
641 2499 751 2562 statuit
779 2503 809 2562 et
828 2498 983 2577 declarat,
1011 2503 1046 2563 ut
1066 2498 1142 2564 haec
1166 2508 1168 2533 ¹
1191 2496 1338 2578 ficturum
1358 2500 1497 2579 uendere,
1519 2506 1575 2566 aut
1595 2500 1691 2564 etiam
1710 2499 1798 2579 apud
1813 2519 1845 2564 se
1862 2499 2003 2577 retinere,
2025 2499 2091 2564 nisi
2099 2500 2172 2580 pri

159 2585 235 2667 ipsa
255 2588 344 2648 uetus
364 2590 394 2648 et
413 2583 542 2665 milpata
564 2583 665 2658 editio,
688 2603 768 2663 quae
789 2583 876 2667 leupo
892 2584 1142 2649 tatsaecularum
1166 2584 1168 2661 Ξ
1192 2603 1279 2646 mum
1301 2585 1477 2649 examinati
1497 2587 1686 2667 probatique
1709 2586 1829 2666 fuerint
1850 2584 1889 2649 ab
1912 2585 2091 2663 ordinario,
2113 2585 2173 2649 sich

159 2691 224 2737 usu
245 2669 377 2751 inipso
399 2667 544 2734 Eulesia
560 2667 697 2751 probata
718 2674 770 2748 est,
793 2671 828 2733 in
844 2668 986 2750 publicis
1006 2670 1141 2735 lectiani
1166 2687 1292 2781 lpoena
1324 2669 1547 2751 anathematis,
1576 2677 1603 2736 et
1623 2673 1790 2752 pecuniae,
1823 2672 1859 2735 in
1889 2669 2013 2736 Conone
2041 2669 2173 2736 Uoudlii

159 2755 236 2834 bus,
264 2755 546 2835 disputationibus,
568 2755 862 2837 praedicationibus
889 2762 918 2819 et
938 2757 1141 2837 eapasitioui-
1166 2808 1168 2831 ,
1192 2754 1359 2818 nouissimi
1392 2755 1618 2823 Lateranensis
1656 2758 1811 2838 apposita.
1867 2755 1913 2821 Et
1944 2758 1975 2821 si
2011 2757 2173 2839 reputares

160 2841 235 2920 bus,
259 2861 321 2923 pro
349 2839 527 2906 authentica
548 2839 714 2918 habeatur,
743 2846 772 2905 et
791 2841 913 2925 quod²)
941 2861 1029 2906 nemo
1050 2841 1141 2906 illam
1166 2860 1169 2895 r
1194 2843 1268 2918 [pag.
1288 2844 1342 2918 sl]
1360 2842 1496 2921 suerint,
1518 2843 1605 2907 ultra
1626 2844 1890 2907 examinationem
1911 2849 1940 2906 et
1954 2843 2172 2922 probationem

159 2925 291 2992 reiicere
312 2928 426 3007 quovis
440 2931 610 3006 praetentu
631 2927 756 3002 audeat,
778 2927 826 2991 ael
842 2932 1035 3010 praesumat.
1193 2925 1389 3004 huiusmodi,
1411 2927 1571 2994 licentiam
1592 2949 1711 3009 quoque
1737 2950 1759 2992 a
1780 2929 1850 2992 suis
1871 2928 2090 3008 superioribus
2111 2930 2170 2994 im

251 3009 422 3077 Praeterea
442 3012 485 3076 ad
504 3013 669 3077 mmoenda
684 3012 863 3092 petulantia
883 3013 1019 3097 inpendi,
1040 3014 1142 3079 decen
1187 3017 1317 3093 patrare
1338 3017 1513 3093 mirmur,
1537 3015 1701 3097 recopnitis
1715 3033 1777 3095 per
1798 3034 1849 3079 eos
1870 3013 1971 3092 tibris,
1994 3015 2087 3078 iuuta
2106 3014 2172 3096 for-

162 3099 223 3176 uit,
249 3101 285 3162 ut
305 3117 394 3162 nemo
417 3117 495 3162 suae
514 3098 704 3178 prudentiae
725 3099 870 3176 innisus,
893 3100 929 3162 in
954 3099 1046 3164 rebus
1065 3099 1142 3180 fidei
1193 3117 1279 3161 mam
1300 3118 1436 3162 suarum
1456 3100 1695 3165 ordinationum.

161 3189 191 3250 ct
209 3202 337 3248 urorum
352 3183 397 3248 ad
415 3182 661 3265 aedificationem
676 3183 834 3248 doctrinae
854 3182 1054 3250 Christianae
1069 3206 1143 3267 per-
1284 3184 1347 3264 Qui
1368 3189 1471 3248 autem
1491 3187 1607 3266 scripta
1627 3205 1678 3250 eos
1695 3185 1929 3264 communicant,
1952 3184 1999 3248 cel
2016 3184 2170 3267 eoulpant,

160 3269 344 3347 lineatione,
365 3288 492 3334 sacram
510 3266 711 3348 Scripturam
733 3269 777 3334 ad
803 3289 878 3333 suas
898 3289 1010 3336 sensus
1026 3281 1142 3336 mutor-
1193 3268 1260 3333 nisi
1280 3274 1372 3334 antea
1392 3271 1566 3336 examinati
1586 3271 1774 3352 probatique
1800 3269 1934 3351 fuerint,
1963 3270 2080 3334 eisdem
2094 3290 2170 3351 poe·

160 3374 269 3438 piune,
291 3358 399 3420 mana
420 3374 489 3419 eum
506 3375 641 3433 susum,
663 3375 753 3434 quem
774 3355 872 3419 terruit
891 3360 918 3419 et
938 3361 1017 3421 tenet
1032 3361 1143 3422 sancta
1166 3370 1169 3420 ι
1193 3356 1246 3418 uis
1267 3354 1454 3434 subiaceant,
1476 3357 1591 3437 quihus
1612 3357 1828 3438 impressares,
1855 3360 1882 3420 et
1910 3356 1966 3437 qui
1987 3375 2037 3420 eos
2058 3354 2172 3421 habue

161 3440 270 3506 Mater
296 3438 456 3520 Ecclesia,
484 3441 576 3505 cuius
605 3444 651 3505 est
677 3440 819 3506 iudicare
845 3440 883 3505 de
903 3461 975 3505 uero
996 3462 1090 3506 seusu
1113 3447 1141 3508 et
1166 3427 1169 3493 l
1192 3440 1266 3516 rint,
1289 3440 1337 3504 ael
1357 3440 1495 3523 leperint,
1517 3443 1586 3506 nisi
1600 3442 1802 3522 prodiderint
1824 3446 1973 3520 autorem
1988 3442 2013 3524 ¹)
2030 3462 2092 3522 pro
2115 3462 2171 3507 au-

159 3525 416 3607 interpretatione
451 3524 693 3605 Scripturarum
723 3531 918 3606 sanctarum,
957 3533 1015 3591 aut
1045 3529 1141 3592 etiam
1194 3525 1314 3590 toribus
1335 3524 1514 3592 habeantur.
1544 3526 1625 3608 lpsa
1643 3549 1714 3593 aero
1730 3526 1911 3592 huiusmodi
1927 3526 2079 3592 librorum
2091 3547 2170 3609 pra-

157 3617 268 3679 aontra
290 3613 473 3676 ananiam
501 3631 681 3676 consensum
696 3616 843 3693 patrum,
871 3613 977 3694 ipsam
1000 3611 1142 3694 Scripta
1193 3610 1275 3676 batia
1297 3612 1480 3692 inscriptis
1501 3613 1601 3693 detur,
1624 3618 1717 3694 atque
1738 3613 1807 3677 ideo
1829 3614 1985 3695 intrante
2008 3612 2100 3692 libri,
2121 3613 2172 3679 oei

158 3717 233 3764 ram
264 3716 395 3762 mnam
424 3697 626 3777 interpretari
658 3697 787 3775 sumat,
813 3699 909 3762 etiam
933 3699 964 3762 si
987 3699 1141 3764 eiusmodi
1165 3706 1168 3729 '
1192 3697 1317 3777 scripti,
1345 3697 1392 3762 vel
1418 3698 1583 3779 impressi,
1608 3699 1782 3763 authentice
1810 3703 1971 3780 appareat.
2017 3698 2130 3780 Itaque
2138 3700 2168 3783 ²)

160 3783 433 3865 interpretationes
453 3783 541 3848 nullo
562 3801 705 3864 unquam
725 3787 859 3864 tenpore
880 3785 914 3847 in
936 3784 1034 3848 lucem
1053 3784 1141 3849 edea-
1192 3787 1295 3862 totum,
1318 3783 1373 3848 hoc
1394 3789 1446 3861 est,
1462 3785 1608 3866 probatio
1631 3789 1659 3849 et
1678 3805 1807 3849 eramen
1827 3785 1930 3868 pratis
1948 3783 2021 3866 fiat:
2041 3791 2078 3848 ut
2091 3804 2169 3865 pra-

157 3869 221 3935 dae
246 3869 359 3951 forent.
413 3869 477 3950 chi
505 3869 751 3934 eontraomerint
770 3889 834 3949 per
861 3870 1040 3935 ordinarios
1066 3874 1140 3949 [pag.
1191 3867 1298 3934 banda
1313 3869 1493 3950 probentur,
1514 3876 1543 3935 et
1563 3870 1765 3952 reprobentur
1785 3869 2000 3951 improbanda.

158 3958 218 4034 90]
240 3953 456 4033 declarentur,
479 3959 508 4018 et
527 3955 643 4035 poenis
664 3975 686 4018 α
708 3953 786 4018 Iure
807 3957 934 4019 statutis
950 3939 1169 4073 punierim!
1280 3953 1357 4019 Post
1388 3955 1463 4020 haec
1496 3958 1696 4022 temeritatem
1733 3956 1824 4021 illam
1856 3957 2028 4036 reprimere
2057 3954 2168 4034 roms,

248 4038 313 4105 Sed
338 4044 367 4103 ot
397 4039 642 4120 impressoribus
666 4039 793 4104 modum
828 4041 863 4103 in
890 4040 949 4104 hae
969 4047 1078 4122 parte,
1106 4047 1142 4105 ut
1191 4060 1256 4120 pua
1284 4041 1327 4105 ad
1348 4041 1490 4122 profana
1518 4062 1659 4124 quaeque
1688 4047 1909 4106 concutientur
1936 4047 1964 4105 et
1988 4045 2170 4120 torquentur

151 4146 224 4208 par
241 4130 295 4205 est,
319 4126 477 4205 imponere
498 4125 611 4203 volens,
634 4126 690 4205 qui
712 4126 778 4188 iam
799 4126 869 4189 sine
889 4127 986 4205 nudo,
1008 4126 1065 4191 hoo
1087 4132 1139 4207 est,
1191 4125 1286 4191 verba
1308 4132 1336 4191 et
1354 4128 1520 4192 sententiae
1541 4147 1651 4193 sacrae
1670 4127 1861 4208 Scripturae,
1881 4128 1923 4191 ad
1939 4126 2090 4190 scurrilia
2111 4127 2169 4191 sei

150 4214 303 4294 pectantes
321 4208 384 4274 sibi
407 4210 498 4277 licere
519 4210 675 4292 quidquid
701 4210 785 4289 libet,
813 4212 882 4276 siue
903 4211 1030 4276 lieentia
1051 4233 1140 4293 supe
1193 4211 1261 4277 licet
1286 4212 1451 4292 fabulosa,
1472 4233 1570 4291 oona,
1592 4213 1797 4289 adulationes,
1820 4214 2037 4290 detractiones,
2058 4232 2168 4292 super-

156 4297 284 4362 morum
311 4294 616 4374 Ecdesiastioorum,
646 4297 733 4376 ipsas
760 4316 870 4362 sacrae
894 4295 1080 4376 Scripturae
1102 4298 1140 4362 li·
1192 4297 1333 4361 stitianes
1354 4298 1486 4379 impias,
1509 4304 1537 4362 et
1557 4298 1729 4363 diabolicas
1749 4299 1977 4362 incantationes
1995 4303 2024 4361 et
2044 4297 2167 4362 diuina·

156 4382 246 4460 bros,
271 4386 301 4447 et
327 4383 463 4461 insuper
489 4383 711 4461 annotationes,
721 4383 750 4464 ⁸)
779 4387 807 4446 et
833 4383 1041 4462 expositiones
1066 4403 1140 4464 qua
1164 4423 1167 4445 ι
1192 4383 1305 4462 tiones,
1332 4389 1445 4462 sortes,
1476 4383 1596 4449 libellos
1617 4385 1710 4449 etiam
1735 4384 1887 4464 famosos:
1910 4386 1985 4461 [pag.
2004 4386 2059 4460 92]
2079 4402 2168 4447 man·

157 4466 306 4532 numlibet
326 4467 546 4548 indifferenter,
569 4488 662 4548 saepe
683 4469 787 4546 tacito,
809 4489 903 4548 saepe
925 4469 1019 4532 etiam
1042 4489 1140 4533 emar-
1192 4469 1260 4545 dat,
1288 4472 1317 4532 et
1337 4471 1499 4550 praecipit
1526 4470 1569 4534 ad
1594 4470 1760 4535 tollendam
1785 4468 1968 4534 huiusmodi
1993 4469 2168 4534 irreveren-

157 4555 216 4619 tito
236 4552 343 4633 prelo,
371 4557 401 4617 et
422 4552 522 4634 (quod
540 4555 673 4636 prarrius
695 4556 754 4636 est)
784 4555 853 4618 sine
874 4555 998 4618 nomine
1018 4556 1139 4619 arduis
1191 4555 1270 4617 tiam
1292 4557 1319 4617 et
1340 4559 1554 4636 uuunprum,
1583 4561 1667 4621 etue
1689 4557 1863 4621 decaetero
1885 4554 2068 4636 quisquam,
2094 4575 2166 4635 quo

158 4637 358 4721 imprimam,
380 4638 460 4704 olibi
479 4641 573 4704 etiam
595 4641 765 4722 impressos
782 4639 877 4703 libros
897 4637 1078 4704 huiusmodi
1100 4645 1140 4704 te-
1191 4638 1353 4704 modolibet
1374 4641 1466 4706 uerba
1495 4641 1679 4720 Scripturae
1700 4660 1810 4705 sacrae
1831 4641 1874 4705 ad
1899 4640 1974 4706 leaeo
1995 4645 2023 4705 et
2043 4641 2167 4705 similia

157 4723 391 4791 maecenates
412 4723 541 4789 habent.-
561 4725 697 4791 dunnit
718 4729 747 4789 et
766 4727 877 4790 statuit
894 4731 930 4790 ut
939 4724 1072 4807 posthac
1088 4747 1141 4792 sa·
1191 4725 1306 4790 audeat
1326 4745 1496 4807 usurpare,
1519 4733 1553 4792 ut
1575 4747 1677 4791 amires
1698 4726 1794 4793 leuius
1812 4727 1937 4809 poneris
1958 4725 2105 4804 homines,
2127 4731 2167 4791 te

1191 4816 1359 4875 moratores
1391 4816 1418 4876 et
1445 4813 1612 4877 putatores
1639 4812 1725 4877 uerbi
1752 4812 1831 4890 Dei,
1861 4813 1946 4877 iuris
1978 4816 2006 4876 et
2038 4810 2166 4876 arbitrii

153 4916 361 4925 -“--·
1185 4897 1298 4976 poenis
1312 4917 1376 4977 per
1397 4896 1574 4980 Episcopos
1595 4903 1798 4963 coerceantur.

226 5031 257 5093 1]
276 5031 323 5084 Al.
341 5038 371 5085 et
387 5030 524 5086 Ioannem.
1189 5037 1306 5043 “’””
1348 5036 1391 5042 “’

226 5098 257 5166 2)
275 5098 364 5168 Lepet
380 5111 418 5154 ut.
1260 5102 1289 5166 1)
1308 5103 1351 5154 At.
1369 5110 1488 5156 autores

224 5167 256 5236 3)
275 5168 321 5221 Al.
340 5174 369 5223 et
386 5184 469 5238 cuper
485 5169 538 5224 illis
557 5171 755 5225 annotationes.
1257 5171 1288 5237 2)
1309 5171 1396 5240 Lepe:
1412 5170 1505 5240 quue.
