4620 5894
154 151 216 214 eea
920 148 1405 218 ramnasnmamoua.
2023 178 2034 193 ι
2103 124 2166 221 aee

153 337 230 417 deo,
269 359 334 402 non
369 361 440 404 esse
474 340 612 417 mirum,
653 342 681 405 si
712 341 806 405 Deus
838 361 913 405 cum
946 340 1134 407 hominibus
1160 343 1163 385 ¹
1187 341 1347 407 varietate
1365 340 1489 425 optime
1508 348 1691 424 temperata
1708 341 1969 426 sitsymphouia.
1995 341 2168 424 Quatenus

151 423 290 506 loquens
319 423 360 488 ad
389 446 502 491 eorum
532 424 704 489 modulum
731 448 766 491 se
793 434 996 509 attemperet.
1048 425 1134 508 Quis
1160 388 1163 471 l
1187 428 1342 491 immanis
1364 427 1524 492 adversus
1547 435 1675 509 patrem
1694 427 1856 511 impietas,
1879 427 2006 510 perfida
2024 429 2168 514 coniugii

151 508 264 573 Deum
293 512 327 575 in
356 511 540 576 visionibus
569 512 760 594 apparuisse
789 511 889 592 dicet,
925 512 1032 596 qualis
1060 511 1133 577 cst?
1160 482 1163 549 l
1187 512 1337 591 violatio,
1360 510 1455 577 foeda
1478 512 1576 576 etiem
1600 512 1726 577 ordinis
1750 520 1890 577 naturae
1912 515 2095 596 profanatio
2118 522 2169 580 est

151 595 240 660 Nam
259 596 288 659 is
317 603 368 660 est
389 597 513 680 gloriae
539 598 610 662 eius
632 598 757 681 fulgor,
787 599 842 681 qui
869 620 983 663 omnes
1005 609 1135 664 nostros
1188 599 1358 664 Absalomi
1385 597 1527 676 facinus,
1562 597 1735 679 displicere
1757 599 1830 664 Deo
1858 607 1986 664 certum
2017 608 2081 678 est,
2115 601 2168 666 cui

151 702 271 746 sensus
310 681 399 745 nudo
439 683 492 747 sui
533 693 709 766 conspectu
746 683 924 749 absorbeat.
976 681 1022 749 Se
1056 704 1134 768 ergo
1160 742 1162 771 ἰ
1188 683 1296 766 placet
1317 683 1482 761 honestas,
1509 682 1675 766 pudicitia,
1699 682 1790 762 fides,
1813 681 1983 764 modestia,
2008 686 2063 768 qui
2086 685 2168 770 legi-

150 767 380 832 manifestavit
420 777 582 850 quatenus
622 790 739 852 capere
778 770 929 834 homines
969 776 1133 854 poterant.
1188 770 1307 833 timum
1330 790 1427 852 quem
1450 769 1663 853 praescripsit
1684 769 1835 833 ordinem
1862 769 1924 835 coli
1946 777 1980 836 et
2000 771 2167 854 integrum

150 853 295 932 Verum,
330 854 399 918 sive
431 855 602 919 nobiscum
630 854 772 920 balbutit
800 854 910 933 Deus,
944 857 1014 922 sive
1047 855 1134 938 quod
1160 782 1163 933 l
1188 855 1315 920 servari
1337 853 1411 919 vult
1432 855 1520 921 iuter
1541 854 1701 919 homines.
1747 853 1835 935 Quia
1857 863 1968 920 tamen
1989 856 2037 920 illi
2060 856 2169 939 placet

151 939 247 1004 nobis
271 938 365 1004 novit
387 939 716 1022 incomprehensibile
739 961 810 1006 esse
833 942 982 1020 subticet,
1005 942 1040 1006 in
1064 943 1135 1006 eius
1160 944 1163 1029 ᾖ
1187 940 1249 1005 hoc
1271 940 1367 1004 modo
1389 939 1590 1004 adulterium
1612 939 1752 1004 Davidis
1774 940 1902 1020 ulcisci,
1932 963 2016 1023 quae
2038 942 2169 1008 diversa

150 1031 263 1088 tamen
297 1046 448 1089 sermone
479 1025 656 1108 quidquam
696 1028 810 1092 fictum
850 1039 907 1091 aut
941 1026 1134 1092 simulatum
1160 1032 1162 1129 j
1188 1026 1283 1091 nobis
1307 1025 1476 1106 videntur,
1506 1023 1620 1090 eodem
1643 1024 1776 1104 m0d01)
1799 1026 1879 1092 vult.
1924 1027 2002 1094 Una
2024 1028 2113 1091 enim
2135 1037 2169 1093 ct

151 1130 223 1175 esse
246 1132 339 1195 nego.
387 1110 483 1191 Quod
514 1112 654 1176 habetur
681 1113 716 1176 in
737 1112 872 1177 Psalmo
896 1116 945 1191 (5,
969 1118 1002 1186 5)
1031 1114 1134 1177 veris·
1160 1134 1162 1147 ·
1188 1111 1343 1194 simplext
1371 1122 1422 1175 est
1464 1111 1636 1188 voluntas,
1676 1133 1740 1193 qua
1779 1113 1938 1196 praecipit
1977 1112 2056 1195 quid
2095 1114 2168 1178 fiori

150 1197 273 1260 simum
295 1204 360 1260 est:
395 1197 481 1279 quod
504 1198 596 1262 Deus
619 1211 685 1262 uon
714 1199 757 1263 sit
779 1199 988 1280 iniquitatem
1011 1197 1133 1263 volens.
1188 1195 1312 1275 debeat,
1336 1207 1368 1262 et
1387 1218 1451 1279 qua
1471 1196 1644 1281 legissuae
1658 1199 1936 1281 transgressiones
1950 1198 2167 1276 delenitura

149 1281 221 1347 Nec
243 1302 323 1347 vero
345 1281 412 1348 illic
445 1304 504 1365 per
536 1303 573 1346 os
597 1282 739 1349 Davidis
760 1291 902 1349 testatur
924 1283 1014 1349 aliud
1036 1305 1134 1367 quam
1186 1283 1323 1347 Dictum
1350 1281 1426 1348 alibi
1461 1292 1511 1347 est
1537 1290 1670 1365 peccata
1703 1304 1775 1348 esse
1806 1303 1931 1367 poenas
1963 1305 2044 1366 quas
2073 1282 2167 1349 Deus

150 1389 188 1432 re
209 1368 282 1450 ipsa
300 1367 444 1450 quotidie
462 1368 589 1452 probat,
604 1372 627 1447 ¹)
650 1367 729 1433 dum
749 1391 888 1452 poenam
906 1370 946 1435 de
961 1370 1133 1434 hominum
1187 1367 1409 1452 superioribus
1432 1368 1574 1451 peceatis
1595 1366 1754 1450 rependit.
1783 1369 1825 1433 In
1849 1368 1968 1434 talibus
1991 1368 2166 1435 documen-

174 1453 294 1519 eccatis
322 1454 433 1518 sumit.
478 1454 593 1537 Neque
623 1454 713 1519 enim
735 1457 884 1538 puniret,
913 1456 977 1520 nisi
1001 1455 1131 1521 odisset.
1186 1455 1230 1519 tis
1252 1475 1362 1518 annon
1385 1451 1449 1518 duo
1471 1452 1565 1519 nobis
1583 1452 1820 1519 consideranda
1840 1454 1941 1520 sunt?
1965 1456 2089 1519 iustum
2100 1453 2167 1520 Dei

148 1475 301 1605 llltorem
324 1539 434 1604 vides:
454 1539 704 1621 approbatorem
728 1563 794 1605 non
813 1561 893 1619 esse,
918 1541 1132 1606 statuendum
1185 1538 1342 1605 iudicium
1396 1561 1437 1603 uo
1471 1560 1507 1604 se
1538 1547 1725 1622 peccatum,
1766 1541 1818 1605 cui
1857 1561 1998 1623 poenam
2031 1541 2166 1625 irrogat,

150 1632 210 1689 est.
257 1622 325 1690 Sed
348 1625 383 1688 in
412 1645 451 1688 eo
474 1625 639 1690 falluntur
659 1626 773 1706 multi,
803 1626 889 1710 quod
912 1627 1023 1692 Deum
1045 1627 1133 1692 iuste
1185 1632 1326 1690 testatur
1354 1645 1372 1689 o
1398 1624 1475 1690 sse:
1511 1632 1544 1690 et
1565 1625 1708 1691 hominis
1736 1625 1863 1691 malitia
1883 1647 1965 1709 quae
1990 1629 2064 1705 [pag.
2089 1631 2165 1706 210]

149 1709 236 1776 velle
259 1732 326 1775 non
348 1718 515 1793 reputant,
539 1732 622 1792 quae
644 1712 795 1778 homines
816 1713 982 1796 peccando
999 1713 1131 1778 bciunt
1185 1710 1250 1776 Dei
1272 1710 1437 1776 voluntati
1455 1711 1565 1793 palam
1588 1709 1727 1776 adversa
1749 1717 1807 1776 est.
1844 1709 1943 1792 Quod
1966 1712 1993 1777 si
2011 1720 2081 1776 tam
2103 1711 2167 1775 im·

150 1794 346 1877 Quomodo?
377 1797 554 1878 inquies.²)
598 1797 773 1862 Adulteria
795 1799 1003 1881 incestaeque
1027 1801 1132 1865 coitus
1157 1787 1160 1835 ¹
1184 1817 1320 1862 mensus
1343 1795 1500 1880 splendor
1520 1797 1642 1861 mentis
1664 1803 1795 1861 nostrae
1817 1798 1920 1862 aciem
1942 1797 2166 1881 praestringit,

150 1883 368 1947 abominatur.
390 1880 488 1962 Quod
507 1881 666 1947 Absalom
685 1884 790 1966 patris
807 1883 1007 1950 concubinas
1022 1904 1132 1950 coram
1157 1862 1160 1929 l
1185 1881 1265 1966 quid
1286 1881 1430 1947 mirum?
1466 1881 1520 1946 Ad
1542 1880 1714 1947 ferendum
1737 1881 1814 1946 solis
1836 1883 1995 1947 intuitum
2018 1881 2166 1966 corporei

147 1967 273 2051 populo
302 1974 494 2050 constuprat
523 1972 567 2045 (2.
592 1966 682 2033 Sam.
714 1973 768 2048 16,
802 1970 875 2052 21),
916 1992 960 2035 au
992 1972 1032 2035 fit
1059 1969 1132 2036 Deo
1157 1940 1160 2047 l
1185 1968 1271 2033 oculi
1299 1987 1367 2032 non
1395 1968 1577 2033 sufficiunt:
1612 1989 1656 2032 an
1683 1966 1737 2031 vel
1765 1968 1900 2052 ingenio
1926 1975 2038 2033 nostro
2059 1968 2166 2033 maior

148 2052 303 2118 nolente?
348 2054 468 2136 Atqui,
491 2053 554 2117 hoc
576 2075 611 2118 se
633 2055 798 2120 facturum
817 2057 888 2138 ipse
915 2076 976 2139 per
998 2077 1132 2123 servum
1157 2050 1160 2083 ¹
1184 2054 1394 2137 perspicacia,
1419 2053 1471 2118 vol
1493 2053 1558 2118 Dei
1580 2053 1735 2118 maiestas
1757 2053 1835 2119 solis
1856 2053 1983 2138 fulgore
2006 2053 2163 2119 inferior?
2277 2088 2282 2095 -

148 2160 246 2205 suum
268 2139 404 2204 Nathan
433 2137 658 2221 praedixerat:
694 2141 822 2205 'Pollam
848 2163 968 2206 uxores
998 2150 1071 2206 tuas
1097 2143 1132 2207 in
1156 2198 1159 2249 q
1184 2139 1253 2205 Nos
1274 2159 1352 2224 ergo
1375 2139 1476 2204 nimis
1499 2146 1612 2204 acutos
1633 2159 1706 2204 esse
1727 2159 1793 2204 non
1811 2140 1980 2205 convenit:
2003 2137 2100 2204 modo
2121 2159 2164 2204 ne

146 2224 250 2291 oculis
272 2225 355 2290 tuis:
386 2231 419 2289 et
447 2223 530 2288 dabo
551 2225 702 2308 proximo
726 2232 799 2306 [pag.
824 2228 953 2313 209(*)]
976 2235 1047 2306 tuo,
1076 2230 1133 2310 qui
1184 2226 1329 2304 interea,
1357 2223 1443 2308 qaod
1472 2225 1636 2308 scriptura
1663 2223 1750 2289 clare
1781 2223 1875 2290 docet
1901 2244 1939 2290 ao
1961 2225 2166 2308 experientia

147 2309 290 2375 dormiet
322 2332 397 2376 cum
431 2309 498 2375 illis
529 2309 565 2380 iu
598 2322 775 2394 conspectu
809 2313 887 2378 solis
920 2313 1029 2392 huius.
1080 2314 1132 2378 Tu
1185 2312 1373 2389 confirmat,
1404 2309 1457 2376 vel
1485 2330 1645 2394 negemus
1669 2330 1786 2374 verum
1811 2331 1897 2388 esse,
1925 2309 1979 2375 vel
2006 2321 2166 2392 tanquam

146 2396 254 2461 fecisti
281 2395 423 2462 occulte:
459 2417 519 2479 ego
549 2404 661 2462 autem
696 2419 806 2463 coram
835 2406 902 2464 toto
929 2399 1063 2482 populo,
1099 2406 1133 2464 ct
1156 2398 1159 2439 ¹
1184 2396 1257 2461 Deo
1298 2397 1409 2462 miuus
1456 2403 1715 2461 consentaneum
1760 2414 1894 2480 carpere
1904 2397 1931 2475 8)
1977 2393 2164 2461 audeamus.

147 2501 258 2546 coram
289 2482 357 2546 sole
384 2483 532 2547 facturus
555 2504 629 2546 sum
651 2483 742 2561 (ibid.
769 2488 823 2563 12,
849 2489 911 2563 li).
956 2484 1062 2550 Plena
1083 2445 1159 2580 est!
1186 2479 1300 2562 Quum
1322 2480 1461 2547 ultimus
1483 2481 1646 2547 affulserit
1668 2479 1753 2558 dies,
1775 2480 1886 2565 inquit
1908 2478 2179 2629 Augustinusfgv

146 2566 269 2632 talibus
299 2567 459 2649 exemplis
489 2567 695 2650 scriptura.³)
740 2571 796 2633 An
823 2569 896 2634 ideo
926 2570 979 2635 vcl
1007 2571 1133 2653 peccati
1157 2608 1159 2656 q
1185 2575 1265 2632 tunc
1292 2568 1327 2631 in
1355 2565 1538 2633 clarissima
1564 2567 1638 2632 luce
1661 2567 1843 2649 sapientiae
1865 2565 2049 2644 videbitur,
2079 2569 2173 2649 quo'

147 2653 280 2735 culpam
294 2655 366 2717 Deo
388 2651 635 2735 imputabimus,
658 2653 712 2719 vel
726 2653 888 2737 duplicem
911 2656 944 2719 in
965 2677 1002 2720 eo
1014 2655 1133 2721 volun·
1185 2674 1274 2718 nuno
1295 2655 1424 2736 piorum
1441 2651 1522 2718 fides
1540 2653 1641 2718 habet
1662 2660 1837 2733 antequam
1859 2653 2037 2718 manifesta
2054 2651 2166 2735 cogni-

147 2746 254 2803 tatem
270 2738 511 2816 fabricabimus,
531 2746 569 2803 ut
581 2761 691 2806 secum
709 2741 781 2823 ipse
793 2739 969 2806 dissideat?
993 2742 1132 2822 Verum,
1157 2798 1159 2834 Ι
1185 2739 1275 2803 tione
1295 2736 1460 2803 videatur:
1481 2759 1581 2822 quam
1603 2745 1692 2803 certa
1715 2745 1749 2801 et
1770 2736 1983 2802 immutabilis
2006 2747 2039 2803 et
2055 2737 2166 2802 effica-

146 2824 247 2890 sicuti
276 2825 342 2890 iam
365 2823 507 2902 ostendi,
536 2823 624 2889 idem
647 2846 722 2891 eum
754 2826 838 2891 velle
867 2847 942 2891 cum
965 2827 1133 2893 sceleratis
1157 2840 1159 2851 '
1186 2824 1354 2902 eissimae)
1384 2825 1427 2889 sit
1455 2824 1610 2890 voluntas
1636 2822 1716 2900 Dei,
1749 2843 1849 2905 quam
1870 2823 1976 2887 multa
2004 2823 2108 2905 possit
2132 2827 2167 2886 et

145 2917 183 2974 et
204 2909 378 2993 improbis,
403 2908 461 2974 sed
482 2908 614 2976 diverso
636 2911 746 2975 modo:
775 2912 820 2977 ita
840 2932 930 2976 nuno
953 2912 1133 2978 tenendum
1185 2930 1255 2974 non
1276 2909 1366 2990 velit,
1389 2909 1473 2975 nihil
1498 2919 1608 2975 autem
1630 2907 1710 2975 velit
1728 2906 1814 2990 quod
1835 2929 1901 2973 nou
1924 2909 2034 2991 possit.

99 3046 104 3052 .
145 3003 208 3075 est,
230 3017 314 3078 quae
332 2997 368 3059 iu
390 2995 533 3078 speciem
551 2995 684 3062 diversa
701 3005 788 3075 sunt,
812 2996 926 3062 eodem
943 2998 1039 3064 modo
1057 3020 1133 3064 eum

144 3081 247 3149 velle:
281 3083 376 3146 utin
399 3083 477 3160 ista,
501 3100 584 3164 quae
606 3082 774 3148 mentibus
796 3084 919 3148 nostris
942 3085 1092 3163 occurrit,
1102 3085 1132 3169 ⁴)
1547 3077 1671 3146 LAUS
1694 3077 1800 3144 ΠΕΟ.

143 3275 352 3282 n-m-—n

218 3389 248 3456 1)
266 3389 341 3444 Add.
362 3407 413 3459 par
431 3393 601 3459 experiente.
1258 3385 1288 3449 1)
1308 3386 1388 3441 d’une
1406 3402 1507 3442 mesme
1526 3386 1606 3455 lacon
1624 3394 1653 3442 et
1670 3385 1733 3440 d'un
1750 3385 1847 3440 accord
1864 3385 1926 3439 bien
1943 3383 2117 3439 convenable.

216 3458 247 3522 2)
267 3457 430 3526 Quomodo?
447 3461 551 3528 inquies
571 3474 623 3512 om,
642 3459 672 3511 ia
690 3458 823 3512 veramne.
1256 3453 1287 3518 2)
1307 3454 1382 3509 Aac.
1406 3456 1484 3510 Ainsi
1501 3453 1572 3510 Dieu
1589 3471 1624 3511 ne
1641 3455 1717 3509 varie
1734 3454 1813 3522 point
1828 3453 1977 3508 nullemeut
1994 3468 2028 3507 en
2046 3452 2114 3507 cela.

217 3527 260 3593 (Ἴ
280 3526 325 3581 De
342 3527 393 3582 hoc
410 3543 523 3582 nomem
540 3527 604 3581 eide
617 3526 820 3596 prolepomeno.
1255 3522 1285 3586 3)
1304 3523 1408 3579 donner
1426 3525 1542 3592 quelque
1561 3540 1634 3593 ooup
1650 3522 1684 3577 de
1702 3523 1760 3578 bec

216 3595 247 3658 3)
268 3595 378 3650 &mmo
396 3595 446 3650 boc
465 3596 541 3650 abest
559 3612 577 3649 a
595 3595 697 3665 pallt'co
715 3595 872 3665 eoeemplarr‘.
1254 3589 1285 3658 4)
1303 3590 1441 3648 Euchirid.
1460 3592 1495 3647 ed
1513 3591 1644 3647 Laurent.
1662 3607 1720 3660 cap.
1739 3589 1781 3644 96.

215 3664 247 3732 4)
266 3666 311 3734 qui
329 3680 398 3719 nous
415 3666 532 3720 trouble.
1253 3658 1284 3728 b)
1301 3668 1455 3717 vertueuse.
