4620 5894
195 194 261 279 avo
999 208 1065 275 un
1087 204 1416 275 maenarum
2157 212 2219 277 aco

203 402 312 486 ipsam
334 396 473 465 dederat
491 392 726 481 possidendam
754 402 791 461 ut
812 416 869 463 eos
889 396 925 461 in
947 394 1106 479 populum
1128 394 1192 461 sibi
1242 415 1310 462 non
1337 415 1373 461 se
1399 396 1564 461 facturam
1585 394 1681 465 Dens
1701 398 1887 481 promittat,
1914 404 1953 462 ut
1979 398 2017 461 in
2036 400 2218 483 praeceptis

200 485 405 571 peculiarem
431 480 618 568 colligeret,
644 490 679 549 et
703 482 945 561 sanctuarium,
959 484 984 561 ¹)
1007 482 1191 564 praesentis
1242 480 1311 546 suis
1332 480 1438 545 Israel
1462 480 1616 546 ambulet.
1630 485 1655 559 ¹)
1678 484 1760 563 at,
1783 484 1897 569 Pighii
1919 480 2057 563 iudicio,
2078 483 2218 553 Ioannes

203 593 285 639 suae
317 570 445 655 gratiae
477 567 704 635 testimonium
736 566 804 633 illic
838 572 911 647 [pag.
942 572 997 647 ιο]
1028 576 1189 646 erexerat,
1243 566 1289 649 (1,
1315 569 1369 641 12)
1397 566 1571 645 reclamat,
1603 564 1715 635 Deum
1741 568 1839 637 nobis
1864 576 2064 653 potestatem
2094 567 2219 638 dedisse

204 658 290 723 fines
311 656 394 721 istos
415 676 482 721 non
499 654 664 720 immerito
682 660 815 736 reputat
830 651 1003 736 propheta.
1036 649 1190 735 Denique
1241 652 1327 718 lilios
1348 652 1414 717 Dei
1441 652 1522 717 fieri.
1566 652 1720 720 Primum
1743 655 1781 721 in
1808 678 1847 721 oo
1874 653 2102 721 hallucinatur
2122 656 2218 739 phro-

205 752 331 809 terram
342 740 482 809 Canaan
502 760 563 825 pro
585 758 679 805 sacro
689 738 756 805 Dei
777 738 941 805 domicilio
962 736 1072 817 habet,
1094 738 1190 803 euius
1242 738 1370 804 neticus
1390 738 1469 817 istc,
1497 736 1584 821 quod
1609 746 1806 821 potestatem
1834 741 1954 824 accipit
1978 762 2041 825 pro
2064 740 2218 809 &cnihte

206 827 414 895 habitatione
430 847 535 911 quum
555 826 707 911 privatus
723 825 808 890 foret
824 824 924 903 Esau,
947 822 1022 888 odio
1039 822 1190 889 habitum
1243 832 1301 887 aut
1326 824 1489 907 potentia,
1518 844 1620 906 quum
1647 828 1722 905 [pag.
1752 830 1806 907 aa]
1833 826 2060 911 dignationem
2087 826 2219 895 honori„

204 913 345 999 telligit:
368 912 524 997 qnoniam
541 910 867 993 asanetaeleot-aque
883 908 1190 975 familiaabdieatus
1242 910 1352 992 potius
1373 909 1545 993 significet.
1589 910 1673 977 Plus
1695 933 1796 995 quam
1812 933 1958 979 emesam
1980 934 2061 979 vcro
2082 912 2218 979 hebetu-

205 1008 295 1079 eret,
324 1000 361 1064 in
389 1020 454 1082 qua
481 1004 662 1082 perpetuus
690 994 814 1061 residet
840 996 906 1061 Dei
934 1014 1035 1061 amor.
1086 994 1190 1060 Nobis
1243 992 1354 1060 dinem
1375 993 1499 1078 prodit,
1526 994 1605 1059 dum
1624 996 1718 1063 velut
1739 997 1859 1065 clausis
1880 998 1985 1065 oeulis
2005 997 2111 1065 huius
2131 1009 2218 1083 pota·

227 1081 522 1237 liquinbiiiii‘
541 1079 1191 1252 attrectatae
1241 1081 1336 1231 {33³⁸
1357 1082 1840 1250 tttttttttttttl
1862 1083 2219 1254 {ddi-ihm

201 1256 329 1325 semine
351 1256 443 1335 initi,
472 1276 549 1320 arra
570 1251 732 1337 quaedam
754 1258 841 1317 esset
861 1252 917 1320 vel
937 1252 1067 1335 pignus.
1112 1252 1190 1317 Non
1240 1252 1352 1334 piunt:
1396 1273 1513 1318 verum
1557 1252 1688 1318 eosdem
1731 1276 1811 1320 mox
1854 1278 1920 1322 nou
1962 1276 2006 1321 ex
2048 1278 2151 1323 carne
2187 1264 2219 1325 et

204 1343 263 1409 aba
285 1363 322 1407 rc
346 1362 425 1425 ergo
446 1340 575 1407 Paulus
604 1338 785 1423 gratuitam
812 1338 1006 1405 electionem
1033 1339 1069 1402 in
1090 1336 1189 1403 Iacob
1242 1336 1468 1421 sanguinibus,
1491 1336 1549 1402 sed
1572 1358 1614 1403 ex
1633 1336 1708 1404 Deo
1730 1342 1858 1425 genitos
1879 1364 1951 1407 esse
1973 1341 2062 1407 dicit
2092 1342 2219 1429 Digna·

117 1494 123 1505 ,
202 1436 311 1494 ratam
333 1428 435 1493 fuisse
457 1431 694 1492 commemorat
716 1424 828 1507 (Rom.
854 1427 883 1504 9,
909 1422 979 1510 12),
1007 1422 1084 1505 quia
1105 1442 1188 1487 non·
1240 1428 1297 1488 tur
1318 1444 1397 1507 ergo
1418 1421 1601 1505 adoptionis
1623 1422 1748 1490 honore
1769 1424 1864 1493 Deus
1884 1428 1942 1511 qui
1963 1428 1998 1491 in
2019 1427 2130 1493 filiurn
2150 1448 2218 1495 ere·

202 1512 284 1579 dum
305 1519 422 1591 natus,
443 1512 566 1577 reiecto
588 1511 706 1587 fratre,
729 1508 771 1574 ad
791 1508 981 1594 potiendam
1000 1508 1188 1575 haeredita·
1240 1508 1340 1587 dunt,
1364 1507 1423 1573 sed
1444 1528 1525 1590 quos
1546 1509 1638 1591 prius
1661 1512 1779 1593 spiritu
1800 1533 1860 1577 sue
1877 1522 2051 1597 genuerat:
2076 1514 2141 1581 hoc
2161 1526 2218 1595 ost,

201 1606 270 1665 tem
289 1598 484 1665 destinatur.
514 1594 584 1663 Sed
600 1594 728 1661 Paulus
750 1595 840 1661 ultra
862 1596 1045 1661 etiamnum
1062 1596 1186 1679 pergit:
1240 1614 1321 1676 quos
1342 1593 1406 1659 sibi
1427 1594 1464 1657 in
1485 1592 1571 1659 filios
1588 1595 1754 1673 formavit,
1777 1620 1854 1665 suos
1871 1598 2006 1665 tandem
2023 1618 2099 1667 asae
2115 1598 2219 1667 decla·

199 1682 399 1769 dignitatem
420 1683 507 1747 hanc
528 1702 597 1747 nou
620 1680 774 1765 operibus
795 1680 898 1747 fuisse
918 1686 1058 1764 partam,
1080 1701 1188 1763 neque
1239 1686 1301 1744 rat.
1345 1678 1434 1745 Nam
1455 1680 1484 1744 si
1506 1679 1592 1745 filios
1613 1680 1679 1746 Dei
1706 1703 1767 1749 nos
1788 1684 1897 1749 reddit
1918 1683 2015 1763 tides,
2037 1682 2131 1753 unde
2150 1687 2219 1771 ipsa

199 1790 340 1853 operum
374 1774 528 1852 respectu
562 1766 718 1834 collatam
750 1767 815 1849 ipsi
846 1766 954 1833 Iacob.
1004 1766 1120 1849 Neque
1153 1764 1187 1830 id
1237 1765 1332 1831 nobis
1354 1763 1459 1845 detur,
1481 1763 1757 1833 considerandum
1778 1778 1837 1835 est.
1871 1771 1936 1837 Est
1951 1770 2043 1837 onim
2064 1772 2218 1856 spiritua·

199 1854 311 1921 modo:
353 1852 413 1919 aed
444 1854 509 1919 Dei
543 1852 754 1936 providentia
786 1852 833 1919 sic
866 1852 1024 1918 discretos
1056 1852 1186 1929 fratres,
1237 1850 1280 1915 lis
1301 1850 1437 1917 seminis
1457 1851 1594 1929 tructus,
1617 1873 1681 1934 quo
1698 1856 1865 1921 nosDeus
1880 1856 1916 1921 in
1930 1856 2021 1922 vitae
2037 1858 2218 1923 novitatem

200 1948 378 2025 antequam
400 1938 479 2005 beni
501 1938 682 2022 quidquam
704 1937 759 2005 vel
776 1937 855 2003 mali
873 1938 1027 2021 egissent.
1058 1936 1185 2019 Itaque,
1239 1936 1390 2020 regignit.
1414 1934 1457 2000 In
1475 1957 1614 2015 summa,
1638 1940 1849 2005 verissimum
1866 1954 1918 2007 est
1933 1942 2017 2007 illud
2028 1944 2216 2028 Augustini,

197 2048 266 2093 non
297 2048 340 2091 ox
369 2025 541 2109 operibus,
571 2022 630 2091 sed
653 2046 694 2089 er
716 2033 857 2090 vocante
878 2024 1062 2107 prefectum
1084 2022 1186 2089 fuisse
1239 2022 1309 2087 sola
1337 2023 1446 2105 gratia
1473 2020 1660 2105 redemptos
1683 2023 1825 2091 discerni
1850 2049 1870 2092 a
1890 2028 2045 2111 perditis,
2075 2050 2159 2111 quos
2179 2026 2218 2093 ad

193 2112 373 2179 discrimen
396 2111 576 2177 constituit
1238 2106 1456 2189 perditionem
1489 2118 1703 2175 concreverat
1740 2112 1781 2177 ab
1820 2114 1947 2196 origine
1979 2112 2082 2179 ducta
2113 2134 2218 2181 massa

283 2198 352 2261 Hic
383 2194 546 2279 aPighio
573 2195 670 2261 nobis
697 2192 835 2259 rancida
856 2192 915 2259 illa
940 2192 1107 2259 distinctio
1129 2192 1186 2259 oh-
1238 2194 1432 2258 communis.
1476 2192 1575 2259 Unde
1596 2196 1754 2277 sequitur,
1776 2199 1918 2281 gratiam
1939 2198 2004 2265 Dei
2024 2200 2217 2283 praedicari,

201 2282 363 2348 truditur:
402 2282 480 2345 Non
510 2281 641 2346 venisse
671 2279 805 2363 quidem
834 2285 985 2345 anteacta
1017 2300 1117 2361 opera
1149 2278 1186 2343 in
1239 2300 1304 2361 qua
1336 2278 1506 2362 eligendos
1538 2280 1631 2356 facit,
1665 2301 1733 2345 non
1765 2282 1907 2349 invenit:
1941 2284 2218 2367 quemadmodum

201 2370 381 2445 rationem,
410 2386 495 2449 quae
517 2365 611 2431 nulla
633 2374 745 2443 erant,
775 2364 834 2429 sed
860 2366 991 2431 firmam
1013 2362 1079 2428 Dei
1101 2364 1186 2429 clec-
1238 2363 1324 2429 idem
1353 2366 1484 2447 saepius
1512 2364 1704 2443 inculcat.²)
1749 2368 1860 2449 Adde,
1894 2371 1980 2453 quod
2014 2371 2043 2435 si
2075 2372 2157 2454 quid
2183 2372 2216 2437 in

201 2454 327 2519 tionem
348 2452 449 2517 fuisse
472 2452 507 2516 in
529 2451 645 2530 Iacob,
674 2450 767 2515 cuius
788 2448 888 2514 fidem
911 2458 945 2516 et
966 2448 1186 2516 obedientiam
1210 2434 1214 2509 i
1239 2448 1352 2516 electis
1384 2451 1453 2517 suis
1485 2450 1658 2532 praevidet
1681 2450 1777 2519 Deus
1805 2476 1868 2538 quo
1901 2475 1922 2520 a
1953 2457 2104 2540 reprobis
2133 2458 2218 2524 isos

200 2538 296 2605 Deus
318 2536 545 2621 praevidebat.
590 2536 638 2602 Et
659 2537 815 2621 argutei)
837 2536 962 2602 seilicet
988 2536 1024 2601 in
1050 2536 1185 2601 nomino
1238 2536 1417 2615 discernat,
1452 2535 1569 2603 inscite
1599 2536 1726 2603 Paulus
1759 2550 1928 2624 argueret,
1964 2542 2043 2625 quia
2070 2478 2219 2609 nonium

198 2624 306 2691 Israel
323 2622 589 2708 philosophatur,
610 2620 698 2705 quod
720 2619 825 2687 aDeo
844 2620 984 2687 videndo
1003 2623 1047 2688 sit
1064 2642 1184 2705 cogno·
1238 2628 1316 2688 tunc
1334 2622 1404 2686 uati
1422 2628 1517 2687 erant
1537 2622 1665 2701 iratres,
1688 2644 1730 2688 ex
1751 2636 1900 2706 vocante,
1923 2650 1991 2693 non
2009 2648 2052 2693 ex
2065 2628 2218 2712 operibus

193 2713 358 2778 minatus:
393 2718 433 2773 ut
460 2709 602 2775 sciamus
629 2728 726 2775 veros
756 2706 890 2772 demum
912 2729 983 2773 esse
1005 2708 1183 2788 Israelitas,
1237 2707 1339 2773 fuisse
1362 2707 1503 2774 dictum:
1525 2708 1634 2773 Maior
1656 2712 1778 2776 serviet
1798 2712 1929 2779 minori.
1963 2712 2079 2794 Quare
2100 2714 2218 2781 solutio

194 2798 252 2883 qui
275 2816 311 2862 se
335 2795 472 2879 propria
492 2793 621 2859 malitia
637 2815 705 2859 non
722 2799 910 2873 excaecant,
929 2792 986 2859 scd
1009 2792 1183 2873 adDeum,
1236 2794 1302 2860 ista
1330 2792 1372 2858 de
1398 2794 1561 2877 praevisis
1591 2794 1748 2878 cuiusque
1775 2798 1943 2880 operibus,
1972 2810 2089 2883 aperto
2114 2800 2218 2867 Paule

193 2884 251 2951 ubi
283 2882 349 2948 illis
379 2887 532 2965 apparet,
563 2878 834 2963 conspiciendum
856 2880 1009 3029 aperiunt
1030 2885 1106 2959 [pag.
1130 2884 1184 2959 51]
1236 2878 1385 2945 insultat.
1442 2878 1579 2963 Colligit
1609 2879 1750 2963 Paulus,
1790 2886 1827 2947 in
1861 2884 2020 2951 electione
2052 2886 2120 2952 Dei
2152 2906 2217 2951 non

193 2968 314 3037 oculos.
339 2968 454 3049 Atqui,
476 2964 658 3033 ridiculum
680 2972 740 3044 est,
762 2962 848 3049 quod
893 2986 951 3031 um
973 2964 1056 3031 alios
1072 2965 1184 3031 studet
1236 2965 1353 3031 haberi
1379 2986 1515 3049 operum
1536 2978 1737 3048 respectum,
1772 2970 1851 3053 quia
1874 2970 1973 3037 Iacob
2004 2971 2100 3037 Deus
2122 2972 2217 3037 fratri

191 3057 300 3123 facere
343 3060 413 3118 tam
451 3052 672 3137 perspicaces,
719 3050 810 3135 talpa
848 3051 919 3135 ipse
957 3051 1082 3117 caecior
1122 3058 1181 3117 ost.
1235 3050 1407 3135 praetulit,
1429 3062 1606 3134 antequam
1628 3054 1699 3117 nati
1722 3062 1849 3135 essent,
1877 3064 1912 3121 et
1932 3056 2115 3141 quidquam
2132 3060 2216 3141 egis·

190 3141 339 3209 Diversa
366 3138 456 3204 enim
485 3158 621 3221 prorsus
650 3144 683 3202 et
706 3135 851 3222 mologia
879 3160 900 3203 a
926 3137 1045 3222 Moyse
1071 3138 1182 3221 expri-
1236 3144 1310 3203 sent
1338 3136 1417 3202 boni
1441 3136 1495 3203 vel
1522 3138 1609 3202 mali.
1654 3138 1732 3218 Isti,
1761 3150 1799 3205 ut
1821 3163 1841 3207 a
1864 3148 1938 3221 [pag.
1963 3147 2017 3221 53]
2039 3142 2115 3208 Deo
2140 3144 2215 3243 eligi

189 3228 312 3295 mitur:
336 3225 423 3308 quod
446 3246 522 3290 eum
545 3222 663 3307 angelo
716 3224 747 3289 ei
765 3244 960 3307 congressus
978 3223 1182 3307 superioria
1236 3224 1419 3299 obtineant,
1452 3244 1534 3306 quos
1567 3224 1678 3306 aliqua
1705 3227 1880 3308 probitatis
1912 3242 1991 3293 nota
2021 3251 2042 3293 a
2071 3228 2216 3312 reprobis

191 3310 378 3381 certamine
401 3310 528 3375 fuisset.
573 3309 680 3375 Israel
702 3310 800 3388 enim,
831 3310 904 3375 Deo
926 3318 1105 3393 potentem,
1129 3309 1182 3375 vel
1206 3354 1210 3421 Ι
1236 3307 1402 3387 discernit,
1423 3308 1610 3391 praevideri
1632 3310 1826 3389 obtendunt,
1853 3314 1960 3397 qualis
1982 3314 2097 3381 futura
2117 3316 2215 3381 sitin

192 3398 423 3465 dominantem
445 3396 518 3461 Deo
540 3404 645 3459 sonat.
1206 3426 1210 3471 ι
1235 3394 1424 3477 recipienda
1446 3394 1499 3459 vel
1521 3396 1706 3477 respuenda
1727 3399 1835 3481 gratia
1856 3400 2013 3483 cuiusque
2035 3400 2214 3484 dispositio.

283 3480 353 3548 Sed
371 3480 500 3564 quibus,
524 3480 668 3557 obsecro,
688 3480 735 3545 ita
752 3482 874 3564 peterit
891 3481 1004 3547 oculos
1017 3482 1182 3565 configere
1206 3480 1209 3501 '
1235 3480 1333 3561 Quod
1356 3482 1383 3544 si
1406 3480 1582 3562 recipitur,
1611 3502 1666 3547 eos
1689 3484 1745 3565 qui
1767 3484 1934 3550 nihildum
1961 3486 2038 3551 honi
2065 3498 2215 3569 egerunt,

191 3569 247 3637 vel
282 3588 415 3643 eruere,
450 3574 489 3629 ut
523 3567 594 3632 eius
622 3565 765 3649 ineptias
793 3588 861 3631 non
890 3566 1180 3633 animadvertant?
1235 3588 1304 3630 non
1331 3574 1443 3630 tamen
1464 3563 1559 3632 Deus
1587 3589 1629 3631 ex
1652 3568 1805 3651 operibus
1827 3571 1949 3656 eligere
1971 3570 2115 3649 desinet,
2138 3574 2215 3657 quia

190 3654 280 3723 Boni
317 3650 495 3734 quidquam
529 3651 583 3717 vel
615 3651 695 3715 mali
733 3652 822 3735 ipsos
854 3652 987 3731 fecisse,
1025 3673 1181 3733 quorsum
1235 3674 1278 3718 ex
1299 3652 1452 3735 operibus
1474 3653 1633 3733 praevisis
1655 3654 1785 3720 interea
1806 3657 1964 3737 pendebit
1984 3657 2109 3724 electio.
2154 3660 2215 3724 At·

192 3744 298 3825 negat
319 3736 458 3815 Paulus,
481 3736 547 3801 nisi
569 3744 607 3801 ut
627 3758 759 3801 omnem
780 3736 891 3801 meriti
913 3752 1099 3819 respectum
1119 3738 1181 3802 tol·
1234 3739 1299 3821 qui,
1321 3759 1423 3821 quum
1445 3738 1574 3804 Paulus
1595 3759 1655 3821 pro
1677 3744 1825 3808 confessa
1847 3751 1993 3808 sumeret
2013 3743 2101 3827 quod
2120 3744 2214 3810 benis

191 3824 262 3893 lat?
304 3824 372 3888 imo
413 3822 479 3888 nisi
511 3830 549 3887 ut
589 3822 735 3905 praecise
769 3824 926 3901 affirmet,
966 3824 1079 3887 Deum
1113 3842 1181 3887 non
1234 3824 1308 3889 istis
1329 3823 1491 3907 theologis
1513 3832 1564 3890 est
1585 3825 1791 3907 incredibile,
1815 3849 1929 3894 omnes
1951 3852 1992 3894 ex
2013 3849 2120 3912 aequo
2143 3851 2214 3896 esse

193 3908 330 3978 aliunde
372 3928 550 3991 suspensas
586 3908 742 3973 habuisse
768 3908 930 3987 rationes,
970 3929 1072 3991 quum
1113 3914 1181 3973 tam
1234 3906 1403 3993 indignos,
1435 3929 1571 3992 aequam
1595 3919 1732 3978 naturae
1754 3913 1791 3977 in
1813 3914 1966 3979 omnibus
1987 3936 2059 3981 esso
2078 3936 2213 3999 corrup-

193 3996 364 4063 diversum
387 3994 429 4059 de
451 3993 601 4077 gemellis
623 3994 782 4061 fratribus
803 3993 962 4061 iudicium
984 3993 1081 4059 tulit?
1105 3992 1181 4060 Scio
1235 3996 1373 4073 tionem,
1402 4016 1515 4061 secure
1542 3994 1620 4061 inde
1642 4000 1828 4078 constituit,
1856 4000 1966 4065 Deum
1985 4002 2132 4085 gratuite
2154 4024 2213 4068 suo

193 4104 294 4166 quam
317 4080 438 4144 tritum
460 4080 561 4145 fuerit
579 4080 739 4164 effugium
754 4078 858 4145 istud:
882 4081 965 4145 scire
984 4086 1096 4145 tamen
1112 4080 1181 4163 pri·
1233 4080 1398 4163 proposito
1420 4080 1541 4165 eligere
1564 4102 1776 4166 quoscunque
1798 4084 1904 4169 eligit:
1927 4108 1995 4151 non
2016 4106 2100 4170 ques
2120 4088 2214 4153 ohse-

192 4189 286 4234 mum
312 4166 423 4245 velim,
447 4166 476 4230 si
498 4167 664 4232 communi
686 4172 826 4231 naturae
848 4166 953 4231 relicti
970 4166 1079 4231 forent
1088 4166 1181 4231 Esau
1233 4172 1370 4250 quentes
1392 4168 1460 4231 fore
1487 4165 1549 4232 sibi
1577 4167 1661 4235 filios
1687 4170 1888 4251 praevideat.
1932 4170 2086 4255 Denique
2108 4173 2213 4257 qualia

194 4262 228 4320 et
249 4253 366 4331 Iacob,
396 4251 476 4335 quid
497 4250 659 4317 bonorum
681 4272 817 4335 eperum
845 4252 881 4317 iu
908 4251 1051 4317 secundo
1074 4252 1180 4336 magis
1233 4260 1329 4317 extm
1356 4253 1421 4317 Dei
1450 4252 1643 4319 electionem
1671 4256 1714 4320 sit
1742 4255 1914 4323 hominum
1942 4270 2065 4322 natura
2085 4258 2213 4325 Paulus

194 4362 294 4425 quam
328 4340 366 4404 in
397 4339 506 4422 priore
539 4338 633 4403 Deus
665 4337 851 4420 reperisset.
896 4338 1067 4420 Peraeque
1099 4358 1179 4403 sane
1232 4336 1431 4403 considerat:
1460 4338 1517 4403 isti
1538 4339 1664 4419 Deum,
1688 4341 1776 4424 quod
1798 4364 1968 4425 nunquam
1989 4344 2142 4409 futurum
2163 4354 2214 4411 est

194 4426 290 4492 ambo
319 4423 442 4508 lapidei
470 4422 578 4489 cordis
600 4424 723 4489 duritia
752 4423 896 4488 oblatam
918 4423 1059 4489 salutem
1080 4444 1179 4506 repu-
1233 4424 1335 4490 donec
1354 4425 1425 4507 ipsc
1446 4424 1568 4504 feccrit,
1591 4426 1785 4508 praevidere
1806 4429 1843 4493 in
1860 4428 1994 4494 homine
2015 4430 2196 4496 somniant.

193 4512 321 4577 lissent.
366 4509 448 4575 Ideo
471 4509 639 4589 ambobus,
660 4509 769 4593 inquit
785 4508 936 4594 Pighius,
959 4508 1102 4575 flexibile
1124 4530 1180 4574 cor
1319 4508 1518 4594 Quanquam
1536 4509 1618 4577 haec
1635 4533 1695 4594 per
1712 4534 1747 4578 se
1765 4515 1844 4580 satis
1859 4515 1948 4580 clara
1964 4528 2056 4581 sunt:
2080 4515 2214 4601 longius

196 4596 310 4662 datum
334 4602 400 4673 est,
428 4604 465 4660 ut
493 4597 636 4681 gratiam
663 4604 799 4679 possent
820 4594 987 4679 amplecti:
1017 4594 1074 4660 sed
1095 4594 1179 4660 alter
1233 4600 1346 4660 tamen
1372 4617 1432 4662 nos
1455 4596 1554 4661 Pauli
1580 4605 1756 4664 contextus
1783 4599 1882 4667 ducit.
1927 4598 2087 4684 Sequitur
2108 4604 2213 4668 enim:

194 4681 299 4747 libero
327 4680 463 4747 arbitrio
490 4682 577 4764 quod
597 4689 728 4765 poterat
749 4681 869 4761 voluit,
898 4680 982 4746 alter
1004 4681 1176 4747 recusavit.
1234 4679 1325 4762 Quid
1354 4702 1433 4767 erge
1463 4682 1631 4748 dicemus?
1669 4686 1830 4769 numquid
1856 4687 2019 4753 iniustitia
2044 4698 2097 4753 est
2123 4688 2213 4775 apud

196 4767 302 4850 Quasi
323 4788 391 4831 non
418 4766 503 4833 velle
533 4768 635 4833 etiam
658 4766 729 4833 dari
750 4766 878 4833 Paulus
899 4773 1051 4832 testetur:
1085 4766 1179 4849 quasi

194 4924 400 4935 --...—....---

1301 4920 1330 4988 1)
1348 4920 1423 4976 Add.
1451 4921 1476 4976 Il
1493 4920 1564 4978 n'est
1580 4923 1658 4991 point
1675 4924 1717 4993 icy
1736 4925 1861 4993 question
1873 4923 1952 4980 d'unc
1965 4922 2068 4981 saeuite
2080 4941 2212 4995 mayenne

266 4991 296 5054 1)
316 4990 342 5043 le
360 4989 469 5057 templo
486 4994 515 5043 et
531 4988 632 5045 l’arche
650 4990 685 5045 de
702 4988 842 5045 l’allianee.
1232 4990 1299 5044 mais
1318 4987 1397 5045 d’une
1414 5000 1493 5045 vertu
1510 4992 1637 5047 actualia.

263 5056 293 5123 2)
314 5056 352 5111 Ει
375 5073 406 5111 ar
425 5064 470 5111 ute
490 5096 626 5113 ......
643 5058 705 5115 Deo
723 5066 811 5115 sonat.
836 5057 915 5113 Haec
932 5060 1025 5115 amaia
1042 5058 1143 5115 absum
1159 5074 1178 5113 a
1302 5057 1333 5121 2)
1351 5058 1482 5113 Enchirid
1504 5060 1539 5114 ad
1564 5060 1647 5115 Laur.
1665 5077 1697 5115 ca
1718 5102 1723 5113 .
1743 5059 1787 5117 99.
1809 5088 1842 5099 -
1864 5062 1953 5143 Epist.
1976 5061 2028 5117 lte
2049 5063 2085 5119 ad
2107 5062 2211 5121 Sixtam

194 5128 294 5200 pellice
313 5074 471 5195 scarpim.
1233 5126 1294 5182 Lib.
1311 5124 1329 5180 b
1347 5134 1442 5183 contra
1457 5127 1591 5185 Iulianum
1609 5146 1670 5199 cap.
1722 5136 1750 5186 et
1767 5130 1826 5187 aliis
1843 5129 1918 5187 locis.
2140 5130 2149 5157 ³
