4620 5894
186 228 249 297 cm
847 223 970 291 sena
988 218 1169 289 222222
1189 220 1512 288 2222222222
1719 189 1723 195 ’
2137 222 2204 287 222

186 417 315 484 natibus
334 415 507 501 pendeant:
529 413 564 477 in
587 410 763 478 maioribus
780 409 819 476 ab
841 411 1062 491 enseqnutiane
1083 409 1167 476 ordi·
1307 415 1380 490 [pag.
1401 414 1477 489 262]
1496 408 1540 473 In
1557 414 1767 493 exemptarum
1779 408 1895 490 musis,
1917 408 2093 475 nuntiato
2103 407 2203 474 Iuno·

186 511 272 583 mcor,
294 502 338 567 od
358 500 583 583 bmeplaatcm
603 498 708 581 futuri
733 496 894 575 Praelati,
921 497 986 561 sint
1006 497 1076 579 ipso
1097 496 1169 561 iure
1220 496 1313 561 222211
1336 495 1400 560 IV.
1422 515 1503 577 quae
1523 495 1649 577 incipit:
1680 494 1873 575 Volentes,
1902 496 1937 560 in
1957 494 2100 578 qenmali
2123 491 2202 560 Oca-

327 589 342 652 ‘.
1219 581 1291 646 cilio
1314 582 1519 665 Innqdunensi
1540 582 1638 661 eddo,
1664 586 1817 646 seruetur:
1846 601 1944 663 quarn
1969 580 2078 647 eaden
2093 599 2202 645 saero-

273 673 454 740 Facultates
475 672 512 736 de
533 669 770 752 pramooecdoa
792 687 980 750 quocunque,
1002 672 1077 747 [pag.
1091 670 1166 746 222]
1219 672 1329 734 sanata
1353 666 1500 752 Synadus
1519 669 1731 733 innovandam
1752 668 1878 747 censuit,
1901 672 1930 733 at
1950 668 2089 733 innovat.
2132 664 2203 732 Ad-

187 776 252 828 aare
278 760 504 843 suffraqentur:
531 757 596 821 nisi
625 754 807 820 lubentibus
834 754 1008 838 kmtinram
1028 773 1167 832 causam,
1220 754 1320 820 dendo
1340 755 1486 835 insuper,
1515 755 1597 837 qnod
1617 755 1653 818 in
1674 753 1820 819 ababa
1840 754 1949 819 causis
1969 753 2153 832 macedum,
2173 756 2204 818 et

188 847 225 913 ab
271 864 348 912 uam
375 864 396 909 a
418 842 567 926 propriis
586 841 755 923 Episcopis
781 841 928 906 ordinari
955 840 1167 923 nonpossint,
1220 840 1453 905 miserabilium
1467 858 1680 921 personarum
1700 839 1806 906 clerici
1826 839 2012 919 saeculares,
2034 843 2091 905 aut
2110 857 2202 923 requi·

187 933 225 999 in
251 866 354 997 literis
377 928 630 1010 caminensem
651 933 679 992 et
699 933 772 993 tune
793 947 856 991 nan
877 926 1073 1005 ordbrmotur,
1101 925 1169 990 nisi
1219 926 1305 991 lares
1325 929 1416 991 2222
1436 927 1629 991 monasteria
1650 925 1789 1010 deqcutes
1810 924 2030 1007 quomodolibet
2050 924 2203 1007 campet.-

190 1018 231 1085 ab
257 1017 417 1101 Fpisoapo
451 1015 487 1080 in
513 1035 576 1080 sua
603 1010 732 1080 Monesi
764 1012 930 1090 2221212222,
962 1017 1018 1076 aut
1043 1032 1107 1094 pro
1135 1030 1168 1076 aa
1219 1012 1315 1078 diurn
1335 1013 1366 1075 si
1388 1017 1503 1076 eertum
1524 1011 1658 1076 indicem
1681 1011 1789 1076 assde
1806 1011 1992 1093 Apostolica
2012 1012 2201 1092 deputatm

191 1102 395 1184 Pantifiaalia
418 1105 581 1180 2222222222,
603 1105 633 1166 et
653 1100 797 1183 diliqmnti
811 1098 918 1179 primo
932 1095 956 1182 ¹)
979 1099 1132 1163 euamine.
1193 1170 1196 1189 Ι
1220 1097 1421 1180 inpartibus
1441 1095 1585 1162 babeant.
1630 1096 1673 1161 In
1695 1097 1771 1164 aliis
1792 1117 1863 1162 uero
1884 1099 1915 1162 si
1936 1099 2043 1179 ipsum
2064 1096 2202 1162 iudicem

277 1188 459 1254 Facultates
484 1187 522 1252 de
549 1206 612 1251 uon
633 1184 857 1267 promovendo,
884 1189 1107 1265 praeterquam
1134 1184 1169 1247 in
1193 1204 1196 1279 j
1221 1204 1283 1248 nan
1304 1183 1477 1262 habuerim,
1498 1201 1606 1248 222222
1626 1184 1761 1248 beorum
1779 1183 1971 1264 ordinariis,
1994 1187 2146 1264 22222222
2166 1183 2203 1247 in

190 1274 315 1342 ensibus
335 1295 357 1339 a
377 1275 448 1338 iure
468 1273 628 1354 mpressis
649 1290 819 1349 concessae,
841 1270 885 1335 ad
907 1289 1026 1336 annum
1047 1274 1170 1334 tantm
1194 1294 1197 1365 l
1221 1269 1275 1334 boe
1296 1269 1336 1333 ab
1357 1270 1432 1350 ipsa
1455 1267 1533 1334 Sede
1554 1269 1701 1352 delcqatis
1722 1269 1887 1349 conveniri,
1907 1271 2017 1334 etiure
2034 1269 2137 1334 medio
2158 1267 2204 1334 ad

189 1361 272 1444 suffr
313 1364 413 1425 amnt.
1223 1355 1403 1421 soluendum
1413 1353 1550 1420 debdum
1562 1357 1637 1439 coqi,
1660 1356 1840 1438 etoanrpelli
1851 1355 1991 1437 possint:
2008 1354 2202 1437 pnioileqiis,

307 1444 488 1521 raesentati,
522 1464 577 1509 sen
609 1443 709 1522 electi,
743 1441 791 1507 ael
820 1442 974 1507 nominati
1005 1440 1172 1522 quibusvis
1224 1441 1476 1522 exemptionibus,
1498 1447 1749 1507 museroatormn
1767 1440 2025 1522 copulationibus,
2047 1444 2075 1506 et
2095 1459 2205 1505 eom

188 1531 421 1599 manaa
432 1531 590 1612 personis,
608 1529 704 1594 22222
717 1527 810 1593 Sedis
822 1527 1020 1608 Apostolicae
1039 1525 1171 1604 nuntiis,
1224 1525 1460 1592 obibitionibus
1472 1528 1623 1592 adrasus
1629 1529 1816 1608 praemissa
1826 1547 2025 1610 nequaquam
2042 1526 2204 1592 valituris.

187 1617 372 1700 aequante
387 1615 533 1696 22222222
541 1614 762 1681 Ecclesiastico
773 1634 836 1679 nen
852 1614 1067 1704 mitteantur,
1080 1630 1175 1692 neque
1312 1610 1427 1677 022222
1452 1611 1636 1693 ordinarii,
1664 1619 1700 1678 nt
1728 1612 1913 1693 Hospitalis
1941 1631 2154 1696 quaecamque,
2182 1632 2206 1677 a

186 1703 408 1784 mnsfimnentur
419 1721 517 1783 neque
527 1701 741 1778 admittantur,
759 1700 854 1765 aiam
860 1703 1026 1780 prouentu
1036 1696 1176 1764 22122222
1199 1706 1202 1749 ἰ
1226 1698 1297 1764 suis
1328 1699 1656 1778 administratoribus,
1690 1718 1869 1781 quocunque
1896 1700 1947 1765 illi
1978 1700 2105 1764 nomina
2136 1717 2205 1764 222-

182 1786 774 1874 prinileqii,seuconsuetudinis,aliam
790 1782 1078 1850 abimmemorabili
1099 1788 1174 1847 am
1226 1789 1364 1864 scantur,
1386 1786 1481 1850 etiam
1502 1785 1725 1865 quomodolibet
1746 1785 1905 1866 exemptis,
1924 1785 2058 1866 tidelitar
2078 1790 2108 1850 et
2129 1783 2205 1849 dili·

184 1868 1174 1957 parapraesoriptuemisifnerintpriusaloemumordinariiffl)
1225 1875 1329 1952 qenter
1353 1871 1574 1954 qccberncntur:
1603 1870 1840 1936 Constitutionis
1868 1876 1942 1950 [paq.
1962 1874 2039 1949 264]
2071 1868 2207 1936 Consilii

189 1961 296 2027 idonci
314 1959 439 2040 reperti,
461 1964 490 2024 et
510 1960 631 2024 nullius
653 1958 874 2041 appellationis
890 1957 1024 2022 remedio
1041 1976 1074 2021 22
1092 1955 1174 2018 tucri
1200 1956 1202 1993 ³
1236 1955 1434 2035 Viennensis,
1463 1976 1544 2037 quae
1570 1957 1696 2037 mapa:
1729 1957 1830 2037 Quia
1860 1957 2065 2040 continqit,
2099 1957 2208 2037 farma

184 2047 326 2129 possint,
355 2047 522 2126 qumnmus
549 2065 681 2110 eamnen
708 2044 813 2109 subire
842 2043 1057 2125 taucrntursss)
1081 2061 1176 2124 prae-
1200 2016 1203 2109 2
1227 2047 1360 2107 senata.
1408 2042 1511 2123 Qomm
1537 2043 1663 2123 quidem
1686 2041 1940 2108 Gonstlrdionem
1964 2042 2072 2107 cadem
2093 2047 2207 2108 sanda

191 2132 324 2197 scutatis
345 2137 449 2196 tumen
469 2131 585 2210 2122222,
614 2150 669 2195 222
691 2130 865 2195 nominatis
887 2128 926 2193 ab
958 2126 1176 2194 Unioersitati
1199 2132 1203 2213 ξ
1232 2126 1377 2210 Synodus
1398 2129 1611 2193 innovandam
1632 2129 1770 2208 induxit,
1784 2128 1809 2213 ¹)
1832 2133 1861 2194 et
1881 2129 2010 2195 innovat
2026 2148 2097 2193 acm
2118 2128 2206 2194 dae

189 2217 257 2297 bns,
279 2236 336 2282 seu
359 2214 505 2300 Colleqiis
524 2215 721 2300 pancratium
743 2215 919 2282 audianum
942 2214 1085 2296 exceptis.
1199 2216 1203 2277 i
1228 2214 1414 2298 potionibus,
1437 2216 1473 2279 in
1492 2235 1530 2278 eo
1551 2216 1705 2280 contentis.
1714 2215 1743 2299 ²)

894 2556 945 2621 IN
968 2553 1213 2624 SEPTIMAM
1236 2556 1510 2625 SESSIONEM.

280 2727 390 2810 Quam
412 2730 456 2793 sit
476 2729 513 2792 in
536 2728 753 2812 qualicunque
775 2728 955 2793 certamine
977 2727 1173 2807 sudandum,
1199 2742 1202 2819 1
1227 2730 1335 2795 dimus
1356 2731 1457 2796 tuisse
1480 2732 1692 2813 temporaria,
1721 2741 1759 2796 ut
1780 2742 1831 2798 est
1852 2734 2060 2798 infirmorum
2083 2723 2212 2792 unatim

192 2815 251 2881 ubi
277 2814 367 2880 mala
398 2835 497 2880 eausa
529 2816 656 2899 agitur,
691 2815 842 2897 proxima
874 2814 1021 2880 sessione
1048 2816 1202 2897 experti}
1227 2817 2041 2897 221121212212222212222222222221222122.
2082 2811 2213 2880 Planae

192 2907 288 2969 erent
315 2898 496 2967 venerandi
519 2909 638 2984 patres.
682 2901 732 2967 Er
754 2923 787 2979 0,
816 2922 858 2966 ne
880 2921 915 2966 se
937 2899 1080 2964 nimium
1100 2901 1175 2965 fati-
1200 2892 1202 2920 '
1227 2911 1262 2968 et
1283 2905 1398 2969 firmae
1420 2911 1498 2969 sunt
1524 2904 1667 2968 rationes
1689 2905 1806 2987 quibus
1828 2904 1862 2969 id
1884 2905 2075 2971 evineimus.
2122 2890 2214 2978 Quid

237 2993 312 3052 rent
339 2986 481 3053 secundo
508 2988 678 3066 eonfiietu,
777 2985 860 3052 illud
892 3007 989 3052 sunm
1021 3005 1176 3070 2222222-
1200 2964 1203 3069 2
1228 2989 1340 3054 enim?
1384 2992 1440 3056 An
1469 2990 1553 3055 dono
1576 2990 1785 3055 sanationum
1813 2990 1938 3074 pollere
1959 3010 1994 3055 se
2017 2976 2211 3084 iaetabuut?

217 3075 285 3138 'nm
305 3072 496 3139 maluerunt
516 3072 639 3154 redire,
662 3079 701 3138 ut
722 3073 952 3138 fulminatione
973 3093 1044 3138 rem
1066 3079 1175 3138 trans·
1229 3073 1267 3140 si
1300 3076 1371 3141 eius
1404 3076 1481 3142 doni
1510 3075 1698 3160 symbolum
1727 3085 1778 3142 est
1805 3077 1934 3155 unetio,
1964 3095 2074 3141 nonne
2096 3071 2212 3136 212222

190 3159 330 3245 igerent.
382 3160 429 3224 Et
449 3181 530 3225 2222
552 3159 725 3225 (1122222212
742 3160 889 3242 ipsorum
907 3158 982 3224 stilo
1001 3157 1176 3244 indignum
1202 3230 1203 3255 χ
1228 3170 1316 3239 2222,
1338 3161 1416 3227 dum
1437 3185 1510 3228 eam
1533 3163 1654 3246 absque
1676 3184 1712 3228 22
1734 3163 1918 3247 usurpant?
1950 3159 2089 3237 Deinde,
2112 3175 2213 3240 quee-

191 3254 278 3324 erat‚
311 3245 447 3310 rationis
479 3245 666 3311 reddendae
699 3245 810 3311 subire
837 3245 1032 3310 molestiam.
1086 3243 1174 3326 Quid
1201 3260 1203 3279 ¹
1228 3270 1306 3312 nam
1328 3249 1363 3313 in
1386 3249 1448 3312 hae
1469 3250 1675 3313 caeremonia
1698 3258 1748 3314 est
1768 3250 1950 3333 promissio,
1973 3268 2058 3330 quae
2079 3242 2215 3328 quidem

191 3331 292 3415 ergo?
325 3331 454 3415 Nempe
476 3352 554 3398 aera
570 3340 691 3398 sonant
701 3332 918 3416 Corybantes,
937 3340 971 3398 et
986 3332 1176 3416 elongarem
1229 3334 1271 3399 ad
1299 3356 1360 3399 222
1393 3335 1578 3418 pertineat?
1624 3335 1664 3401 st
1692 3337 1798 3419 gratia
1825 3334 1989 3418 spirituali
2016 3339 2051 3398 et
2073 3336 2213 3428 externo

192 3436 292 3481 snum
320 3417 574 3503 ingeminant.⁴)
618 3419 839 3501 Expaveseite
871 3418 973 3501 pueri.
1019 3417 1176 3501 Quisquis
1229 3422 1323 3505 signo
1344 3428 1473 3487 canstat
1494 3429 1751 3501 saoramentum,
1773 3422 1930 3504 quidnam
1952 3419 2077 3486 221212
2097 3435 2214 3500 22222·

192 3509 305 3566 autem
338 3502 481 3569 scintilla
509 3504 616 3570 virilis
650 3505 752 3568 animi
784 3505 954 3587 praeditus
987 3505 1064 3583 erit,
1098 3526 1175 3570 222-
1201 3554 1204 3567 .
1228 3508 1334 3572 tentia
1361 3507 1550 3590 reperient?
1595 3509 1845 3574 Matrimonium
1872 3527 1951 3573 vero
1980 3526 2039 3571 eur
2064 3503 2129 3569 hoe
2151 3521 2213 3567 2ο-

191 3588 327 3669 temptis
348 3588 446 3652 nihili
473 3590 695 3672 erepitaoulis,
730 3590 809 3672 quid
830 3589 962 3654 tandem
985 3592 1177 3656 contineant
1201 3580 1203 3651 2
1227 3594 1317 3658 2122
1338 3603 1502 3671 aenseant,
1525 3617 1591 3660 non
1609 3595 1674 3660 alia
1694 3595 1779 3658 ratio
1804 3603 1863 3673 est,
1887 3613 1985 3676 quam
2007 3611 2120 3658 arasse
2141 3607 2213 3653 mo-

190 3692 307 3738 eorum
329 3673 463 3757 placita,
492 3675 693 3758 intrepidus,
717 3676 890 3758 animoque
912 3677 1102 3759 composito,
1124 3679 1176 3740 in·
1200 3656 1203 3755 2
1228 3680 1413 3744 naahorum
1440 3681 1584 3746 inseitia:
1610 3682 1664 3763 qui
1688 3702 1789 3763 quum
1816 3682 1851 3773 12
1873 3679 2011 3763 epistola
2032 3675 2075 3759 ad
2096 3674 2215 3773 Epine-

191 3760 308 3842 quiret.
353 3761 426 3844 Ego
453 3782 552 3843 quam
580 3761 716 3825 insulsis
738 3759 996 3827 absurditatibus
1018 3770 1175 3841 scateant,
1228 3766 1460 3850 2122(5,32),
1489 3776 1730 3833 saoramentum
1757 3767 1920 3851 legerent,
1951 3786 2010 3848 pro
2039 3767 2212 3846 mysteria,

192 3843 296 3930 digito
317 3867 371 3911 me
393 3853 606 3911 ostensurum
628 3848 789 3928 profitear.
1228 3858 1263 3915 et
1292 3850 1426 3934 quidem
1454 3852 1494 3916 de
1517 3872 1637 3918 aroana
1658 3850 1785 3917 Christi
1814 3862 1848 3917 et
1876 3852 2033 3918 ecelesiae
2054 3849 2214 3915 2221222-

1227 3938 1332 4014 21222,
1362 3937 1403 4002 ad
1423 3938 1669 4003 matrimonium
1690 3939 1947 4004 transtulerunt..
1986 3936 2120 4002 Harum
2141 3955 2215 4000 om·

1202 4024 1204 4093 t
1228 4023 1323 4087 nium
1344 4044 1457 4088 rarum
1478 4023 1775 4091 demonstrationes
1802 4025 1839 4089 in
1861 4023 1992 4108 seriptis
2014 4022 2139 4088 2222212
2160 4020 2215 4087 lu·

279 4108 354 4183 [pag.
375 4109 450 4183 222]
477 4103 621 4183 Volunt,
655 4112 781 4186 septem
815 4124 835 4167 2
862 4102 997 4169 Christo
1023 4103 1177 4169 instituta
1201 4096 1204 4159 ἶ
1228 4109 1378 4175 enlentae
1400 4117 1535 4175 exstant
1561 4118 1594 4174 et
1614 4112 1777 4193 copiosae,
1808 4131 1889 4194 quas
1910 4110 1988 4175 boni
2009 4115 2121 4191 patres
2144 4127 2233 4173 una

483 3984 525 4049 In
546 3983 692 4067 primum
714 3982 893 4049 (lenonem.

81 4274 84 4279 ¹
192 4210 266 4256 esse
284 4197 499 4256 suoramenta.
539 4192 610 4256 Gur
630 4208 709 4274 ergo
731 4211 797 4254 nan
819 4191 928 4273 ipsum
948 4188 1104 4256 iubebant
1124 4191 1176 4254 in·
1201 4190 1204 4255 2
1229 4195 1451 4261 anathematis
1478 4195 1596 4262 vocula
1623 4197 1796 4279 repellunt,
1847 4195 1889 4262 Id
1916 4202 1968 4262 est
1995 4193 2119 4277 absque
2141 4214 2215 4261 222-

194 4275 354 4340 stituere?
410 4276 513 4343 Nobis
535 4298 594 4342 eur
617 4283 847 4354 succenseant,
870 4275 955 4340 nihil
977 4284 1028 4342 est
1048 4297 1174 4343 222222.
1201 4324 1204 4347 t
1229 4283 1353 4348 tamine
1380 4283 1526 4349 vincere:
1556 4290 1615 4348 aut
1642 4283 1751 4367 patius
1779 4283 1901 4367 absque
1923 4282 2062 4348 21222212
2089 4281 2215 4348 trium·

194 4357 411 4443 septenarius
437 4383 611 4441 numerns,
645 4383 741 4446 quem
774 4361 834 4427 sub
862 4362 1072 4429 anathemate
1100 4358 1340 4452 222-2212222.

194 4446 297 4525 aiunt,
320 4467 386 4512 non
406 4448 505 4514 modo
527 4469 548 4514 a
569 4450 733 4534 seriptum
754 4447 884 4513 nullum
908 4448 1008 4514 habet
1029 4450 1176 4516 testimo—
1201 4452 1204 4467 '
1724 4507 1760 4572 Π

195 4531 299 4610 2122,
323 4532 382 4597 sed
407 4555 449 4600 ne
471 4534 513 4600 ab
541 4536 609 4602 ullo
631 4535 765 4620 quidem
786 4535 922 4619 probato
944 4541 1066 4602 autore.
1110 4536 1177 4603 Pa·
1660 4507 1703 4573 lu
1763 4559 1769 4572 ·

195 4636 272 4681 rum
293 4624 359 4682 est:
382 4640 425 4683 ex
446 4623 661 4689 sacramentis
678 4642 764 4708 quae
780 4627 965 4700 numerant,
984 4621 1050 4688 2112
1067 4629 1205 4701 osten-2
1316 4630 1391 4705 [pag.
1422 4632 1508 4706 266]
1540 4626 1682 4709 Quando
1719 4634 2001 4693 sacramentorum
2038 4628 2218 4713 utriusque

1203 4706 1205 4747 ¹
1229 4713 1417 4777 testamenti
1438 4712 1526 4778 idem
1547 4722 1599 4779 est
1616 4723 1720 4792 autor,
1738 4712 1872 4779 eaedem
1890 4713 2134 4798 promissiones,
2158 4736 2217 4782 ea·

341 4873 347 4884 ,
1203 4786 1206 4865 l
1231 4797 1308 4863 dem
1340 4799 1473 4877 veritas,
1500 4810 1534 4864 et
1570 4801 1658 4867 idem
1690 4800 1726 4865 in
1753 4799 1887 4866 Christo
1916 4800 2217 4884 complementum:

267 4871 297 4935 1)
317 4872 406 4926 Iidem
422 4875 528 4944 leqnnt:
544 4880 664 4946 praevio.

265 4940 297 5005 2)
317 4942 422 4995 Iidem:
440 4947 583 5000 examinati
600 4954 628 5001 et
645 4946 736 5002 idonei
752 4951 861 5019 reperti.

267 5008 298 5078 3)
317 5009 361 5064 Al.
379 5011 470 5066 nullus
489 5052 494 5064 .
513 5053 520 5066 .
538 5053 544 5066 .
565 5054 571 5066 .
589 5016 677 5082 possit
695 5055 701 5069 .
720 5057 726 5070 .
746 5054 752 5066 .
773 5056 779 5069 .
798 5027 932 5074 teneatur.
1205 5066 1207 5081 ,
1302 5019 1317 5072 1
1352 5021 1438 5074 Amet.
1458 5026 1484 5075 et
1503 5020 1574 5076 Gon.
1592 5022 1676 5078 duxit.

266 5078 297 5144 4)
317 5077 375 5147 Quo
393 5079 499 5134 font-ila
523 5081 611 5137 donet
636 5082 709 5138 Tout
732 5086 800 5142 21221
823 5087 903 5157 qn'en
925 5103 962 5141 22
985 5086 1127 5155 cherivary
1144 5085 1180 5139 ilz
1205 5084 1207 5155 Ι
1301 5088 1331 5154 2)
1353 5088 1481 5158 Sequitur
1503 5091 1535 5143 in
1552 5092 1631 5147 Actis
1652 5092 1768 5148 indictio
1788 5091 1902 5157 futurae
1925 5092 2057 5146 sessionis
2074 5093 2104 5148 in
2122 5092 2149 5148 d.
2167 5092 2214 5149 21.

197 5148 259 5245 fopt
276 5163 378 5229 sannen
395 5149 468 5204 leurs
487 5148 593 5205 bussina
612 5158 641 5205 et
659 5152 732 5206 leurs
750 5156 864 5222 paellae.
1205 5170 1208 5199 ¹
1233 5158 1344 5229 Aprilis
1361 5156 1435 5213 1547.
