4620 5894
63 195 65 199 ’
148 237 310 307 xxvrn
740 233 1015 315 uascmrus
1037 231 1332 301 rnnonoorer
1351 231 1573 300 arrosus.

150 438 249 514 atque
280 431 316 495 in
349 427 475 495 duabus
506 426 679 511 prioribus.
732 423 865 491 Scilicet
895 429 968 507 post
998 422 1070 488 illa:
1111 429 1154 488 tu
1187 421 1288 486 mihi
1318 422 1361 487 in
1392 428 1565 488 mentem
1598 421 1756 487 venisti
1787 421 1851 488 cui
1884 419 2086 488 libentius
2119 442 2164 489 ea

151 540 343 620 dicarem,
383 542 429 606 sic
461 539 582 624 pergit:
623 535 745 603 Oerto
780 535 886 602 enim
919 536 1002 601 scie
1035 555 1153 618 quam
1192 534 1248 600 sis
1281 553 1403 599 verae
1443 533 1619 617 pietatis
1652 539 1692 599 et
1724 532 1912 599 sincerae
1944 529 2164 600 doctrinae

149 652 380 733 studiosus,
420 663 458 716 et
490 655 639 734 quanto
671 647 846 713 animum
878 653 993 711 tuum
1026 645 1165 711 dolore
1197 645 1387 711 alliciant
1418 644 1494 711 hae
1527 653 1733 711 sectarum
1767 650 1905 727 pestes
1937 665 2035 728 quas
2067 643 2164 713 aliis

151 765 273 830 etiam
295 763 471 846 seriptis
493 757 965 845 oppugnaridesideras.
1010 757 1110 822 Nam
1133 757 1235 822 satis
1256 756 1353 822 novi
1375 776 1492 839 quam
1514 775 1638 840 aegre
1659 757 1770 821 feras
1792 755 1982 821 miserem
2003 754 2164 839 plebem

150 882 244 942 caett.
268 895 374 959 usque
396 873 438 940 ad
458 875 567 938 finem.
613 869 819 955 Subscriptio
840 870 928 937 lacta
950 875 1001 934 est
1020 868 1163 935 Idibus
1184 867 1300 934 Febr.
1323 867 1370 934 M.
1383 868 1425 932 D.
1438 866 1569 933 LXIII.

304 986 432 1051 Textus
458 984 582 1050 latinus
609 983 713 1047 trium
738 981 858 1047 horum
884 985 1083 1064 scriptorum
1111 985 1220 1046 exstat
1245 980 1283 1044 in
1311 977 1361 1044 ed.
1386 979 1526 1046 Gallasii
1548 999 1621 1063 pag.
1644 981 1831 1060 ree-5⁷63
1861 977 1950 1062 apud
1971 977 2164 1045 Barbirium

147 1097 187 1165 P.
210 1096 255 1162 11.
278 1117 352 1181 pag.
381 1095 575 1175 1-34531n
598 1093 647 1159 ed.
670 1091 944 1160 Sanetandreana
965 1092 1074 1177 prima
1095 1113 1168 1176 pag.
1192 1094 1379 1156 roa—655:
1400 1091 1437 1156 in
1459 1090 1604 1158 secunda
1620 1111 1695 1176 pag.
1717 1093 1906 1173 476-547;
1932 1091 1969 1156 in
1987 1088 2163 1157 Stoeriana

148 1229 223 1294 pag.
247 1211 418 1272 414-473
425 1231 434 1286 3
457 1206 598 1290 denique
619 1205 654 1269 in
677 1203 976 1270 Amstelodamensi
997 1223 1070 1287 pag.
1095 1206 1275 1268 355-408.

301 1318 372 1384 Nos
392 1338 452 1402 pro
473 1317 625 1383 instituto
646 1323 759 1381 nostro
780 1323 910 1381 textum
932 1315 1103 1400 gallicum,
1132 1319 1245 1398 utpote
1267 1313 1497 1380 authenticum
1519 1321 1553 1379 et
1574 1335 1652 1379 vere
1673 1314 1912 1394 calvinianum,
1936 1312 2162 1381 recudendum

145 1429 309 1497 tradimus
336 1428 558 1516 typographo,
591 1429 640 1493 ita
665 1436 778 1493 tamen
805 1436 842 1493 ut
868 1426 1053 1510 Epistulam
1081 1433 1197 1492 contra
1223 1425 1485 1492 Francisoanum
1512 1426 1792 1510 Rotomagensem
1819 1446 1839 1491 a
1867 1424 1979 1491 libello
2001 1423 2161 1493 adversus

146 1541 337 1609 Libertinos
359 1548 553 1624 separatam,
577 1539 749 1607 observata
770 1546 954 1622 temporum
976 1539 1112 1618 ratione,
1136 1536 1178 1601 ad
1200 1559 1298 1604 suum
1320 1557 1446 1603 annum
1470 1541 1550 1601 1547
1574 1537 1764 1604 referamus.

981 1935 1186 2021 CAPUT
1224 1937 1326 2020 XX.

267 2183 654 2282 ADMONITIO
681 2178 1230 2418 ΡΑΤΕΒὸΙέιΙιΙξὲΗέΙ
1255 2184 1471 2412 ΙΡὸᾸιὲΙ)
1500 2183 1860 2283 CAESAREM
1887 2183 2031 2282 CUM
2093 2322 2096 2327 Ι

301 2551 367 2616 Hic
388 2570 517 2634 quoque
539 2548 668 2614 libellus
690 2568 779 2612 nexu
801 2546 909 2630 aliquo
931 2552 1063 2612 tenetur
1085 2569 1159 2613 oum
1181 2548 1322 2614 comitiis
1340 2548 1407 2615 illis
1425 2547 1639 2632 Spirensibus
1657 2550 1776 2634 quibus
1794 2551 1944 2633 proxime
1960 2551 2161 2618 instantibus

146 2664 307 2732 Calvinus
330 2660 371 2727 ad
394 2661 569 2726 Caesarem
593 2660 750 2726 Carolum
773 2657 935 2740 Quintum
963 2658 1143 2741 supplicem
1170 2659 1436 2726 exhortationem
1466 2659 1507 2725 de
1536 2662 1730 2727 necessitate
1757 2661 1983 2728 reformandae
2004 2661 2160 2729 ecelesiae

144 2775 391 2858 conscripserat.
437 2771 549 2853 Quum
578 2772 667 2838 enim
696 2771 742 2836 ibi
770 2769 899 2852 imperii
926 2767 1072 2848 ordines,
1100 2769 1200 2836 rebus
1227 2771 1368 2855 politicis
1395 2779 1429 2837 et
1457 2772 1654 2838 militaribus
1677 2774 1771 2839 unice
1794 2774 1929 2853 intenti,
1960 2773 2002 2839 de
2024 2772 2160 2841 dissidio

145 2887 315 2972 religionis
336 2883 571 2968 compescendo
594 2890 736 2949 tractare
757 2903 823 2947 non
845 2881 1038 2966 potuissent,
1061 2902 1246 2965 quanquam
1265 2903 1285 2948 a
1306 2904 1419 2949 mense
1439 2882 1622 2950 Februario
1645 2884 1686 2950 ad
1704 2884 1839 2950 Iunium
1857 2906 1962 2969 usque
1978 2876 2171 2953 conventus

145 3005 296 3085 egerant,
334 2997 421 3063 hanc
452 3017 565 3062 curam
597 2997 633 3060 in
665 2993 853 3078 proximum
885 2999 1086 3059 conventum
1119 2992 1327 3059 distulerunt.
1393 2994 1528 3061 Interea
1560 2995 1697 3074 Caesar,
1736 3017 1837 3080 quum
1872 3003 1987 3081 parata
2023 2997 2090 3063 iam
2122 2997 2160 3063 in

145 3109 291 3177 Galliam
312 3107 519 3194 expeditione
541 3128 608 3173 non
630 3105 727 3171 aliter
743 3124 839 3187 posse
857 3103 1072 3170 Germaniam
1088 3106 1123 3170 in
1141 3113 1255 3189 pacato
1273 3112 1361 3172 statu
1381 3108 1544 3173 contineri
1561 3106 1770 3192 intelligeret,
1794 3129 1894 3192 quam
1911 3109 1939 3174 si
1956 3108 2160 3193 praescripta

144 3229 223 3288 ante
244 3241 342 3286 suum
365 3220 545 3288 discessum
566 3219 650 3284 foret
670 3217 755 3282 ratio
776 3236 842 3299 qua
858 3216 1024 3301 principes
1046 3217 1230 3300 caeterique
1252 3217 1386 3284 ordines
1403 3240 1518 3303 paoem
1536 3218 1689 3297 colerent,
1712 3218 1880 3286 decretum
1897 3219 2095 3304 interposuit
2111 3229 2159 3302 ut,

144 3332 246 3400 donec
268 3333 399 3417 cognita
421 3338 508 3398 esset
529 3350 636 3410 causa,
660 3327 805 3412 aequalis
827 3328 975 3410 utrisque
996 3327 1139 3394 conditio
1159 3335 1258 3393 esset:
1282 3336 1354 3394 tum
1377 3331 1438 3396 sibi
1461 3351 1558 3396 curae
1580 3330 1649 3396 lore
1671 3333 1820 3414 promisit
1841 3339 1880 3397 ut
1901 3332 2009 3415 prima
2030 3353 2158 3416 quaque

143 3445 312 3511 occasione
339 3443 514 3510 concilium
541 3441 746 3519 universale,
780 3438 833 3507 vel
861 3438 979 3505 saltem
1007 3439 1174 3504 nationale
1200 3449 1389 3524 cogeretur,
1424 3449 1482 3507 aut
1502 3441 1532 3507 si
1553 3441 1588 3506 id
1609 3464 1674 3508 non
1697 3443 1905 3522 succederet,
1938 3465 1974 3509 se
2002 3443 2158 3511 daturum

144 3576 278 3638 operam
301 3564 338 3619 ut
359 3555 508 3638 proximo
529 3551 692 3636 imperiali
714 3558 880 3619 conventu
900 3559 976 3635 post
996 3550 1178 3635 legitimam
1200 3550 1469 3637 disceptationem
1493 3553 1616 3637 aliquid
1638 3553 1772 3620 tandem
1791 3561 2004 3621 statueretur.
2049 3552 2159 3622 Simul

143 3665 315 3750 negotium
343 3686 377 3730 se
405 3664 638 3730 mandaturum
664 3663 843 3760 affirmavit
865 3663 948 3727 viris
975 3661 1071 3727 bonis
1098 3667 1195 3746 atque
1224 3661 1328 3730 doctis
1357 3665 1414 3748 qui
1442 3667 1531 3749 piam
1558 3664 1701 3748 aliquam
1720 3664 1959 3732 emendationis
1981 3666 2159 3734 formulam

144 3777 401 3855 conscriberent,
425 3787 459 3841 ot
479 3784 518 3841 ut
540 3775 628 3840 idem
649 3795 776 3858 quoque
797 3774 961 3858 principes
982 3773 1128 3839 lacerent
1149 3774 1301 3841 hortatus
1323 3783 1386 3850 ast,
1410 3797 1474 3859 quo
1496 3776 1625 3843 facilius
1646 3784 1768 3860 postea,
1791 3778 1878 3843 facta
1899 3777 2082 3859 collatione,
2104 3800 2158 3847 res

146 3890 304 3971 utrinque
331 3893 614 3972 componerentur.
659 3886 839 3953 Decretum
868 3885 931 3951 hoc
958 3884 1215 3968 haudquaquam
1241 3884 1397 3953 laudabat
1426 3908 1502 3970 pars
1528 3886 1701 3955 catholiea:
1732 3909 1848 3954 verum
1870 3897 1982 3974 aperte
2004 3891 2159 3956 resistere

148 4021 216 4066 non
238 4002 325 4079 ausi,
356 4020 391 4065 se
413 4019 482 4064 non
504 3997 661 4063 assentiri
684 3997 824 4081 quidem,
845 3995 903 4063 sed
926 4017 1032 4080 neque
1055 3995 1191 4062 ansari
1213 3997 1349 4063 modum
1369 3999 1592 4082 praescribere
1616 4021 1678 4065 nec
1703 3999 1807 4084 ipsius
1828 4000 1985 4086 derogare
2007 4001 2162 4085 potestati

146 4111 233 4179 velle
251 4111 417 4178 dixerunt.
455 4110 529 4175 Iam
546 4130 625 4175 vero
643 4109 683 4174 de
703 4107 817 4175 eodem
835 4109 932 4192 plane
951 4108 1046 4174 ahter
1063 4109 1167 4174 sensit
1184 4109 1342 4175 Pontifex
1358 4132 1515 4176 romanus
1532 4111 1657 4177 Paulus
1674 4110 1738 4176 ῙΠ.
1782 4112 1818 4178 Is
1835 4133 1912 4178 mox
1930 4112 2161 4198 gravissimam

147 4226 183 4290 in
205 4223 314 4308 ipsum
338 4223 515 4289 Caesarem
543 4221 839 4304 expostulationem
867 4219 970 4284 edidit
992 4217 1080 4303 quod
1106 4219 1273 4287 catholicis
1301 4221 1425 4288 scilicet
1442 4222 1624 4289 haereticos
1646 4231 1876 4306 exaequasset,
1905 4233 1940 4290 et
1960 4225 1997 4290 iu
2019 4223 2162 4290 alienam

148 4356 289 4401 messem
311 4335 461 4401 iniecisse
482 4331 599 4398 falcem
619 4331 796 4398 videretur.
841 4330 928 4397 Nam
951 4339 985 4395 et
1006 4331 1068 4396 hoo
1090 4331 1432 4417 quantulumcunque,
1453 4335 1538 4419 quod
1561 4355 1754 4402 concessum
1775 4335 1837 4401 hoc
1858 4336 1955 4402 modo
1977 4343 2162 4420 protestan-

148 4444 237 4512 tibus
258 4454 338 4526 erat,
361 4455 398 4511 ut
419 4444 585 4529 paulisper
606 4444 726 4527 iniquis
744 4442 954 4526 praeiudiciis
971 4442 1230 4523 sublevarentur,
1253 4445 1375 4510 nimiae
1392 4445 1618 4531 indulgentiae
1636 4446 1855 4529 corruptelam
1874 4468 1944 4514 esse
1962 4447 2160 4526 clamitabat,

149 4565 183 4623 et
205 4556 381 4623 Gaesarem
413 4557 474 4623 sibi
504 4557 557 4621 ius
590 4554 721 4640 aliquod
749 4554 927 4637 sumpsisse
956 4554 991 4618 iu
1018 4554 1187 4640 religionis
1210 4575 1323 4636 causa,
1356 4557 1391 4622 id
1413 4566 1446 4623 et
1467 4557 1642 4642 indiguum
1664 4565 1698 4623 et
1718 4558 1954 4641 periculosum,
1982 4557 2097 4626 multis
2119 4580 2163 4625 ex

149 4669 314 4752 scriptura
334 4676 368 4732 et
388 4667 525 4733 historia
547 4667 655 4733 allatis
676 4665 845 4748 exemplis,
868 4666 1007 4749 probare
1025 4666 1185 4733 studebat.
1229 4667 1305 4733 Hae
1326 4669 1497 4734 Pontifiois
1519 4668 1561 4734 ad
1582 4670 1821 4753 Imperatorem
1837 4669 1951 4735 literae
1970 4669 2066 4736 datae
2083 4680 2163 4738 sunt

151 4780 278 4845 Romae
300 4777 331 4844 d.
364 4782 414 4842 24.
443 4778 586 4862 Augusti
611 4784 701 4843 1544.
769 4778 892 4844 (lenter
918 4776 958 4844 de
985 4777 1038 4844 his
1065 4778 1219 4843 omnibus
1246 4777 1394 4844 Sleidani
1428 4781 1678 4847 commentarios
1710 4780 1783 4846 Lib.
1811 4780 1889 4847 XV.
1918 4789 1952 4847 et
1978 4779 2075 4848 XVI.
2110 4781 2161 4849 ed.

151 4890 304 4957 Francos.
331 4892 423 4954 1786.
452 4890 489 4954 Τ.
510 4888 556 4954 11.
586 4911 616 4973 p.
642 4894 703 4956 348
726 4912 763 4971 s,
786 4892 848 4953 357
871 4910 908 4970 s,
935 4895 1005 4954 tum
1035 4889 1140 4972 ipsius
1169 4888 1301 4955 Oalvini
1329 4892 1585 4972 Praefationem,
1614 4893 1731 4977 quibus
1761 4893 1905 4958 maxime
1932 4893 2070 4961 ducibus
2098 4894 2163 4962 hoe

151 5023 264 5070 rerum
296 5010 464 5087 gestarum
502 5001 731 5084 compendium
770 5001 1047 5069 concinnavimus.
1112 5000 1178 5067 Hic
1210 5001 1299 5067 enim
1329 5003 1450 5069 Noster
1480 5004 1652 5070 Pontifieis
1684 5004 2017 5072 Admonitionem
2055 5005 2162 5073 denuo

151 5112 263 5195 edidit,
285 5110 406 5179 additis
427 5111 625 5192 scholiis,
648 5113 765 5195 quibus
787 5134 860 5180 eam
881 5113 1025 5180 refutare
1046 5119 1182 5178 conatus
1204 5121 1262 5178 est
