4620 5894
197 202 236 264 ιι
1021 195 1086 261 nu
1108 191 1384 262 SOANDALIS.
2170 162 2211 267 re

192 386 348 453 maiestas
375 384 443 451 illie
469 405 505 450 se
532 384 667 452 exserit:
696 389 736 448 ut
762 384 885 448 sentire
913 390 1076 468 eoguntur
1102 383 1173 467 qui-
1226 381 1425 465 scripturam
1447 383 1612 450 reiioiant:
1647 385 1724 469 quia
1745 385 1888 469 speeiem
1918 384 2040 453 habeat
2058 386 2213 455 absurdi-

192 493 322 555 ennque
355 471 485 556 legunt,
526 471 590 537 nisi
620 490 760 552 quorum
792 478 921 535 mentes
956 469 1175 553 obstupefeoit
1225 468 1320 545 tatis,
1354 489 1469 534 eorum
1496 470 1666 553 opinione,
1696 473 1823 555 quoties
1852 473 1997 538 oeourrit
2026 470 2114 556 quod
2140 495 2211 539 non

193 555 316 636 Satan,
348 559 459 623 Deum
481 577 552 622 esse
576 557 632 638 qui
653 554 716 620 sibi
738 555 892 638 loquitur.
938 554 1052 635 Quare
1074 555 1173 620 nimis
1226 553 1341 635 plaeet
1375 555 1493 638 Itaque
1515 563 1594 622 tuno
1616 555 1680 622 sibi
1701 556 1833 622 demum
1856 557 2014 623 videntur
2035 559 2210 643 ingeniosi,

193 651 272 710 sunt
290 644 434 726 insipidi,
457 644 513 726 qui
535 642 665 706 nullum
685 640 760 706 ideo
784 662 825 707 ex
852 641 1017 725 seriptura
1038 648 1174 725 gustum
1226 659 1329 722 quum
1351 640 1595 723 simplieitatem
1617 651 1766 708 nostram
1786 642 1908 709 rident:
1927 644 2013 726 quod
2035 653 2127 710 oerta
2144 642 2211 711 fide

193 731 345 813 eupiunt,
375 727 462 812 quod
489 728 556 794 illio
585 727 745 792 sermonis
765 726 929 792 lenoeinia
943 730 967 810 ¹)
990 748 1056 791 non
1078 746 1172 809 repe·
1225 724 1464 807 ampleotamur
1491 748 1574 810 quae
1603 728 1882 795 demonstratione
1910 751 1978 794 non
1999 739 2132 796 tantum
2155 751 2210 796 ea·

193 816 295 881 riunt.
340 815 407 881 Sed
427 813 568 898 quid?²)
596 815 623 878 si
653 811 752 878 eorda
777 814 912 895 penitus
933 813 1046 887 ferire,
1075 833 1174 895 quam
1225 819 1316 887 rent,
1345 809 1403 875 sed
1431 812 1579 878 humano
1609 814 1730 880 iudicio
1759 824 1839 880 sunt
1864 814 2077 881 incredibilia.
2123 815 2210 898 Quis

193 921 330 967 amoeno
352 901 478 966 tinnitu
498 899 661 965 obleetare
680 919 776 963 aures
797 899 925 964 mavult
938 898 1053 963 Deus‘l
1087 898 1174 962 Nam
1225 894 1336 974 idiota,
1359 897 1526 979 inquiunt,
1549 899 1740 982 persuaderi
1761 901 1824 967 sibi
1846 902 1942 981 sinat,
1965 903 2059 968 euius
2081 903 2212 968 nullam

193 985 281 1070 quod
303 986 381 1052 dieit
401 985 538 1063 Paulus,
560 984 596 1049 in
618 985 706 1050 vasis
728 986 881 1050 testaceis
895 982 1080 1067 depositum
1102 1003 1174 1049 esse
1226 981 1391 1046 rationem
1411 983 1526 1048 videt?
1573 983 1613 1051 Si
1639 986 1822 1053 rationibus
1850 986 2065 1066 oontendam,
2095 988 2213 1071 quales

194 1072 357 1157 evangelii
378 1073 572 1137 thesaurum
594 1090 659 1153 quo
683 1077 754 1148 [pag.
777 1076 827 1150 13]
846 1071 952 1136 virt-us
973 1069 1040 1135 Dei
1058 1070 1095 1133 in
1115 1068 1174 1133 ho-
1225 1066 1364 1132 humani
1391 1069 1517 1153 ingenii
1550 1091 1690 1137 aeumen
1718 1072 1821 1155 oepit,
1855 1073 1955 1140 nimis
1983 1075 2116 1156 ineptus
2143 1095 2210 1140 ero.

193 1161 322 1224 minum
354 1157 548 1222 infirmitate
575 1157 696 1222 elarius
728 1165 885 1239 appareat
911 1156 946 1239 (2
971 1154 1047 1221 Cor.
1074 1161 1103 1234 4,
1129 1155 1173 1237 7),
1226 1151 1326 1233 Quod
1353 1154 1443 1218 enim
1472 1155 1646 1222 Christum
1673 1158 1839 1224 eredimus
1867 1161 1977 1225 Deum
1990 1160 2016 1243 ¹)
2043 1161 2081 1224 in
2109 1181 2210 1226 earne

194 1245 361 1328 praesenti
395 1263 523 1326 quoque
555 1243 707 1308 instituto
742 1242 864 1324 optime
893 1242 1055 1309 convenit.
1100 1240 1174 1305 Hoe
1225 1239 1486 1318 manifestatum,
1519 1241 1554 1306 id
1586 1245 1784 1327 mysterium
1817 1265 1889 1311 esse
1916 1245 2044 1310 Paulus
2076 1246 2208 1325 fatetur,

96 1356 99 1361 ·
193 1339 308 1396 nostro
329 1329 402 1394 iure
429 1349 598 1394 assumere
626 1328 721 1393 nobis
750 1328 838 1393 lieet:
869 1329 977 1394 nullas
1005 1348 1077 1393 esse
1105 1337 1175 1391 tam
1225 1324 1342 1408 prooul
1371 1333 1536 1391 remotum
1565 1329 1605 1393 ab
1632 1331 1723 1393 omni
1761 1331 1935 1395 hominum
1967 1352 2042 1414 pers
2066 1331 2208 1398 ioientia

192 1416 330 1482 subtiles
352 1414 626 1498 philosophorum
649 1413 899 1496 disputationes,
927 1435 1010 1496 quae
1031 1411 1174 1478 validius
1227 1409 1316 1491 Quid
1337 1411 1461 1494 igitur?
1496 1413 1524 1477 si
1546 1434 1644 1496 quam
1666 1414 1906 1481 absurditatem
1933 1417 2031 1482 obten
2055 1425 2130 1495 ant,
2159 1417 2209 1482 di-

192 1501 430 1586 persuedeant:
454 1500 548 1565 nulla
570 1520 642 1565 esse
663 1507 832 1565 oratorum
852 1500 992 1565 fidmina
1012 1519 1096 1582 quae
1118 1519 1174 1563 ve-
1226 1496 1318 1561 luere
1339 1497 1474 1579 quidem
1494 1508 1685 1583 promptum
1705 1501 1784 1566 erit:
1813 1512 1911 1585 atque
1940 1503 2004 1581 ita,
2032 1511 2071 1567 ut
2092 1501 2208 1568 obmu-

25 1642 29 1651 .
193 1587 383 1653 hementius
411 1586 571 1664 afficiant,
599 1606 698 1669 quam
726 1586 869 1667 simplex
895 1594 929 1650 et
956 1584 1048 1650 rudis
1070 1585 1173 1666 serip-
1226 1594 1351 1648 teodoro
1384 1593 1559 1667 rogantur,
1598 1587 1663 1650 nisi
1694 1586 1904 1670 impudenter
1936 1589 2058 1653 latrare
2093 1589 2208 1655 velint.

68 1680 75 1699 '
194 1682 291 1739 turae
313 1673 430 1757 stylus.
475 1670 561 1753 Quis
583 1673 672 1737 enim
694 1691 761 1736 non
788 1671 880 1738 videt
901 1669 1087 1737 admirabili
1109 1669 1173 1735 Dei
1225 1668 1353 1733 Facere
1375 1676 1485 1734 tamen
1510 1692 1578 1737 non
1622 1680 1721 1751 otero,
1751 1674 1832 1755 quin
1853 1696 1914 1739 nos
1935 1672 2048 1739 idiotis
2071 1674 2209 1757 quibua·

194 1758 402 1844 providentia
429 1759 567 1836 fautum,
595 1758 696 1823 utin
725 1757 843 1822 humili
865 1757 1026 1823 sermonis
1054 1777 1174 1840 genere
1224 1753 1307 1819 libet
1327 1753 1475 1821 iudioent
1497 1693 1711 1840 stupidiores,
1739 1760 1817 1841 quia
1844 1762 1880 1824 in
1904 1769 2073 1825 tantarum
2094 1781 2208 1825 rerum

194 1845 284 1912 nuda
305 1845 442 1928 spiritus
462 1843 607 1909 effioaoia
627 1842 746 1908 melius
768 1842 934 1909 exstaret?
978 1842 1105 1907 Volunt
1126 1840 1174 1906 illi
1226 1841 1438 1922 persuasione
1459 1862 1502 1906 ex
1524 1842 1624 1909 nudis
1643 1845 1816 1927 seripturis
1838 1845 2048 1928 pendeamus.
2094 1844 2208 1926 Quare

193 1931 367 1998 faoundiae
388 1931 550 1996 suavitate
572 1949 669 1994 aures
691 1929 754 1994 sibi
771 1929 917 1995 deliniri:
942 1938 976 1992 at
993 1929 1096 2005 Deus,
1119 1927 1175 2010 qui
1226 1925 1269 1989 ad
1291 1946 1346 1991 eos
1368 1948 1422 1991 me
1451 1937 1658 2006 eonvertam,
1688 1931 1744 2013 qui
1767 1931 1925 1997 eiusmodi
1947 1931 2112 1998 seandalis
2136 1942 2206 1998 ten·

193 2015 344 2102 linguam
366 2015 553 2082 hominibus
575 2016 744 2087 formavit,
773 2016 944 2081 nobiseum
966 2014 1039 2080 vult
1060 2013 1174 2078 balbu·
1226 2020 1341 2076 tantur
1362 2011 1511 2095 quidem,
1534 2025 1613 2079 sunt
1634 2024 1744 2080 tamen
1763 2015 1870 2081 adhue
1887 2016 2059 2083 sanabiles.
2069 2018 2098 2100 ²)
2144 2019 2206 2084 'lla-

194 2103 269 2168 tire.
313 2103 456 2167 Interim
473 2100 685 2167 balbutiendo
707 2101 873 2166 fulminat:
904 2122 964 2167 nee
984 2100 1094 2164 minus
1117 2120 1174 2163 ex·
1225 2096 1312 2162 libus
1335 2118 1403 2162 non
1425 2099 1515 2164 aliud
1534 2097 1616 2166 dabo
1639 2101 1830 2182 remedium,
1852 2123 1952 2186 quam
1974 2103 2060 2186 quod
2080 2103 2206 2169 Paulus

196 2188 285 2254 oelsa
322 2190 485 2272 gravitate
522 2187 660 2253 effertur
692 2186 734 2251 ad
773 2186 970 2271 subigendas
1003 2186 1175 2251 hominum
1226 2183 1434 2266 praeseribit:
1468 2205 1601 2269 nempe,
1634 2196 1673 2251 ut
1694 2188 1818 2252 mundo
1840 2188 2033 2255 stultescere
2066 2189 2204 2269 discant

195 2282 339 2353 mentes,
367 2294 468 2357 quam
495 2274 523 2339 si
551 2273 722 2338 rhetorum
752 2274 899 2338 omnium
929 2271 1173 2351 disertissimus,
1225 2290 1289 2351 quo
1311 2269 1461 2336 eoelestis
1483 2273 1663 2355 sapientiae
1684 2274 1753 2339 sint
1774 2295 1910 2357 eapaees
1938 2278 1970 2358 (1
1992 2274 2067 2340 Cor.
2089 2280 2119 2355 3,
2143 2275 2203 2358 18).

196 2358 354 2443 quidquid
376 2358 512 2425 haberet
525 2359 734 2442 exquisitum,
757 2379 799 2423 ex
819 2359 938 2423 intimo
948 2358 1087 2423 artifieio
1099 2378 1174 2440 pro·
1226 2355 1413 2420 Stultitiam
1434 2377 1502 2421 non
1523 2378 1680 2424 vooamus
1702 2367 1885 2442 stuporem:
1914 2383 1974 2428 neo
1996 2361 2149 2427 iubemus
2169 2368 2206 2426 ut

195 2457 309 2512 meret
354 2445 428 2510 Hoe
456 2444 550 2510 modo
577 2444 763 2528 spiritualia
783 2445 1009 2527 spiritualibus
1030 2443 1174 2525 eoaptari
1225 2443 1283 2524 qui
1304 2440 1493 2508 liberalibus
1515 2442 1786 2527 disoiphnissunt
1808 2446 1936 2523 eruditi,
1959 2468 2073 2512 earum
2095 2448 2205 2531 oogni·

198 2531 327 2598 Paulus
349 2531 444 2597 docet
466 2534 497 2614 (1
521 2529 596 2596 Cor.
617 2535 645 2608 2,
670 2533 736 2612 13):
766 2538 800 2594 et
821 2552 881 2595 nos
904 2528 1045 2596 dilueide
1067 2530 1173 2595 uerni-
1226 2529 1351 2591 tionem
1373 2527 1541 2593 abiioiant:
1570 2531 1626 2613 qui
1649 2532 1774 2614 ingenii
1797 2532 1937 2615 praediti
1960 2542 2037 2597 sunt
2063 2533 2205 2598 dexteri·

195 2640 287 2693 mus,
316 2626 476 2700 quantum
504 2638 565 2699 per
591 2638 626 2682 se
655 2616 764 2682 valeat
789 2616 931 2699 simplex
953 2617 1019 2681 Dei
1039 2614 1173 2680 veritas.
1226 2623 1309 2689 tate,
1334 2612 1582 2680 obbruteseant:
1612 2617 1706 2699 quasi
1727 2616 1938 2683 Christianus
1960 2639 2032 2684 esse
2054 2627 2205 2703 nequeat

195 2704 305 2769 Nimis
326 2723 405 2786 ergo
425 2703 561 2768 fastuosi
584 2710 663 2768 sunt
684 2701 844 2781 homines,
868 2703 896 2767 si
907 2703 961 2767 vel
973 2722 1058 2767 eosa
1075 2701 1175 2783 serip
1226 2698 1291 2764 nisi
1322 2700 1378 2781 qui
1411 2699 1529 2783 peoudi
1562 2703 1667 2786 magis
1699 2703 1815 2768 similis
1848 2705 1906 2781 sit,
1935 2726 2036 2786 quam
2070 2705 2204 2770 homini.

196 2799 291 2854 turae
317 2789 455 2855 leetione
483 2796 615 2854 revoeat
641 2787 800 2853 eiusmodi
827 2788 1010 2865 fastidium,
1043 2787 1097 2852 vel
1124 2787 1173 2851 di·
1226 2785 1368 2864 Pueros,
1397 2807 1465 2850 non
1487 2807 1585 2853 sensu
1607 2787 1665 2853 sed
1692 2789 1834 2866 malitia,
1865 2791 2002 2873 requirit
2024 2791 2208 2856 christiana

196 2877 294 2941 vinae
306 2875 492 2940 autoritatis
503 2873 633 2959 pondus
655 2874 772 2940 elevat.
807 2872 935 2939 Verum
956 2873 1030 2939 illos
1041 2874 1102 2939 sibi
1113 2872 1173 2937 ha·
1226 2870 1384 2953 professio
1411 2871 1706 2956 (1Οοι.14,20);
1734 2875 1792 2940 sed
1820 2897 1863 2940 ne
1890 2877 1964 2958 quis
1992 2886 2052 2941 aut
2080 2875 2207 2960 proprii

196 2962 275 3027 bere
297 2982 373 3027 suas
395 2960 530 3026 delieias
540 2962 696 3027 sinamus.
726 2959 895 3038 Nosvero,
919 2961 947 3025 si
960 2958 1174 3026 eordisaures
1226 2957 1407 3042 ingenii,⁸)
1447 2966 1506 3024 aut
1543 2959 1712 3026 doetrinae
1749 2961 1905 3027 fiduciam
1945 2963 1980 3025 in
2020 2962 2169 3028 soholarn
2177 2965 2209 3045 *1

198 3047 345 3131 loquenti
368 3049 440 3113 Deo
469 3047 731 3130 praebuerimus,
759 3044 840 3110 adeo
862 3045 955 3113 rudis
977 3056 1010 3111 et
1031 3045 1175 3112 incultus
1227 3041 1355 3108 Christi
1377 3044 1508 3109 afferat:
1537 3065 1581 3111 ne
1602 3047 1690 3111 fastu
1712 3049 1784 3130 quis
1805 3046 1967 3130 turgidus,
1990 3056 2048 3113 aut
2068 3069 2207 3131 oooupa·

197 3155 305 3200 sermo
332 3155 399 3198 non
426 3130 583 3209 offendet,
619 3139 658 3197 ut
683 3133 794 3215 potius
822 3131 863 3196 ad
892 3130 1174 3210 considerandam,
1227 3138 1281 3194 tue
1302 3128 1442 3206 fastidio,
1464 3152 1542 3195 mox
1564 3131 1703 3214 repellat
1724 3132 1809 3215 quod
1831 3134 2034 3216 proponitur,
2057 3138 2133 3213 [pag.
2155 3138 2207 3213 15]

197 3240 280 3304 quae
301 3219 370 3285 illio
391 3219 528 3297 eminet,
556 3218 693 3301 spiritus
720 3219 927 3283 maiestatem
947 3218 1077 3284 evehat.
1121 3217 1176 3282 Ita
1227 3224 1402 3298 antequam
1421 3237 1500 3282 vere
1517 3219 1715 3300 gustaverit:
1739 3218 1767 3283 si
1781 3217 1901 3285 dociles
1921 3219 2016 3284 modo
2035 3240 2095 3285 nos
2112 3239 2208 3304 prae-

197 3307 288 3371 enim
318 3304 457 3371 eruendi
489 3312 568 3371 sunt
606 3305 788 3388 sapientiae
820 3303 987 3381 thesauri,
1027 3324 1108 3387 quos
1140 3304 1176 3367 in
1208 3300 1412 3380 buerimus,
1442 3302 1572 3367 nullum
1598 3305 1780 3369 sentiemus
1808 3304 1861 3371 hie
1883 3305 2017 3371 obioem.
2062 3302 2133 3371 Sed
2153 3305 2209 3389 qui

197 3391 333 3456 Christo
360 3390 567 3456 absoonditos
595 3410 667 3456 esse
688 3390 813 3456 Paulus
842 3400 956 3456 monet
976 3389 1061 3475 (Col.
1082 3393 1111 3468 2,
1130 3391 1174 3473 3).
1228 3385 1290 3452 sibi
1318 3388 1465 3470 sapiunt,
1494 3388 1571 3454 solis
1600 3391 1749 3473 inquam,
1778 3390 1819 3456 iis
1847 3391 2041 3456 scandalum
2068 3400 2121 3457 est
2148 3411 2210 3456 sua

197 3478 308 3560 Atque
330 3477 393 3541 hao
415 3476 455 3541 de
477 3497 513 3541 re
533 3475 686 3541 nonnihil
714 3477 859 3559 reperire
880 3477 1017 3558 poterit,
1046 3476 1176 3558 siquis
1228 3473 1426 3556 arrogantia.
1471 3473 1561 3554 Quid
1588 3474 1698 3540 enim?
1743 3479 1799 3541 An
1827 3478 1967 3559 quiase
1995 3476 2210 3560 usqueadeo

197 3562 301 3637 volet,
330 3562 436 3645 primo
458 3562 681 3628 Institutionis
703 3563 822 3645 eapite:
853 3563 908 3628 ubi
930 3562 970 3628 de
993 3562 1176 3646 scripturae
1227 3557 1316 3623 filius
1337 3560 1402 3624 Dei
1424 3561 1617 3639 exinanivit,
1640 3570 1680 3625 ut
1707 3563 1809 3627 frater
1829 3571 1905 3628 tuus
1927 3564 2029 3640 fieret,
2050 3584 2211 3646 suamque

198 3649 375 3715 autoritate
397 3647 530 3713 dissero.
540 3648 569 3731 ⁸)
1228 3652 1396 3710 aeternam
1419 3644 1628 3712 divinitatem
1656 3647 1825 3731 copularet
1850 3648 1981 3713 mortali
2008 3651 2099 3714 earni
2123 3660 2211 3730 tuae,

283 3735 381 3799 Nune
402 3741 442 3797 ut
462 3733 607 3800 eiusdem
636 3733 751 3799 elassis
773 3732 935 3799 scandalis
957 3733 1082 3798 mederi
1101 3754 1176 3815 per·
1227 3729 1262 3794 id
1290 3730 1350 3795 tibi
1379 3732 1546 3797 obstaculo
1574 3734 1653 3810 erit,
1683 3735 1857 3816 quominus
1887 3734 1929 3797 ad
1951 3754 2028 3798 eum
2050 3735 2209 3801 aoeedas?

197 3841 331 3907 gamus,
360 3818 545 3885 texendane
568 3821 631 3885 erit
652 3821 783 3904 integra
804 3819 994 3904 dogmatum
1041 3817 1174 3897 robatio‚
1231 3817 1285 3881 An
1308 3817 1386 3899 quia
1414 3839 1455 3882 ex
1489 3819 1650 3884 immensa
1685 3840 1745 3884 sua
1779 3819 1954 3884 altitudine
1984 3820 2025 3884 ad
2053 3828 2088 3885 te
2115 3823 2213 3887 Deus

197 3927 281 3991 quae
304 3906 470 3972 humanae
492 3906 611 3972 rationi
641 3926 760 3989 parum
782 3905 951 3971 arrident?
1026 3904 1066 3970 ed
1086 3906 1176 3968 enim
1229 3899 1413 3981 deseendit,
1444 3902 1559 3970 ideone
1586 3906 1652 3969 eris
1679 3906 1719 3970 ab
1741 3906 1812 3987 ipso
1834 3905 2010 3970 remotior?
2056 3905 2159 3986 Quid,
2183 3907 2214 3973 si

195 4001 268 4059 tum
289 3999 523 4078 argumentum
544 3993 744 4057 immensum
759 3993 852 4069 foret,
875 4000 954 4058 tuno
976 4013 1015 4057 ea
1037 4013 1079 4056 ex
1100 4012 1176 4055 nos-
1229 4004 1261 4053 te
1284 4009 1418 4054 sursum
1440 3987 1482 4053 ad
1505 3990 1672 4056 inaoeessa
1693 3991 1772 4056 ooeli
1793 3991 1895 4074 adyta
1917 3991 2069 4057 voearet?
2116 3992 2213 4074 Quo·

196 4080 259 4146 tris
281 4089 315 4144 et
336 4079 477 4145 aliorum
504 4076 786 4144 lueubrationibus
813 4084 922 4160 potest
951 4077 1046 4143 sumi.
1057 4077 1086 4161 ⁴)
1130 4077 1177 4141 ut
1228 4071 1324 4139 modo
1347 4071 1487 4139 adeum
1509 4077 1965 4159 tamproouleontenderes‚
1994 4079 2050 4160 qui
2073 4080 2213 4162 propin·

196 4168 379 4250 seripturae
402 4164 590 4230 testimonia
610 4165 674 4230 hue
685 4164 814 4241 afferre,
832 4163 962 4229 inutilis
976 4176 1063 4229 esset
1074 4163 1175 4229 labor.
1228 4159 1354 4244 quitate
1380 4160 1577 4228 offenderis?
1622 4160 1690 4228 Sed
1726 4161 1807 4228 dieis
1835 4162 1894 4226 tibi
1928 4164 2034 4228 instar
2062 4165 2228 4246 portenti.

195 4253 284 4318 Nam
319 4260 357 4317 ut
389 4250 516 4318 Christi
556 4255 632 4330 [pag.
664 4256 716 4329 14]
752 4248 961 4316 divinitatem
999 4251 1086 4316 olare
1120 4249 1175 4314 de-
1229 4267 1317 4325 esse,
1350 4267 1452 4329 quum
1486 4249 1580 4313 audis
1608 4249 1717 4313 Deum
1748 4248 1930 4313 mortalem.
1976 4247 2067 4329 Quid
2096 4259 2228 4318 autem

196 4346 381 4405 monstrem
409 4358 452 4402 ex
480 4338 647 4420 scriptura
673 4334 832 4402 eiusmodi
862 4336 1063 4413 hominibus,
1097 4333 1177 4419 quid
1229 4332 1291 4397 hoe
1312 4342 1362 4397 est
1384 4332 1488 4413 aliud,
1518 4355 1617 4417 quam
1640 4336 1751 4399 Deum
1776 4334 1997 4399 immortalem
2018 4336 2054 4400 in
2077 4336 2242 4404 mortali-

197 4423 386 4507 profioiam?
421 4423 590 4489 Audaeter
611 4422 736 4490 soilieet
757 4419 917 4505 quidquid
939 4420 1107 4487 adduxero
1125 4443 1176 4486 re·
1229 4438 1327 4483 earne
1349 4426 1462 4484 nostra
1484 4419 1668 4486 habitasse?
1714 4421 1801 4484 Nam
1819 4430 1852 4484 et
1872 4443 1925 4486 res
1946 4421 2019 4503 ipsa
2039 4421 2231 4505 olamat,³)

197 4510 392 4594 pudiabunt.
441 4509 513 4574 Imo
546 4508 628 4575 haee
658 4509 725 4574 illis
752 4529 851 4575 eausa
883 4515 947 4585 est,
983 4528 1042 4572 our
1073 4516 1176 4573 totam
1229 4526 1297 4570 non
1319 4505 1444 4571 frustra
1466 4506 1528 4573 hoe
1550 4528 1570 4570 a
1591 4507 1717 4571 Ioanne
1740 4506 1786 4586 (l,
1815 4508 1867 4586 14)
1896 4506 2098 4589 praedicari:
2132 4531 2237 4576 oon1

1228 4600 1373 4674 speotam
1395 4591 1431 4655 in
1446 4615 1484 4658 eo
1496 4593 1599 4658 hrisse
1623 4592 1770 4676 gloriam,
1790 4599 1824 4656 et
1842 4592 1976 4675 dignam
1991 4594 2062 4671 ¹filio
2079 4595 2155 4675 Dei,
2176 4602 2235 4660 et

268 4783 298 4848 l)
318 4797 440 4837 amorees
459 4790 487 4837 et
503 4783 646 4839 friandises
664 4784 698 4838 de
717 4784 831 4855 langage
849 4785 911 4838 bien
929 4784 1003 4852 pare.

267 4851 298 4915 2)
316 4866 459 4932 pourquoy
478 4852 504 4906 le
522 4860 685 4908 trouverons
702 4870 771 4909 nous
789 4854 930 4908 mauvais?
1298 4849 1329 4913 1)
1347 4855 1439 4929 nostre
1458 4850 1528 4905 chef.
1845 4919 1851 4930 ·

267 4920 297 5042 δῖ)
318 4919 382 4974 Sal.
401 4919 530 4976 adeunte
547 4925 603 4975 mm
621 4924 749 4991 umpon's
761 4923 969 4990 recentissimae,
987 4936 1061 4975 naue
1084 4920 1129 4975 leb.
1147 4919 1177 4987 1.,
1296 4916 1327 5051 ἕξ
1346 4934 1426 5055 blhugrn
1435 4960 1441 4972 .
1460 4957 1467 4971 .
1485 4959 1492 4971 .
1510 4920 1640 4975 oerehent
1658 4917 1757 4974 d'estre
1776 4917 1888 4973 redmts.

198 5006 299 5182 ⁶⁰23).
317 5066 345 5139 et
363 5073 380 5111 a
398 5059 457 5141 este
475 5066 503 5111 et
521 5066 564 5114 est
590 5066 652 5114 tous
670 5060 711 5115 les
728 5063 803 5114 iours
820 5061 882 5128 plus
900 5059 1066 5129 amplement
1083 5057 1177 5112 deduit
1297 5053 1328 5120 4)
1347 5070 1381 5109 en
1399 5028 1510 5125 l’eglise.
1785 5125 1790 5136 1

198 5144 251 5200 par
293 5134 390 5183 raittez
409 5144 454 5196 qur
473 5135 536 5183 sont
552 5135 728 5197 proprement
746 5145 890 5197 composez
908 5144 979 5197 pour
996 5128 1063 5184 oela.
1296 5123 1328 5190 5)
1347 5139 1391 5179 see
1410 5139 1516 5181 oeuvres
1535 5131 1583 5180 ont
1600 5125 1721 5180 monstrt
1740 5125 1904 5180 elauement.
