4620 5894
142 226 205 289 431
818 220 942 290 nom
963 218 1145 288 SYNODI
1163 219 1485 288 TRIDENTINAE
1995 315 2001 329 ι
2094 166 2159 290 did

143 412 245 477 mines
266 410 397 488 miserit,
419 414 454 473 ut
475 413 503 473 et
522 407 666 487 Iudaeos,
689 410 746 490 qni
766 410 824 475 sub
845 409 908 493 iepe
925 415 1023 490 eraut,
1044 409 1126 474 ruii-
1177 413 1260 474 certe
1286 429 1345 475 nes
1366 410 1517 489 Dareine,
1545 414 1575 475 et
1601 411 1644 475 ed
1669 415 1699 474 te
1724 415 1941 491 eenoerteneur,
1953 409 1980 494 ¹)
2014 409 2080 478 Dei
2100 432 2160 479 nes

143 500 245 575 meret,
269 500 297 560 et
315 499 420 579 pentes
440 515 521 576 quae
541 515 602 559 non
623 493 822 560 sectabantur
842 496 1012 572 iustitiam,
1035 494 1125 559 iusti-
1175 496 1283 579 pretia
1300 497 1484 579 praeveniri
1504 496 1692 577 mundemur.

144 584 225 681 tiam
246 580 516 704 apprehenderent,
538 585 629 678 atque
646 600 751 645 onena
768 582 964 680 adoptionem
983 579 1125 662 fitiorum
1454 630 1575 697 Modus
1597 631 1877 717 mmmmm)

143 671 327 750 reciperent.
361 666 442 730 tinne
464 671 632 749 proposuit
664 665 755 732 Dens
782 671 1039 748 propitiatorem,
1064 685 1126 747 per

143 752 237 834 fidem
259 753 292 816 in
315 752 467 836 sanpuiue
487 752 600 833 ipsius,
616 772 679 833 pro
692 753 974 832 peccatisnostris:
996 771 1058 815 non
1078 771 1126 816 so-
1272 751 1352 817 ΠΙ.
1402 751 1625 832 Disponuntur
1655 756 1758 816 autem
1786 752 1829 818 ed
1856 753 1962 834 ipsam
1989 752 2158 833 iustitiam

146 838 212 904 tune
233 842 338 904 eutem
352 858 416 920 pro
434 839 559 915 erasnm
581 838 636 902 sed
658 839 752 902 etiam
767 858 831 918 pro
853 838 947 902 totius
966 837 1087 903 mmtdi.
1177 838 1261 936 dum·
1275 838 1533 936 caedatidioina
1553 838 1671 921 pratia,
1695 843 1723 936 et
1744 837 1855 918 adiuti,
1874 838 1969 919 fidon
1990 859 2029 904 ca
2045 838 2161 905 auditu

355 974 418 1055 or*
432 994 493 1055 er
516 971 676 1038 m...
697 973 914 1055 recture·
1176 922 1686 1090 momentaneos.
1706 943 1740 1072 t
1748 921 2161 1092 dmrcm’tmc

233 1092 306 1175 [pag.
328 1100 402 1173 1³6]
435 1092 499 1158 IV.
547 1093 678 1172 Verum,
717 1095 775 1158 etsi
812 1093 866 1158 ilie
890 1115 953 1176 pro
984 1093 1127 1159 enudus
1178 1094 1258 1160 abiud
1284 1096 1320 1159 iu
1341 1095 1477 1176 primis:
1507 1116 1528 1158 a
1549 1093 1618 1159 Deo
1647 1095 1819 1175 iustificari
1845 1095 1981 1177 impium
2003 1115 2066 1177 per
2125 1116 2161 1162 a·

17 1182 21 1191 '
148 1186 287 1247 mortum
308 1185 367 1258 est,
395 1199 457 1244 nem
477 1199 581 1244 omnes
602 1184 706 1243 tamen
727 1180 837 1244 mortis
858 1180 926 1245 eius
948 1177 1127 1259 beneficium
1177 1180 1257 1245 tiam
1277 1181 1353 1260 eius,
1370 1200 1433 1260 per
1449 1180 1688 1261 redemptionem
1705 1200 1785 1261 quae
1801 1181 1900 1245 estin
1920 1178 2043 1246 Gbristo
2085 1200 2159 1248 esne:

147 1267 313 1348 recipiunt,
341 1265 395 1330 sed
415 1264 449 1329 bi
469 1264 638 1343 tumeret,
668 1264 782 1346 quibrcs
802 1265 946 1329 meritum
962 1265 1127 1346 passionis
1178 1270 1206 1330 et
1226 1265 1302 1330 dum
1323 1270 1500 1347 peccatores
1520 1285 1553 1329 se
1578 1286 1644 1331 esse
1671 1265 1886 1349 multipedes,
1915 1287 1937 1330 a
1962 1264 2090 1332 divinae
2109 1267 2161 1332 in·

147 1354 217 1418 eins
237 1353 490 1417 commumeatur.
536 1349 624 1413 Nam
644 1352 725 1414 sieut
745 1371 780 1415 re
801 1371 875 1415 uera
892 1350 1039 1429 born-ines,
1060 1351 1127 1415 nisi
1182 1351 1286 1416 stitiae
1305 1354 1425 1430 timore,
1446 1371 1505 1432 pue
1526 1351 1645 1417 utiliter
1661 1352 1884 1431 concutiuntur,
1900 1351 1944 1416 ad
1960 1352 2160 1420 considerau-

146 1458 186 1503 ee
206 1438 323 1504 semine
343 1435 437 1502 Adae
452 1437 625 1518 propepeti
646 1441 861 1514 nascerentur,
883 1457 945 1500 reon
965 1455 1126 1500 nasceren-
1178 1436 1254 1501 dam
1275 1437 1340 1502 Dei
1360 1436 1619 1514 misericordiam,
1641 1457 1676 1502 se
1696 1438 1906 1517 concertendo,
1929 1443 2003 1517 [pag.
2026 1441 2100 1517 139]
2122 1438 2159 1504 in

147 1529 199 1588 tur
229 1523 356 1602 iniusti,
384 1541 482 1604 quum
509 1541 547 1586 ea
567 1522 809 1604 propepetione,
830 1543 892 1603 per
912 1523 1027 1603 ipsum
1049 1522 1126 1587 dum
1178 1542 1265 1604 spem
1292 1524 1470 1606 eripuutur,
1503 1523 1633 1604 ridentes
1660 1521 1765 1588 Deum
1786 1543 1847 1604 per
1855 1523 1883 1603 8)
1914 1520 2075 1589 Obrismm
2095 1522 2159 1590 sebi

147 1609 381 1690 concipiuntur,
414 1608 578 1689 propriam
617 1608 808 1672 iniustitiam
839 1607 1033 1672 memoriam:
1065 1608 1125 1685 ita,
1172 1609 1349 1691 propitium
1364 1610 1448 1690 sore:
1465 1609 1624 1690 iliumque,
1642 1613 1793 1691 tanquam
1812 1609 1914 1674 omnis
1930 1609 2073 1674 iustitiae
2088 1609 2160 1692 fon·

147 1696 214 1761 nisi
241 1696 276 1759 in
303 1692 427 1759 Obriste
454 1698 703 1772 renascerentur,
730 1712 894 1775 nunquam
922 1691 1128 1773 iustificaren·
1178 1699 1254 1773 tem,
1281 1694 1412 1778 ditipere
1437 1694 1601 1776 incipiunt.
1652 1693 1702 1759 Ae
1725 1698 1894 1775 propterea
1921 1699 2083 1760 monartur
2102 1693 2160 1761 ed-

148 1785 216 1846 tur:
236 1799 334 1862 enum
354 1800 392 1844 ee
412 1779 607 1844 renascentia
622 1799 684 1859 per
704 1780 852 1844 meritum
868 1779 1032 1862 passionis
1049 1779 1126 1856 eius,
1179 1800 1287 1845 vasus
1306 1785 1452 1862 peccata,
1475 1801 1536 1861 per
1560 1779 1669 1845 odium
1690 1779 1834 1861 aiipuod,
1861 1785 1889 1844 et
1914 1781 2160 1848 adunatione».-

147 1868 264 1951 pretie,
284 1886 349 1947 que
369 1866 449 1930 iusti
469 1864 558 1945 fiuent,
582 1865 649 1929 iliis
671 1866 837 1930 tribuatur.
880 1863 947 1930 Pro
969 1863 1023 1929 boe
1042 1864 1127 1929 bene-
1179 1866 1234 1932 boe
1255 1871 1314 1945 est,
1331 1887 1393 1948 ρον
1413 1885 1484 1931 eam
1500 1865 1738 1948 poententiam,
1760 1885 1856 1946 quam
1878 1871 1949 1931 ente
1969 1865 2160 1947 baptismam

147 1951 221 2034 ficio
243 1952 414 2034 Apostolus
433 1951 557 2033 pretias
578 1970 636 2014 nos
656 1971 777 2033 semper
799 1972 887 2034 apere
904 1950 1045 2015 bortatur
1065 1948 1129 2014 Pa·
1179 1952 1234 2034 api
1264 1955 1388 2032 oportet.
1432 1951 1576 2032 Denique
1603 1950 1679 2015 dum
1697 1955 1878 2033 proponunt
1905 1952 2065 2034 suscipere
2086 1952 2161 2035 bap-

149 2039 202 2118 tri,
230 2039 286 2120 oui
307 2057 363 2103 nos
384 2036 497 2119 ἄορνον
522 2035 597 2116 feeit
618 2037 653 2101 in
677 2042 803 2118 partem
824 2038 918 2102 sortis
941 2035 1128 2102 Senatorum
1179 2038 1318 2116 turnum,
1341 2037 1487 2103 ineboere
1503 2057 1614 2100 nouem
1630 2038 1738 2115 citam,
1755 2041 1783 2100 et
1800 2057 1926 2103 seruere
1942 2038 2055 2102 divine
2071 2057 2161 2103 man·

149 2125 186 2190 in
207 2124 330 2202 iumine,
353 2123 509 2204 deripuit
530 2141 589 2185 nos
603 2123 642 2186 de
646 2127 796 2202 potestate
812 2121 1008 2188 tenebrermn
1026 2125 1129 2186 treus·
1181 2122 1264 2188 deta.
1308 2121 1360 2187 De
1386 2123 1444 2188 bae
1472 2122 1676 2202 dispositione
1697 2123 1849 2204 scriptum
1870 2128 1931 2188 est:
1958 2123 2162 2189 eumcum

148 2209 279 2292 tulitque
304 2210 340 2273 in
368 2207 513 2291 Repnrm
541 2206 624 2271 Fit-ii
652 2208 823 2273 dilectionis
855 2229 941 2274 suae.
997 2206 1040 2271 In
1067 2227 1128 2290 pue
1182 2209 1224 2274 ad
1245 2207 1352 2274 Deum
1372 2213 1488 2289 oportet
1507 2208 1641 2289 medere,
1663 2209 1740 2291 quie
1761 2213 1819 2288 cst,
1847 2214 1876 2274 et
1896 2209 1977 2291 qued
1998 2209 2162 2292 inquirere

148 2294 298 2362 babemus
319 2295 556 2376 redemptionem
576 2297 604 2358 et
625 2295 840 2360 remissionem
854 2298 1063 2377 peecatorum.
1181 2293 1264 2359 tibus
1290 2314 1368 2394 enm¹
1386 2298 1600 2360 remunerator
1628 2295 1679 2359 sit.
1729 2292 1788 2393 Εἰς
1818 2293 1952 2376 Confido,
1969 2294 2033 2395 fibi,
2056 2295 2161 2394 remit·

149 2432 342 2499 Insinuatur
371 2430 545 2529 descriptio
563 2430 796 2530 iustificationis
824 2431 932 2513 impii,
962 2436 990 2496 et
1017 2431 1130 2496 modus
1176 2380 1369 2550 {malum
1389 2380 1853 2548 fflgfflmffagfflgt
1870 2379 2162 2547 hemmae&

441 2537 510 2580 ems
532 2537 566 2580 Μ
589 2522 673 2581 stam
692 2521 825 2600 drame·
1181 2553 1313 2635 qumque
1334 2557 1469 2616 oestrum
1490 2552 1671 2617 inocentiae
1693 2551 1769 2616 Iesu
1792 2516 1927 2631 ’Obristm
1950 2557 1979 2617 et
2000 2551 2162 2634 accipiam

243 2637 279 2703 V.
326 2635 445 2718 Quibus
463 2635 566 2701 uerbis
586 2636 821 2717 iustificationis
842 2637 936 2719 impii
958 2643 1032 2717 [ρος.
1055 2641 1128 2715 137]
1181 2639 1394 2704 remissionem
1418 2642 1614 2720 peceatomcm
1640 2643 1826 2715 uestrorum,
1861 2643 1890 2702 et
1915 2639 2031 2703 donum
2039 2639 2067 2721 ⁴)
2095 2637 2161 2720 spi-

149 2723 318 2806 descriptio
339 2722 532 2802 insinuatur,
554 2727 589 2786 ut
609 2723 662 2786 sit
674 2722 839 2788 translatio
862 2723 901 2787 ab
924 2743 958 2788 eo
979 2728 1073 2802 statu,
1095 2724 1131 2787 in
1180 2725 1265 2788 ritus
1290 2725 1401 2790 scruti.
1446 2723 1505 2788 Et.-
1527 2721 1649 2788 Euntcs
1671 2724 1771 2789 docete
1793 2742 1896 2788 omnes
1914 2728 2033 2806 pentes,
2061 2722 2162 2805 bapti-

149 2830 210 2892 ono
231 2809 319 2875 bomo
341 2808 483 2873 neseitm
502 2809 593 2889 fitius
608 2809 713 2892 primi
734 2809 841 2888 Adae,
864 2810 901 2873 iu
921 2814 1038 2873 statum
1057 2829 1131 2891 pra
1181 2815 1290 2875 centes
1323 2829 1374 2874 eos
1405 2810 1440 2874 in
1468 2810 1590 2874 nomine
1619 2808 1746 2887 Patris,
1780 2814 1809 2873 et
1831 2807 1930 2888 Filii,
1958 2813 1988 2873 et
2015 2808 2161 2891 Spiritum

149 2897 213 2962 tiae
233 2900 263 2960 et
284 2893 461 2975 adoptionis
480 2892 624 2974 fitiorum
645 2894 718 2973 Dei,
735 2915 798 2977 per
820 2895 991 2962 seeundum
1011 2895 1130 2975 Adam,
1182 2896 1298 2975 sancti,
1327 2896 1467 2961 acanus
1489 2914 1538 2959 eas
1559 2914 1686 2960 seruere
1708 2916 1760 2975 ea,
1787 2913 1986 2977 quaeeunque
2006 2894 2163 2962 mandari

149 2981 260 3048 Iesum
293 2978 451 3048 mm
485 2980 671 3046 saluatorem
700 2986 856 3047 nostrum:
894 3001 974 3062 quae
1005 2981 1131 3062 quidem
1181 2981 1275 3047 uobis.
1320 2981 1478 3063 Denique:
1502 2979 1700 3062 Preeparete
1720 2981 1815 3046 eorda
1829 2979 2092 3062 ommaDomiuo,
2109 2984 2162 3048 ea

149 3067 316 3135 momiano
337 3071 412 3149 pest
438 3065 650 3150 annpeiium
670 3066 920 3150 prornuipatnm,
951 3067 1021 3132 sine
1044 3067 1130 3132 baua·
1301 3120 1307 3133 .
1374 3120 1380 3132 .
1420 3120 1426 3131 .
1486 3119 1492 3131 .
1572 3120 1577 3131 .
1624 3119 1632 3131 .
1692 3119 1712 3132 ..
1911 3118 1917 3131 .

148 3174 201 3222 cre
222 3153 479 3237 reponeretionis,
503 3158 559 3218 ent
580 3154 650 3219 eins
668 3158 736 3218 octo
755 3152 829 3234 fieri
850 3173 910 3217 non
932 3157 1050 3235 potest:
1072 3153 1131 3218 sic·
1246 3120 1329 3202 (W
1350 3124 1392 3185 επ
1413 3117 1596 3200 mstww
1618 3138 1720 3199 ΨΜ
1742 3123 1867 3199 ΗΜΘ
1887 3137 1957 3183 “²⁴⁸
1976 3136 2100 3185 mm·

148 3245 183 3304 ut
202 3241 355 3324 scriptun
376 3244 429 3318 est,
455 3238 533 3305 Nisi
555 3240 627 3321 quis
648 3244 785 3318 renatus,
807 3243 858 3305 ete.
1269 3245 1344 3338 [pag.
1370 3244 1444 3318 140]
1468 3237 1588 3337 ΠΗ.
1615 3324 1621 3336 ι
1648 3237 1743 3337 Itane
1775 3239 2066 3336 praeparationem,
2104 3258 2162 3304 sen

153 3375 204 3442 oe
236 3376 416 3442 anaema
443 3377 705 3474 praeponente
736 3377 780 3442 eo
812 3376 1064 3458 contemnum
1095 3377 1130 3441 a
1181 3325 2079 3493 {Siffiffibfflfflmffiammfflo
2098 3343 2162 3476 ”22

464 3461 590 3541 ΜΨ
613 3467 642 3526 ⁶³
661 3463 742 3528 “nde
763 3463 813 3527 θα·
1181 3498 1339 3563 renovatio
1366 3496 1526 3561 interioris
1546 3495 1696 3574 bominis,
1714 3461 1781 3575 per
1802 3495 2014 3563 coburetoriem
2034 3460 2162 3577 suseep-

215 3579 300 3644 .V1.
355 3579 509 3645 Dederat
544 3586 712 3661 praeterea
750 3583 857 3662 ipsius
895 3582 1130 3663 iustificationis
1181 3585 1294 3650 tionem
1312 3584 1444 3666 pretias,
1467 3587 1495 3646 et
1513 3583 1682 3647 donorum:
1712 3582 1794 3646 urede
1815 3579 1903 3646 bento
1925 3602 1964 3646 eu
1985 3581 2162 3664 iniustofit

151 3665 315 3733 enordimn
337 3665 372 3729 in
393 3665 521 3745 adultis,
543 3686 565 3729 a
586 3666 651 3730 Dei
665 3686 728 3746 per
750 3665 911 3732 Christum
928 3668 1037 3733 Iesum
1055 3688 1129 3751 pra·
1181 3671 1293 3747 iustus,
1321 3690 1359 3734 aa
1386 3669 1514 3733 inimico
1536 3668 1573 3749 fit
1595 3668 1731 3733 annuus:
1764 3671 1799 3731 ut
1826 3667 1868 3730 sit
1895 3666 2019 3746 Ιιοονον,
2053 3688 2163 3735 sectere·

150 3753 197 3818 tia
220 3752 443 3835 praeveniente
468 3750 654 3816 armonedum
676 3772 756 3818 esse:
783 3752 837 3818 boe
862 3759 908 3818 est
928 3754 967 3818 ab
988 3755 1057 3818 eins
1077 3773 1129 3817 no-
1181 3755 1257 3820 dnm
1277 3773 1364 3836 spem
1385 3755 1467 3819 ritae
1484 3758 1634 3818 aetemee.
1666 3752 1777 3816 Heius
1794 3751 2028 3832 iustificationis
2046 3774 2163 3822 causae

149 3839 282 3919 οαὺἱοννο,
306 3856 371 3918 pue
397 3836 496 3903 nuidis
518 3857 624 3901 comem
644 3837 861 3903 exsistentibus
878 3839 1001 3903 meritis
1021 3859 1130 3904 nocam
1180 3845 1270 3906 snmt:
1299 3840 1428 3904 Finabis
1449 3839 1589 3921 quidem
1609 3839 1712 3922 pieria
1733 3838 1797 3903 Dei
1818 3843 1846 3903 ct
1869 3837 2004 3918 Gtcrisii,
2033 3860 2072 3904 ae
2094 3842 2163 3906 uita

150 3931 212 4004 tur,
233 3929 271 3989 nt
291 3924 347 4006 qui
368 3943 431 4004 per
449 3927 576 4003 peecata
595 3943 618 3997 e
639 3921 709 3987 Deo
731 3925 838 3989 auersi
857 3928 959 4004 erent,
978 3944 1039 4006 per
1061 3925 1130 3989 eius
1182 3932 1314 3990 actone.
1348 3924 1504 4008 Efficietne
1524 3945 1603 4005 cero,
1625 3925 1804 3989 misericors
1821 3923 1921 4002 Deus,
1943 3926 2000 4006 qui
2019 3927 2164 4010 pratuito

149 4011 332 4079 amanum
357 4014 449 4091 etque
476 4009 678 4089 adiacentem
702 4010 855 4093 qratiam,
888 4011 931 4075 ad
956 4015 1128 4076 concertor-
1181 4012 1281 4077 abluit
1307 4016 1335 4076 ct
1361 4012 1545 4093 sanctificat,
1575 4012 1707 4094 sipnuns
1735 4015 1763 4075 et
1789 4031 1908 4093 unpens
1937 4010 2065 4090 Spiritu
2086 4031 2165 4095 pro-

149 4098 225 4164 dam
247 4117 288 4176 sc,
310 4095 353 4161 ed
373 4114 466 4160 suam
487 4096 630 4176 ipsernm
652 4095 910 4178 instinctionem,
932 4097 1033 4162 eidem
1052 4116 1129 4178 pra·
1181 4098 1345 4163 missionis
1365 4102 1487 4177 sancto,
1516 4098 1638 4178 quiesi
1661 4098 1782 4180 pipnus
1803 4095 2006 4161 baereditatis
2027 4103 2165 4164 metrae.

148 4184 212 4250 tiae
233 4183 327 4249 iibere
348 4180 543 4246 assentiendo
571 4185 600 4244 et
621 4181 809 4264 moperando
835 4183 1060 4265 disponentur:
1083 4183 1129 4246 ite
1182 4183 1352 4250 Meritoria
1377 4188 1488 4263 aedon,
1515 4182 1648 4248 ddedus
1673 4183 1852 4266 unipenitus
1875 4179 1985 4246 Fitires
2013 4202 2097 4250 suus
2118 4182 2164 4249 D.

149 4275 184 4334 ut
204 4273 344 4353 tenpeete
365 4266 434 4333 Deo
455 4287 507 4331 eor
523 4265 668 4347 tamiris,
685 4288 747 4350 per
768 4267 912 4350 Spiritus
928 4269 1030 4333 sancti
1053 4273 1127 4349 [pag.
1183 4270 1225 4335 N.
1248 4269 1342 4334 tosus
1365 4266 1521 4348 cortem,
1550 4270 1606 4351 qui
1626 4289 1724 4351 quum
1744 4288 1879 4334 essemus
1900 4268 2040 4348 inimici,
2062 4290 2166 4354 prop-

154 4357 228 4431 188]
257 4354 533 4431 illuminationem,
560 4373 659 4435 neque
684 4353 775 4417 tem
802 4354 870 4434 ipsc
897 4354 978 4419 scibit
1005 4355 1129 4420 mnnmo
1180 4362 1225 4422 ter
1256 4356 1390 4420 nimiam
1417 4356 1596 4434 caritatem,
1628 4375 1692 4437 pue
1719 4355 1832 4420 ditexit
1852 4374 1922 4432 nos,
1947 4373 2009 4420 scca
2031 4358 2167 4425 eondis-

151 4440 492 4590 &inspirationem
512 4440 618 4520 ipsam
632 4441 826 4522 percipiens:
846 4441 868 4519 ¹)
892 4442 1006 4523 quippe
1028 4441 1129 4523 quiet
1179 4444 1265 4508 sima
1288 4440 1454 4521 passione,
1481 4441 1517 4505 in
1545 4442 1629 4524 tipno
1657 4442 1775 4519 mucis,
1799 4440 1889 4506 nobis
1909 4441 2168 4523 iustificationem

274 4522 405 4589 abiieme
430 4529 548 4606 potest:
581 4545 678 4606 neque
705 4530 810 4591 tamen
838 4527 906 4592 sine
929 4528 1038 4611 pratia
1064 4526 1129 4591 Dei
1179 4528 1304 4605 amnuit,
1327 4530 1357 4590 et
1371 4546 1434 4608 pro
1456 4526 1545 4591 nobis
1566 4526 1635 4592 Deo
1659 4526 1753 4591 Petri
1774 4527 1933 4609 satisfecit.
1963 4525 2167 4595 Instrumen-

151 4628 271 4674 mouere
302 4628 335 4672 se
357 4609 401 4674 ed
426 4611 584 4676 madiam
604 4631 710 4678 eorem
732 4614 801 4695 ipse
825 4612 924 4679 iibere
945 4633 1007 4678 scca
1025 4613 1129 4678 cotun
1180 4613 1256 4679 tatis
1276 4613 1358 4691 item,
1381 4617 1612 4679 sacramentmn
1633 4611 1795 4692 baptismi,
1819 4611 1901 4694 quod
1921 4615 1967 4675 est
1988 4616 2064 4691 [pag.
2087 4619 2165 4695 141]

149 4698 213 4760 tate
228 4694 341 4776 possit.
382 4694 470 4760 Unde
483 4697 518 4760 in
531 4698 636 4762 sacris
657 4697 770 4778 biteris,
788 4700 1028 4780 pumndicitur:
1053 4697 1129 4764 Oen-
1183 4774 1187 4779 ,

151 4779 311 4846 oeriinnni
338 4779 381 4845 ad
406 4801 469 4861 nee,
497 4787 525 4848 et
551 4804 604 4869 ορο
633 4790 793 4851 correertar
819 4785 862 4850 ad
881 4805 951 4851 nos:
977 4785 1130 4850 libertatis

151 4870 276 4932 rwstrae
302 4864 514 4933 admoneretur.
562 4871 666 4952 Quian
690 4891 763 4936 vero
787 4872 1024 4955 respondemus:
1054 4868 1131 4937 Opp-
1251 4869 1281 4992 ὲ)
1302 4869 1377 4993 ffl.
1395 4869 1430 4924 ed
1448 4876 1484 4938 te,
1502 4874 1744 4949 etnconvertomur.

1252 4942 1283 5070 ei
1303 4977 1379 5061 ned
1394 4944 1740 5075 imbibissem.

1252 5074 1284 5144 4)
1304 5075 1379 5131 Ede.
1402 5076 1634 5131 inremissionem
1657 5081 1831 5143 peecatorum
1853 5081 2021 5146 vestrorum,
2046 5083 2076 5132 et
2093 5078 2165 5133 aeci-

223 5140 252 5207 1)
272 5139 349 5196 ΕΜ.
365 5139 440 5194 illem
457 5141 600 5210 recipiens.
1184 5146 1265 5215 pierii
1283 5146 1382 5202 denum
1398 5149 1446 5200 ete.

1208 4770 1386 4780 0—--.-——-
