4620 5894
1059 257 1265 327 SERVETI
2112 257 2167 318 692

1053 453 1057 462 '
1186 445 1328 527 fueruat.
1373 446 1416 511 Iu
1437 464 1595 511 suuuuom
1620 452 1667 512 est
1685 447 1739 514 ille
1759 447 1991 513 sublimitatem
2013 445 2169 527 exallalm,

271 533 509 603 EPISTOLA
530 531 764 601 VICESIMA
787 532 1015 603 SECUNDA.
1189 533 1268 613 arcia
1295 550 1328 595 se
1356 536 1462 614 spoute
1485 533 1603 612 deiecit,
1635 538 1662 599 et
1693 536 1787 599 morti
1818 533 1945 599 obiecit:
1978 532 2069 596 uobis
2096 533 2170 597 dam

1190 617 1375 697 eaeruplum,
1398 623 1434 682 ut
1454 619 1525 683 eius
1544 620 1676 703 oestipia
1697 620 1732 684 iu
1751 620 1910 703 martyrio
1930 623 2095 700 sequentes
2112 639 2171 682 ma·

238 707 281 772 Iu
311 707 408 790 fatali
440 710 505 788 tua,
537 725 576 771 uc
604 706 710 772 duam
733 706 837 789 fatua,
868 725 976 772 rerum
998 705 1137 772 muium
1189 702 1287 766 iorem
1306 702 1442 785 ploriam
1462 703 1641 769 habeamus.
1685 704 1731 769 Ac
1757 711 1856 784 riou1)
1886 709 1933 770 est
1954 706 2063 769 maior
2082 703 2172 769 liuius

146 795 338 873 necessitate,
366 813 424 858 seu
445 794 482 858 iu
503 812 592 858 serco
612 797 665 857 tuo
687 792 828 872 arbitrio,
855 797 900 857 est
920 791 975 858 hoe
996 791 1137 873 stuporis
1189 789 1344 870 meropis
1373 789 1486 872 plocio,
1520 811 1617 870 quam
1648 791 1780 856 alutias
1812 791 1973 857 tacentis?
2039 787 2173 857 Fmstra

148 886 266 949 mum
288 879 454 958 iudicium,
476 879 558 960 quod
579 877 734 943 hormucm
755 879 790 943 id
808 898 899 962 apere
917 896 1031 957 moues,
1053 876 1138 958 quocl
1189 873 1311 954 alioqui
1330 875 1482 941 dormitur
1503 876 1696 960 martyribus
1712 882 1811 942 certae
1825 878 1971 959 palmae,
1994 881 2024 940 et
2038 875 2173 956 peculia-

148 968 222 1046 scis,
256 985 327 1030 eum
359 984 449 1048 apere
482 969 558 1042 [pag.
578 967 654 1042 633]
687 984 749 1028 aaa
775 983 881 1044 posse.
942 962 995 1027 De
1028 962 1137 1027 liberis
1188 958 1237 1022 ris
1267 960 1389 1042 plamae
1421 961 1572 1044 lampaia.
1629 962 1769 1028 Frustra
1801 967 1904 1028 esseut
1936 961 2172 1041 ealoodotiaucs,

148 1052 324 1119 actionibus
351 1050 449 1129 doces,
481 1055 510 1114 et
539 1049 663 1114 uullam
693 1069 759 1115 esse
789 1050 871 1115 dicis
893 1049 1024 1115 liberam
1045 1049 1138 1114 octio-
1186 1044 1312 1125 frustra
1328 1065 1449 1126 poeraae
1470 1047 1517 1110 oel
1532 1049 1688 1128 praetrita.
1740 1048 1854 1114 Nouae
1875 1048 2097 1131 cirpirritatcm
2116 1068 2172 1112 ser·

148 1157 227 1204 uem.
275 1136 355 1217 Quis
382 1140 448 1201 tam
480 1155 588 1200 ameus
620 1135 750 1211 homiui,
782 1134 866 1200 ailoil
897 1135 991 1201 libere
1024 1135 1136 1218 aperti,
1188 1150 1268 1195 vaus
1283 1132 1479 1211 peculiarem
1497 1133 1633 1216 ploriam
1651 1133 1796 1200 habebit?
1844 1133 2119 1216 Quemadmodum
2138 1155 2173 1199 ea

142 1220 372 1306 praescriberet
393 1220 528 1286 liberam
549 1221 664 1304 apeudi
684 1221 863 1286 rationem?
909 1220 1002 1285 Illud
1024 1224 1068 1285 est
1088 1220 1137 1283 iu·
1189 1216 1327 1298 stipulis
1358 1217 1479 1282 adibm
1509 1220 1607 1284 molis
1641 1221 1677 1285 ia
1708 1221 1872 1285 damnatis
1903 1221 1969 1284 erit
1996 1220 2173 1300 peculiaris

146 1328 244 1478 {tlt
259 1307 520 1476 tilloit
550 1326 676 1457 {hcm
705 1307 1081 1474 blithildae
1095 1326 1137 1455 ‘t
1182 1305 2174 1475 bilis§withibthihihbldbhbiiialdl'

146 1480 236 1545 uobis
258 1478 313 1543 hoe
335 1479 451 1560 ipscun,
479 1483 516 1542 ut
536 1478 632 1543 libere
654 1498 797 1561 cyamus.
842 1476 917 1559 Ipse
938 1478 1004 1560 apii
1026 1479 1062 1541 iu
1083 1496 1136 1544 aa
1189 1470 1283 1538 bitrio
1317 1477 1512 1555 qouaesteoues
1542 1477 1658 1541 moveri
1695 1478 1804 1543 solitas
1842 1497 1928 1542 nuuc
1962 1477 2173 1559 proferamus.

146 1564 205 1644 bis,
242 1569 277 1629 ut
310 1563 534 1647 iutellipamus,
567 1564 701 1628 velimus
729 1568 1015 1646 etprosequamur.
1061 1560 1137 1643 Ipse
1191 1556 1306 1624 Prima
1325 1563 1473 1640 quaestio.
1518 1563 1575 1627 Aa
1596 1563 1763 1646 iaiayiuem
1784 1561 1857 1642 Dei,
1880 1568 1909 1629 et
1930 1564 2091 1643 plutum
2106 1563 2173 1643 Dei,

146 1651 227 1717 tollit
248 1648 531 1729 obicem'Satauae,
554 1651 590 1714 iu
610 1648 756 1714 ouluibus
771 1669 829 1713 uos
845 1650 1000 1730 impedire
1014 1648 1136 1730 parati.
1184 1665 1247 1727 per
1262 1650 1424 1726 peccalum
1439 1649 1568 1728 peuitus
1583 1651 1728 1731 perdidit
1743 1649 1877 1714 Adam?
1929 1649 2127 1730 Quearcquom
2145 1669 2175 1713 se

149 1735 234 1818 Ipse,
256 1737 386 1800 veritate
401 1738 579 1817 proposita
600 1740 732 1801 moulon
752 1735 882 1817 saepius
900 1735 1070 1813 illuminat,
1103 1737 1138 1796 ut
1191 1733 1326 1812 turpiter
1336 1732 1546 1814 illetbedaeit,
1565 1755 1626 1799 aare
1643 1741 1689 1800 est
1701 1736 1830 1817 percitus
1845 1734 1976 1800 sublata
1987 1734 2059 1800 Dei
2075 1735 2173 1799 radic.

147 1821 369 1904 hehhipamus.
416 1820 501 1903 Ipse,
524 1820 597 1887 bocci
623 1822 724 1902 specie
745 1822 924 1902 proposita,
956 1841 1009 1886 cor
1030 1824 1137 1898 maaet,
1191 1816 1234 1880 Iu-
1247 1816 1354 1900 lipara
1374 1817 1428 1883 hoc
1449 1819 1535 1884 docet
1551 1820 1666 1900 Moses,
1684 1822 1727 1886 ad
1749 1821 1878 1886 eandem
1893 1821 2077 1904 imapiuem
2094 1821 2175 1885 Ada

147 1911 183 1972 ut
203 1907 344 1971 actiacus.
390 1906 467 1987 Ipse
488 1908 526 1972 iu
545 1907 690 1972 omuibus
709 1908 794 1971 eires
814 1906 903 1972 uobis
924 1906 986 1986 dal,
1008 1912 1043 1969 at
1058 1926 1137 1987 pro·
1189 1923 1276 1967 mecm
1302 1905 1449 1986 peuuisse
1478 1904 1564 1986 filios
1597 1908 1724 1981 (Geues.
1749 1912 1793 1985 5).
1844 1906 1939 1971 Deus
1962 1910 2035 1988 ipse
2058 1907 2175 1971 heroici-

147 2013 330 2075 sequamur.
378 1992 468 2057 Sicut
490 1994 596 2059 mucia
617 1994 654 2057 iu
676 2014 709 2058 eo
731 1993 937 2057 esserdioliter
958 1993 1137 2070 consistunt,
1190 1989 1280 2053 dium
1301 1990 1445 2071 prohibet
1471 2011 1505 2057 eo
1527 1994 1608 2072 quod
1629 1995 1672 2058 sit
1698 1993 1786 2058 looruo
1813 1993 1920 2076 imapo
1944 1992 2015 2059 Dei
2051 1992 2174 2076 (Gr-uos.

147 2079 195 2144 ita
225 2085 253 2143 et
285 2080 422 2143 actioues
461 2098 566 2143 omues
599 2078 637 2143 ab
668 2099 703 2143 eo
736 2079 941 2144 essentialiter
971 2079 1135 2159 prodeunt.
1193 2074 1237 2157 9).
1285 2074 1410 2141 Paulus
1431 2078 1504 2141 itera
1525 2079 1616 2158 (locat,
1649 2081 1684 2144 iu
1712 2079 1834 2143 lcoutiue
1862 2099 1930 2143 esse
1951 2081 2081 2162 uur1c2)
2102 2080 2174 2143 imo·

149 2164 264 2229 Nouae
293 2169 473 2228 creaturam
506 2164 650 2246 aliquam
682 2184 795 2228 accam
819 2170 922 2246 potest
942 2164 1034 2229 Deus
1061 2183 1137 2246 pro-
1190 2162 1295 2244 piuem
1317 2161 1381 2227 Dei
1415 2168 1460 2241 (1.
1487 2161 1554 2228 Cor.
1581 2167 1649 2249 11).
1699 2166 1800 2246 Quum
1820 2170 1985 2229 cateruam
2009 2167 2176 2249 imapiaem

146 2251 266 2329 ducere,
288 2251 342 2315 eui
359 2250 409 2314 det
430 2250 561 2314 liberum
584 2249 761 2329 arbitrium,
783 2251 849 2315 siae
870 2256 906 2315 ut
928 2251 1057 2333 ariyelus
1078 2249 1138 2313 illa
1189 2252 1223 2310 lu
1245 2267 1343 2330 coepes,
1377 2250 1536 2314 iateruam
1568 2252 1671 2317 adbuc
1700 2252 1834 2333 fatearis
1855 2255 1983 2333 oportet.
2038 2252 2127 2332 Quoad
2146 2251 2174 2313 ia

146 2337 197 2415 sit,
219 2337 285 2400 siae
308 2340 342 2399 ut
358 2337 490 2416 primus
511 2334 645 2400 Adam?
692 2336 804 2400 Nouae
832 2336 890 2400 illa
923 2340 995 2400 tuuc
1016 2336 1136 2412 diceret,
1189 2332 1312 2397 hoauhe
1334 2335 1378 2399 sit
1396 2336 1531 2418 spirilccs
1557 2338 1686 2402 iuuatac
1712 2337 1846 2409 deitatis,
1878 2337 1949 2401 iam
1979 2341 2029 2401 est
2051 2338 2176 2417 saepius

147 2421 255 2486 Deum
278 2441 369 2504 apere
391 2421 427 2484 iu
449 2420 548 2502 ipsiu?
598 2420 753 2500 Quomodo
785 2422 886 2505 ipitier
918 2426 952 2485 tu
978 2420 1137 2486 concludis
1190 2423 1358 2499 ostensum,
1385 2424 1414 2485 et
1440 2422 1525 2487 docel
1551 2426 1621 2504 ipse
1643 2424 1733 2489 Deio-s
1757 2423 1867 2488 Gerros.
1888 2427 1916 2486 2
1938 2428 1967 2486 et
1994 2430 2026 2486 6.
2087 2423 2176 2489 Docet

147 2527 272 2572 cacum
299 2507 469 2570 arbitrium
500 2525 540 2570 ea
568 2525 601 2570 eo
622 2507 704 2585 quod
724 2506 816 2571 Deus
837 2506 929 2589 opit?
974 2507 1137 2571 Adamam
1191 2503 1247 2569 Iob
1280 2504 1380 2587 cap&
1411 2510 1460 2572 33
1486 2514 1515 2572 et
1542 2514 1596 2574 34.
1664 2510 1758 2577 Docet
1791 2509 1904 2575 David
1940 2508 2070 2574 Psalm.
2105 2514 2174 2573 103.

147 2591 594 2657 concedishabuisseliberum
612 2590 783 2655 arbitrium
801 2599 967 2673 corioquam
979 2597 1137 2673 peccaret:
1190 2589 1287 2655 Docet
1320 2590 1468 2658 Saloruou
1500 2595 1617 2661 Eccles.
1644 2602 1703 2675 12,-
1729 2595 1866 2674 Esaim,
1899 2614 1969 2678 cap.
1998 2600 2064 2674 42,
2089 2599 2176 2659 blot

147 2683 302 2744 ettameu
325 2679 358 2741 iu
382 2697 416 2741 eo
438 2677 547 2759 apebat
567 2676 668 2742 Deus.
716 2676 805 2742 Siact
826 2679 936 2744 Adam
958 2679 1052 2742 libere
1068 2699 1138 2762 ape-
1183 2675 1346 2758 plerisque
1367 2677 1443 2744 aliis
1464 2680 1548 2746 locis.
1597 2681 1781 2763 Philosophi
1802 2681 1922 2763 ceri,⁸)
1945 2701 1985 2746 ac
2011 2685 2090 2759 [pag.
2109 2684 2176 2758 635]

148 2762 208 2845 bat,
241 2765 287 2828 ita
320 2768 350 2827 et
382 2782 465 2829 uuroc
496 2763 610 2828 obicem
632 2762 726 2827 illum
750 2762 890 2829 Satanae
910 2764 1040 2829 tollendo
1060 2764 1138 2846 facit
1190 2761 1283 2826 etiam
1305 2762 1441 2848 theolopi
1474 2767 1647 2848 affirmaret,
1681 2788 1746 2833 esse
1766 2768 1862 2831 meuti
1883 2767 2032 2832 horula-is
2054 2768 2176 2831 iusilam

146 2850 216 2931 ipse
239 2849 341 2929 Deus,
363 2848 522 2914 allecum
544 2849 683 2930 aliquem
705 2849 1136 2915 iuuabishabeatlibertas.
1190 2847 1388 2915 diuinitatem
1422 2871 1547 2933 esseque
1579 2855 1721 2918 ahimam
1752 2852 1821 2917 Deo
1850 2851 2019 2931 ὁμούσιον,
2057 2851 2176 2918 cotisub

147 2934 209 3000 Est
230 2936 334 2999 adlouc
355 2936 391 2999 iu
419 2936 509 3001 uobis
535 2935 672 3016 spiritus
692 2935 820 3000 deitatis
841 2936 977 3000 iuuatae.
1023 2935 1139 3000 Adbuc
1189 2935 1376 3000 stautialem.
1421 2937 1535 3003 Altera
1562 2940 1718 3020 quaestio:
1749 2939 1804 3003 Aa
1838 2940 1909 3004 siue
1941 2939 2029 3004 douo
2061 2940 2177 3022 pretim

145 3020 237 3087 hodie
266 3021 429 3103 spiratio
450 3020 540 3086 uobis
561 3019 654 3086 Deus
680 3021 823 3085 amimam
857 3022 983 3087 dedatis
1010 3022 1137 3104 priuci-
1189 3020 1267 3100 quia
1305 3019 1378 3086 boui
1413 3025 1516 3103 possit
1553 3024 1665 3090 liomo?
1726 3023 1855 3089 Dacicum
1881 3025 2033 3109 iutellipc
2058 3023 2175 3105 duplex.

142 3126 225 3191 pem.
240 3110 265 3190 ¹)
319 3105 406 3172 Uada
430 3106 558 3172 Paulus
578 3126 685 3171 omues
712 3105 853 3173 homiues
879 3109 926 3172 ait
947 3128 1012 3173 esse
1027 3127 1137 3190 prope-
1192 3104 1341 3170 Primum
1367 3114 1413 3172 est
1434 3110 1588 3190 iactatum,
1622 3111 1737 3176 daucum
1764 3111 1911 3176 omuibus
1937 3131 2113 3189 comracuu,
2142 3129 2176 3174 es

145 3194 229 3258 aiem
262 3192 417 3258 dioiuam.
475 3193 614 3257 Lumine
645 3193 791 3258 naturali
823 3192 915 3259 Deus
947 3195 1015 3275 ipse
1047 3193 1137 3258 hodie
1189 3191 1284 3256 iusito
1305 3194 1431 3259 deitatis
1451 3195 1561 3274 halitu,
1597 3198 1655 3278 qui
1687 3201 1716 3260 et
1739 3198 1842 3280 pratis
1869 3202 2023 3280 accpetur.
2072 3196 2177 3261 Semiu-

144 3278 310 3345 ullumiuat
332 3298 453 3344 oacaem
481 3278 638 3343 loauiuem
664 3279 833 3344 oeuieutem
865 3281 900 3344 iu
932 3280 1013 3344 louac
1046 3300 1136 3343 muu-
1188 3278 1265 3343 dum
1287 3280 1439 3344 eaimium
1459 3286 1504 3346 est
1524 3284 1766 3365 reperuratiouis
1791 3283 1866 3346 rioci
1894 3283 2042 3363 spiritus
2066 3280 2176 3348 Christi

145 3364 230 3430 dmm
277 3363 320 3428 Id
344 3366 447 3429 lumea
469 3369 513 3429 est
534 3364 687 3443 dioiuum,
720 3365 864 3430 omuibus
888 3365 1065 3431 lcorrduibus
1086 3366 1135 3428 iu·
1187 3363 1313 3428 clauum.
1338 3365 1415 3431 Siue
1419 3369 1530 3448 priore
1541 3374 1656 3432 certium
1666 3373 1717 3446 est,
1730 3368 1870 3432 homiues
1880 3368 1968 3432 mihil
1973 3389 2085 3449 posse.
2108 3367 2176 3432 Siue

144 3452 251 3515 situm
301 3450 365 3513 Per
382 3456 544 3531 peceatum
573 3450 654 3514 illud
681 3470 744 3515 riou
765 3457 810 3516 est
836 3452 924 3517 homo
949 3454 992 3516 ita
1013 3472 1135 3518 coaoec-
1181 3451 1354 3529 posteriore
1381 3473 1450 3516 cero
1477 3453 1587 3536 aliqua
1615 3455 1687 3517 bene
1702 3473 1804 3534 posse.
1850 3454 1922 3519 Hoc
1943 3457 2119 3536 aeqiciooao
2138 3453 2176 3517 lo-

146 3555 204 3601 sus
225 3537 261 3598 iu
284 3555 407 3614 saueius,
430 3541 466 3599 ut
487 3537 515 3599 ei
537 3536 636 3600 libera
654 3556 742 3600 meus
760 3557 922 3618 autequam
943 3539 1017 3602 dari
1032 3538 1136 3618 possit
1189 3535 1332 3602 berautes
1362 3537 1514 3623 Pelopiae
1546 3546 1574 3604 et
1600 3540 1811 3624 Aupustiuus,
1844 3560 1878 3604 se
1910 3542 2006 3621 ipsos
2042 3563 2104 3605 aaa
2135 3541 2176 3601 iu-

145 3640 168 3686 a
188 3619 267 3686 Deo.
313 3620 369 3685 Ad
394 3620 555 3686 Christum
586 3623 623 3685 iu
654 3620 713 3686 hac
743 3643 778 3686 re
807 3628 834 3686 te
855 3629 999 3689 couoerte.
1046 3624 1135 3687 Num
1190 3624 1378 3688 telloaeruat.
1437 3626 1481 3689 Et
1512 3627 1595 3691 iuter
1626 3647 1681 3691 cos
1712 3630 1819 3690 neuter
1849 3626 1995 3690 alterum
2031 3627 2175 3710 iutellipil.

145 3704 217 3772 ideo
249 3726 374 3770 seruum
407 3706 534 3772 habebat
558 3706 705 3772 Christus
731 3708 912 3788 arbitrium,
946 3711 1024 3791 quia
1044 3709 1135 3775 Deus
1189 3709 1327 3775 quatus
1346 3710 1488 3777 mutilibus
1510 3717 1554 3776 est
1575 3711 1640 3778 Dei
1661 3714 1802 3793 spiritus,
1837 3713 1895 3794 qui
1923 3712 2052 3777 clauum
2073 3718 2127 3792 est,
2155 3714 2176 3776 d

146 3792 256 3876 apebat
277 3792 312 3855 iu
338 3791 487 3858 Christo?
532 3793 625 3858 Deus
645 3792 755 3875 apebat
775 3795 812 3859 iu
835 3794 966 3873 Christo,
1002 3801 1029 3859 et
1050 3795 1134 3859 uibi-
1188 3817 1227 3859 ea
1245 3797 1353 3879 pratia
1375 3797 1410 3861 iu
1431 3797 1568 3881 siupulis
1589 3805 1727 3882 cupetur.
1773 3797 1837 3863 Hic
1865 3798 1937 3879 ipse
1967 3798 2049 3864 bene
2076 3801 2112 3863 iu
2132 3796 2176 3861 ho

147 3879 286 3944 mulius
318 3878 413 3943 libere
445 3880 556 3963 ayebat
585 3877 740 3943 Christus.
791 3879 844 3944 Ita
866 3885 892 3944 ct
913 3901 971 3946 uos
986 3900 1050 3960 pro
1072 3901 1135 3945 ma
1187 3882 1362 3960 mimbus⁴)
1375 3885 1448 3966 opit,
1467 3885 1560 3948 etiam
1570 3885 1605 3949 iu
1616 3885 1761 3949 ethnicis:
1778 3885 1833 3950 sed
1851 3884 1896 3948 ad
1911 3904 2055 3967 requam
2067 3882 2177 3951 Christi

146 3964 220 4030 eluto
243 3970 347 4030 uestro
370 3964 464 4030 libere
485 3967 612 4048 apiatas
633 3966 669 4029 iu
686 3984 727 4028 eo.
773 3964 850 4047 Ipse
871 3968 977 4031 amaia
996 3966 1085 4048 facit,
1108 3972 1135 4031 el
1187 3988 1249 4033 uou
1263 3971 1420 4050 perducit,
1448 3971 1518 4035 siue
1545 3991 1625 4035 uoco
1649 3970 1769 4035 Christi
1796 3972 2043 4051 supemeaieute
2067 3971 2175 4056 pratia.

145 4071 204 4117 uos
224 4071 338 4116 sumus
359 4052 541 4133 cooperarii.
601 4051 704 4117 Varia
725 4056 799 4116 suut
818 4073 935 4135 periero
956 4072 1133 4117 causarum.
1190 4052 1254 4119 Per
1275 4057 1418 4120 ioouatam
1434 4056 1580 4120 deitatem
1597 4057 1733 4122 dicimur
1751 4076 1808 4120 uos
1830 4056 1929 4121 libere
1945 4078 2057 4141 apere,
2079 4057 2176 4122 Deum

149 4136 188 4202 Si
210 4138 462 4219 praedestinatio
495 4158 615 4219 quoquc
647 4137 705 4201 tibi
739 4141 814 4216 [pag.
834 4143 910 4217 634]
941 4138 1020 4220 facit
1052 4140 1135 4203 ser-ai
1188 4140 1224 4204 iu
1256 4141 1344 4206 uobis
1376 4161 1475 4224 apere,
1508 4147 1536 4207 et
1567 4162 1624 4206 uos
1646 4141 1714 4206 Deo
1747 4144 1918 4222 cooperari.
1970 4143 2042 4212 Per
2075 4162 2176 4225 scopa·

146 4223 278 4290 arbitrii
299 4223 543 4306 ambipuitatm
569 4222 730 4288 Christum
751 4225 879 4289 iutuere.
914 4223 1135 4289 Praedestiua·
1188 4228 1358 4292 voute-mem
1391 4246 1463 4292 aare
1487 4228 1560 4309 cieri
1594 4229 1699 4293 aucuia
1727 4226 1900 4293 sublimius
1934 4250 1957 4293 a·
1982 4231 2086 4307 uobis,
2114 4235 2176 4294 elo

145 4310 192 4374 oil
213 4309 306 4375 Deus
328 4311 436 4374 aucuia
458 4314 527 4373 acta
552 4307 680 4373 Christi.
728 4309 817 4372 Num
839 4312 908 4375 ideo
934 4330 1059 4374 sucum
1080 4310 1136 4375 ha·
1188 4312 1257 4377 Deo
1286 4334 1348 4394 per
1375 4333 1440 4378 uos.
1488 4313 1634 4392 Quaestio
1668 4314 1752 4378 alia:
1796 4313 1853 4377 Aa
1874 4314 1973 4380 Deus
2001 4314 2175 4399 paucist,

147 4393 233 4460 bebai
258 4395 405 4461 Christus
438 4396 632 4459 arbitrium?
685 4391 908 4460 Huuoilitatcm
941 4415 1006 4461 essa
1037 4397 1133 4473 doces,
1189 4404 1354 4480 autequam
1377 4399 1568 4464 dostiuaoit?
1618 4399 1675 4463 Aa
1701 4398 1783 4463 luuuc
1804 4402 2081 4482 praedestinavit,
2107 4399 2175 4482 puio

146 4485 182 4544 ut
208 4503 241 4546 se
271 4483 344 4563 queis
367 4486 512 4545 tricoccum
532 4482 679 4629 saciatlz
712 4487 739 4545 et
771 4481 961 4546 cuaabitam
993 4502 1133 4547 caucam.
1160 4476 1239 4573 {pie
1260 4487 1416 4549 cultuum
1431 4485 1601 4566 praecidit,
1624 4491 1652 4548 ct
1672 4485 1764 4549 illum
1783 4486 1978 4567 repuobaoit,
2004 4492 2084 4571 quoia
2102 4484 2175 4550 uide

148 4564 211 4632 Sed
237 4565 400 4632 Christum
422 4568 552 4631 iutucre.
600 4566 639 4631 Si
681 4587 715 4632 oc
735 4569 778 4631 sil
795 4568 968 4648 loamilitas,
990 4567 1135 4632 Christus
1189 4570 1345 4636 uicturum
1360 4571 1558 4651 praescivit?
1606 4571 1674 4635 Nos
1700 4571 1759 4635 illa
1787 4573 1898 4637 amaia
1925 4577 2032 4641 simul
2060 4577 2095 4639 ia
2116 4571 2176 4638 Do>

148 4658 216 4716 erat
244 4655 323 4733 plus
357 4673 454 4733 queam
480 4658 609 4717 trecacus
630 4657 659 4717 et
679 4653 848 4731 accrcrbita,
883 4655 937 4735 qui
970 4674 1002 4718 se
1033 4674 1135 4735 supm
1189 4676 1254 4721 esse
1277 4658 1422 4735 eliciamus,
1456 4663 1484 4721 et
1512 4662 1657 4721 uaricum
1686 4677 1752 4722 esse
1773 4677 1908 4723 calisam
1931 4661 2080 4727 aller-ius.
2129 4656 2174 4719 Vi·

147 4738 276 4800 modum
299 4739 488 4802 lucrrciliooit.
538 4739 643 4820 Opera
664 4739 752 4804 uobis
774 4740 818 4804 ad
833 4740 969 4823 plocium
985 4741 1135 4819 prodesse
1187 4743 1264 4808 deus
1281 4743 1507 4824 praedastiaat,
1527 4749 1556 4808 et
1573 4743 1841 4825 praedestinando
1859 4748 1957 4812 videt.
2009 4749 2097 4814 Iuste
2116 4742 2174 4827 aab

148 4841 252 4904 uepas.
311 4822 373 4888 Secl
402 4823 561 4889 Christum
592 4826 720 4889 latuere.
782 4825 886 4907 Opera
909 4825 1032 4891 Christo
1058 4842 1162 4919 pro-1

1159 4990 1162 5035 t
1257 4980 1287 5045 1)
1306 4980 1413 5035 Annon.

1255 5048 1285 5114 2)
1304 5066 1375 5104 nunc
1393 5066 1444 5104 om.

218 5113 247 5176 1)
266 5111 434 5182 participem.
1256 5117 1285 5182 3)
1304 5134 1378 5172 vero.

217 5183 249 5249 2)
269 5182 440 5237 confiteatur.
1159 5244 1161 5251 .
1256 5185 1287 5250 4)
1307 5186 1438 5241 omnibus.
