4620 5894
142 281 213 352 LII
739 275 1013 349 ueteranus
1035 218 1329 346 ufluouoalol
1349 277 1571 347 Minoaue.

300 471 443 555 Reliqua
462 490 545 553 quae
567 469 673 536 faeere
694 476 835 552 possunt
856 467 898 534 ad
920 467 1149 533 illustrandam
1173 467 1415 534 Oonsensus
1437 467 1630 553 Tigurini
1652 467 1834 550 historiam,
1856 490 1934 535 mor
1956 491 1976 535 a
1999 468 2163 552 plerisque

144 584 321 652 Helvetiae
348 580 493 650 eeclesiis
520 581 658 664 recepti,
687 579 914 646 Bernensibus
941 599 1043 663 usque
1069 579 1105 643 in
1126 601 1188 645 sua
1209 580 1373 645 sententia
1399 578 1665 663 persistentibus,
1694 580 1784 646 ultra
1804 583 1955 666 persequi
1979 580 2078 646 huius
2100 580 2163 646 loci

144 718 213 762 non
235 702 294 762 est
340 693 432 762 Sunt
452 700 564 757 tamen
585 690 747 757 nonnulla
769 712 862 774 quae,
883 711 986 775 quum
1007 689 1049 756 ad
1066 691 1170 775 ipsius
1188 696 1298 757 textus
1315 692 1385 756 fata
1403 691 1599 774 pertineant,
1621 691 1751 757 silentio
1770 693 1907 759 minime
1924 692 2164 776 praetereunda

145 807 312 876 videntur.
358 806 463 871 Manu
492 804 634 889 scriptus
661 810 771 869 exstat
797 809 831 868 et
859 824 879 867 a
907 801 1001 868 nobis
1029 802 1168 868 milatus
1196 811 1247 869 est
1279 802 1390 869 'llurioi
1422 803 1579 869 Neocomi
1601 811 1636 870 et
1658 803 1829 884 Genevae,
1863 806 2011 871 fortassis
2033 810 2067 869 et
2088 803 2163 870 aliis

144 918 297 1004 pluribus
319 917 355 982 in
377 916 465 982 locis.
512 915 709 982 Gonevense
731 913 901 999 exemplar
923 911 1019 998 (uod.
1048 918 1116 993 145,
1140 914 1192 979 fol.
1217 919 1257 978 86
1279 915 1382 1000 seqq.)
1405 934 1507 979 manu
1529 913 1641 980 Oaroli
1660 915 1834 983 Ionvillaei
1852 923 1902 983 est
1919 917 2080 999 scriptum
2097 937 2163 1000 quo

147 1028 308 1097 Calvinus
330 1026 496 1113 quondam
519 1028 712 1093 amanuensi
733 1049 813 1092 usus
835 1033 900 1104 est,
930 1024 1093 1109 habetque
1115 1025 1342 1092 annotationes
1365 1027 1406 1093 ab
1428 1025 1543 1092 eodem
1565 1025 1710 1107 additas,
1733 1025 1908 1094 hincinde
1929 1027 2163 1111 tamenipsius

145 1140 280 1209 cunni
301 1160 438 1205 manum
460 1136 644 1221 prodentes.
691 1137 783 1220 Quas
806 1157 921 1203 omnes
941 1136 1095 1202 editionis
1117 1143 1250 1202 nostrae
1271 1158 1388 1221 margo
1410 1137 1585 1206 exhibebit
1631 1137 1808 1204 (laetorum
1832 1147 1946 1206 textus
1967 1148 2039 1206 tam
2060 1159 2163 1206 manu

147 1253 261 1336 scripti
288 1273 387 1336 quam
413 1252 502 1337 typis
531 1249 612 1314 editi
640 1250 783 1316 varietas
805 1249 873 1314 fere
895 1248 988 1313 nulla
1010 1255 1074 1328 est,
1103 1255 1145 1328 et,
1168 1249 1233 1314 nisi
1255 1248 1296 1314 de
1317 1257 1386 1314 tam
1408 1250 1577 1333 praeclaro
1599 1249 1796 1317 documento
1818 1259 1981 1337 ageretur,
2004 1253 2063 1319 vir
2086 1251 2164 1318 talis

146 1364 240 1431 euius
261 1365 424 1430 rationem
449 1362 592 1445 aliquam
613 1360 800 1426 habendam
822 1380 894 1426 esse
916 1359 1133 1425 duxissemus.

300 1475 364 1541 Est
388 1480 498 1539 tamen
527 1472 612 1557 quod
639 1492 846 1552 moneamus,
874 1479 1002 1537 textum
1032 1478 1147 1555 postea
1174 1472 1373 1555 impressum
1397 1494 1465 1538 non
1492 1474 1589 1557 plane
1616 1483 1650 1540 et
1673 1494 1733 1558 per
1760 1473 1871 1539 omnia
1897 1474 2040 1539 eundem
2061 1477 2164 1541 fuisse

145 1592 244 1670 atque
265 1586 360 1652 illum
382 1585 423 1650 de
444 1606 509 1668 quo
531 1604 644 1650 mense
665 1584 757 1650 Maio
779 1583 893 1648 Turioi
916 1583 1004 1648 inter
1030 1581 1209 1648 Oalvinum
1231 1590 1264 1648 et
1285 1583 1519 1668 Bullingerum
1546 1593 1753 1652 convenerat.
1798 1583 1981 1652 Incidimus
2009 1586 2098 1651 enim
2127 1587 2165 1651 in

146 1696 319 1781 epistolam
342 1697 382 1762 ab
404 1696 461 1762 illo
480 1694 523 1760 ad
546 1696 636 1762 hune
660 1693 770 1761 datam
792 1715 819 1759 a.
844 1693 874 1760 d
897 1693 958 1759 VI.
983 1692 1054 1760 cni.
1077 1692 1140 1759 Iul.
1168 1698 1259 1760 1549.
1305 1694 1398 1778 (Ood.
1423 1695 1550 1764 Gener.
1577 1700 1636 1762 107
1660 1717 1689 1776 a,
1713 1695 1767 1762 fol.
1794 1700 1832 1761 13
1854 1703 1981 1782 autogr.
2006 1704 2040 1761 et
2061 1696 2163 1763 Arcu

146 1809 223 1875 ecel.
247 1808 354 1874 Turio.
376 1808 461 1891 Epp.
490 1808 581 1872 Tem.
605 1806 633 1887 I,
662 1828 692 1890 p.
717 1809 805 1890 407),
840 1805 897 1872 ubi
925 1804 1013 1870 inter
1040 1805 1104 1871 alia
1131 1806 1213 1872 haee
1242 1805 1335 1872 dicit:
1376 1805 1590 1891 Scriptum
1619 1806 1722 1891 quod
1749 1828 1769 1872 a
1796 1808 1915 1874 vobis
1940 1808 2164 1874 retulimus

146 1917 272 2003 (ipsum
292 1920 402 1984 innuit
423 1918 647 2002 Oonsensum)
680 1917 887 1983 fratribus
913 1917 998 2002 legi
1020 1939 1174 1983 summa
1196 1919 1377 1984 omnium
1399 1918 1698 2004 gratulatione
1743 1919 2164 2004 Lausannaequoque

145 2030 357 2096 transiens
391 2029 533 2095 Vireto
568 2037 606 2095 et
641 2029 816 2113 collegis
851 2049 932 2094 non
967 2029 1080 2095 modo
1115 2030 1388 2098 recitaveram
1427 2029 1498 2095 sed
1531 2027 1847 2097 describendum
1879 2031 2161 2115 permiseram.

145 2139 322 2223 Quidam
350 2148 483 2206 tamen
509 2148 772 2219 monuerunt,
798 2142 832 2206 si
859 2140 1016 2224 qnando
1044 2141 1087 2206 in
1108 2141 1322 2225 publicum
1344 2142 1493 2223 exiret,
1520 2161 1647 2226 pauca
1669 2126 1899 2207 desiderari
1922 2162 2041 2225 posse
2063 2150 2162 2210 caett

143 2252 250 2318 Porro
271 2251 449 2317 nonnullos
471 2250 625 2318 articulos
646 2259 820 2331 retractat,
850 2252 1012 2336 quaedam
1033 2252 1133 2332 addit,
1156 2254 1192 2318 in
1214 2253 1287 2320 aliis
1309 2254 1491 2319 orationem
1513 2252 1652 2336 expolit,
1682 2253 1800 2337 quibus
1821 2253 1869 2319 ita
1889 2255 2014 2319 ouratis
2037 2254 2164 2338 aliquid

145 2363 242 2444 lueis,
273 2363 372 2430 simul
400 2372 433 2428 et
459 2364 585 2448 gratiae
612 2384 819 2430 accessurum
844 2365 1020 2430 existimat
1065 2365 1117 2430 'l'u
1143 2385 1203 2448 pro
1223 2371 1311 2431 certo
1332 2365 1453 2431 habeas
1476 2364 1569 2430 illum
1591 2364 1652 2431 has
1674 2364 1892 2433 correetiones
1914 2364 2048 2449 proprio
2070 2375 2164 2433 motu

144 2476 369 2560 proposuisse,
400 2475 535 2540 minime
557 2496 636 2541 vero
658 2476 698 2541 ab
721 2475 795 2540 aliis
816 2475 880 2558 ipsi
903 2475 1148 2542 commendatas
1170 2497 1245 2542 eum
1266 2477 1462 2562 Bullingero
1484 2477 1751 2543 eommunieasse.
1797 2475 1890 2558 Quas
1912 2476 1966 2542 hie
1988 2496 2104 2542 omnes
2125 2479 2163 2544 in

146 2607 243 2652 suum
266 2587 435 2672 exemplar
457 2587 650 2670 simplieiter
671 2586 793 2666 retulit,
816 2607 877 2652 nos
899 2586 934 2651 in
957 2585 1084 2653 edendo
1106 2594 1200 2654 textu
1222 2587 1398 2674 diiigenter
1416 2587 1638 2672 respiciemus.
1683 2587 1861 2654 Caeterum
1883 2587 1936 2653 his
1955 2586 2163 2654 additamen-

145 2699 189 2765 tis
212 2699 364 2766 effeetum
386 2708 436 2765 est
456 2709 496 2763 ut
516 2699 551 2763 in
574 2697 754 2781 exemplari
775 2708 890 2780 postea
916 2699 1077 2782 impresso
1102 2699 1214 2783 plnres
1242 2708 1498 2766 numerarentur
1518 2698 1649 2766 articuli
1670 2719 1769 2783 quam
1790 2701 1824 2764 in
1848 2720 1886 2764 eo
1909 2699 1995 2783 quod
2016 2701 2162 2783 primum

146 2818 242 2876 autor
268 2811 425 2878 Turicum
452 2809 623 2888 attulerat,
656 2830 764 2892 neque
793 2810 969 2875 concinant
995 2811 1127 2876 numeri
1153 2811 1210 2895 qui
1236 2812 1360 2895 passim
1386 2811 1423 2876 in
1450 2810 1596 2895 epistolis
1623 2816 1800 2878 occurrunt
1829 2811 1881 2877 vel
1910 2819 1987 2877 ante
2009 2812 2064 2877 val
2086 2821 2163 2897 post

148 2919 313 2989 calendas
335 2921 478 3006 Augusti
500 2921 588 2986 illius
610 2921 689 2986 anni
711 2920 850 3005 scriptis.
1559 2914 1567 2925 ’

302 3033 421 3099 Restat
441 3040 481 3098 ut
501 3032 542 3099 de
562 3033 657 3100 libris
678 3033 848 3116 impressis
867 3032 1015 3099 dieamus
1027 3031 1146 3117 quibus
1163 3033 1318 3099 instmoti
1336 3041 1467 3100 textum
1477 3031 1711 3099 Oonsensionis
1730 3034 1857 3116 primae
1875 3053 1954 3099 suae
1976 3042 2010 3098 et
2021 3035 2162 3101 authen-

81 3215 85 3223 ,
146 3144 231 3212 tieae
254 3145 379 3210 formae
401 3145 616 3225 restituimus,
630 3143 742 3210 addita
750 3144 960 3227 sequentium
981 3144 1163 3210 editionum
1185 3146 1312 3210 variata
1332 3144 1481 3211 lectione.
1514 3145 1697 3229 Postquam
1719 3143 1931 3227 aliquamdiu,
1950 3145 2162 3214 monentibus

144 3256 291 3322 maxime
312 3255 549 3336 Bernensibus,
572 3257 730 3340 utrinque
752 3261 885 3321 autores
906 3255 1052 3320 cunctati
1074 3263 1153 3322 sunt
1174 3255 1331 3322 articulos
1354 3277 1430 3321 suos
1452 3256 1541 3340 typis
1561 3255 1735 3335 mandare,
1763 3255 1862 3339 primi
1884 3257 2083 3324 Turieenses
2105 3279 2161 3325 eos

145 3367 238 3453 prelo
259 3367 447 3452 permisisse
476 3368 647 3449 videntur,
675 3367 762 3453 quod
790 3367 877 3432 infra
906 3365 1014 3433 allatis
1043 3368 1249 3451 argumentis
1276 3366 1501 3433 demonstrare
1522 3367 1723 3434 conabimur.
1768 3367 1894 3432 Eorum
1917 3366 2031 3448 editio,
2060 3389 2161 3452 quam

146 3499 207 3546 nos
228 3479 410 3563 principem
433 3478 580 3545 dicemus
602 3487 636 3546 et
658 3487 769 3547 textus
791 3499 812 3543 a
833 3477 927 3544 nobis
948 3477 1173 3544 constituendi
1195 3499 1348 3544 normam
1370 3499 1553 3563 sequemur,
1576 3479 1666 3544 hunc
1687 3499 1766 3562 prae
1788 3499 1823 3543 se
1845 3479 1910 3552 fert
1931 3479 2082 3544 titulum:

313 3601 552 3687 CONSEN
612 3603 617 3708 Ι
661 3614 738 3682 sro
782 3614 949 3682 mvnvs
988 3614 1040 3679 m
1077 3615 1140 3680 aa
1183 3615 1188 3698 ι
1225 3621 1588 3680 sseriunrrsan
1606 3619 1721 3676 nrm-
1764 3614 1768 3700 Ι
1809 3625 1953 3682 atrorum
1980 3617 2162 3700 siguense

147 3727 318 3807 eeclesiae,
347 3737 381 3791 et
403 3724 445 3790 D.
473 3727 527 3792 Io-
550 3727 555 3813 Ι
580 3729 677 3793 annis
699 3727 832 3794 Oaluini
858 3725 1004 3792 ministri
1024 3725 1201 3792 Geneuen·
1227 3731 1232 3808 Ι
1257 3728 1303 3793 ais
1331 3727 1501 3807 eecleuae,
1529 3727 1597 3791 iam
1624 3745 1713 3791 nune
1735 3726 1776 3791 ab
1804 3725 1809 3811 Ι
1834 3727 1916 3810 ipsis
1938 3726 2160 3818 authoribus!

147 3837 236 3906 edita
254 3840 260 3922 Ι
452 3838 457 3914 Ι
479 3837 661 3905 lOorinth.
677 3845 703 3904 1.
724 3838 730 3922 Ι
753 3838 882 3905 Obsecro
903 3842 1007 3902 autem
1028 3857 1087 3902 uos
1109 3837 1238 3920 fratrea,
1255 3857 1317 3920 per
1335 3839 1342 3922 Ι
1359 3857 1469 3903 nomen
1490 3837 1610 3903 danici
1630 3838 1733 3903 norm
1755 3837 1832 3904 Iesu
1855 3836 1982 3919 Christi,
2003 3837 2009 3926 Ι
2027 3844 2063 3904 ut
2077 3840 2161 3906 idem

145 3950 323 4034 loquamini
344 3969 456 4030 omnes,
479 3956 506 4016 at
527 3971 589 4016 nort
607 3953 612 4032 Ι
632 3953 698 4016 siat
719 3952 800 4016 inter
821 3969 879 4015 uos
899 3948 1047 4028 dissidia,
1070 3948 1125 4014 scd
1145 3949 1218 4014 siti-s
1238 3949 1303 4015 inte
1332 3949 1338 4030 Ι
1367 3968 1460 4032 pram
1483 3967 1606 4029 mapsa,
1629 3948 1735 4014 eaden
1755 3955 1862 4029 mente,
1885 3956 1911 4015 et
1936 3948 1940 4034 Ι
1966 3952 2072 4017 eadem
2093 3971 2162 4017 sen-

143 4064 249 4129 teatio
269 4062 275 4146 Ι
467 4064 471 4146 Ι
496 4069 566 4124 1’10
574 4069 646 4125 VRI
664 4068 724 4124 EX
743 4065 947 4125 OFFIOINA
967 4059 972 4144 Ι
991 4058 1158 4142 Rodoiphi
1180 4059 1445 4144 Vuissenbaohig'.

301 4173 425 4238 Forma
445 4173 614 4239 octonaria
634 4173 751 4238 minor.
797 4171 1039 4254 Quaterniones
1061 4170 1125 4237 duo
1148 4172 1191 4253 (a
1209 4171 1266 4255 b.).
1311 4171 1460 4254 Paginae
1481 4181 1678 4235 numeratae
1700 4175 1750 4236 26.
1786 4173 1864 4239 Tria
1886 4172 2004 4239 ultima
2029 4174 2108 4240 folia
2125 4176 2160 4241 in

148 4286 240 4353 albis.
284 4283 452 4368 Epistolae
475 4283 559 4350 duae
582 4285 715 4351 Oalvini
737 4284 825 4369 (pag.
846 4284 947 4367 Μ)
969 4290 1003 4349 et
1025 4283 1257 4349 Turicensium
1279 4281 1368 4367 (pag.
1390 4281 1532 4367 20—26)
1560 4281 1665 4346 literis
1687 4283 1828 4349 cursivis
1850 4304 2035 4367 expressae.
2081 4284 2160 4352 Sin-

148 4397 219 4482 guli
240 4397 463 4464 oonsensionis
486 4395 614 4462 articuli
637 4418 658 4460 a
679 4395 768 4460 linea
789 4395 963 4479 incipiunt,
986 4393 1044 4459 sed
1065 4392 1149 4458 nulli
1172 4393 1296 4459 adsunt
1317 4395 1456 4460 numeri.
1489 4395 1609 4460 Annus
1631 4391 1707 4458 libri
1727 4393 1846 4460 natalis
1864 4416 1972 4477 neque
1993 4396 2029 4461 in
2051 4398 2160 4466 fronte

146 4530 254 4592 nequo
275 4509 311 4574 in
338 4509 425 4574 calce
452 4515 594 4572 notatur.
638 4506 700 4573 Usi
730 4527 843 4572 sumus
873 4506 1055 4590 exemplari
1077 4527 1096 4570 e
1124 4505 1288 4571 ditissima
1315 4505 1511 4571 bibliotheca
1538 4502 1803 4588 Guelferbytanae
1831 4504 1930 4571 allato
1952 4527 2056 4590 quum
2077 4509 2159 4592 ipsis

148 4621 280 4705 aliquod
301 4619 419 4686 venam
441 4620 587 4685 nancisci
608 4615 758 4710 nondum
780 4617 962 4700 contigerit.

303 4732 418 4797 Altera
439 4731 538 4797 editio
560 4731 622 4794 fuit
644 4729 850 4796 Genevensis
871 4750 914 4793 ex
935 4747 1001 4811 qua
1022 4726 1141 4793 deinde
1163 4748 1276 4793 omues
1303 4727 1502 4809 posteriores
1528 4727 1699 4790 fluxerunt
1719 4727 1788 4792 fere
1810 4728 2001 4796 invariatae.
2047 4731 2159 4798 Huius

148 4844 321 4930 exemplar
343 4843 517 4909 habuimus
539 4864 581 4906 ex
602 4843 675 4924 ipsa
698 4839 945 4907 Genevensium
967 4837 1164 4904 bibliotheca
1185 4837 1280 4905 uobis
1302 4836 1543 4914 transmissum,
1571 4835 1652 4901 alias
1679 4838 1893 4904 rarissimum.
1939 4841 2071 4908 'situlus
2093 4853 2157 4910 est:

303 4939 642 5027 OONSENSIO
680 4948 686 5050 Ι
712 4952 881 5018 uvuva
907 4949 958 5015 m
983 4948 1047 5015 aa
1070 4947 1145 5015 si·
1170 4954 1175 5029 t
1200 4945 1543 5015 camarensem
1570 4947 1693 5013 umr-
1720 4949 1921 5032 {STRORVM
1951 4960 2157 5018 novantur

145 5077 205 5134 Et>
232 5070 236 5150 Ι
263 5068 398 5145 alasiae,
427 5076 461 5131 et
482 5065 525 5129 D.
549 5063 684 5128 Ioannis
706 5063 839 5129 Caluini
864 5062 1009 5127 ministri
1039 5060 1043 5144 Ι
1075 5059 1284 5127 Geneuensis
1305 5058 1489 5138 ltoolesiae,
1516 5059 1584 5124 ianr
1610 5079 1699 5125 nune
1719 5060 1760 5126 ab
1791 5061 1794 5145 Ι
1824 5060 1906 5143 ipsis
1928 5061 2128 5130 authoribus
2150 5063 2177 5149 Ι·

145 5179 245 5245 edita.
266 5180 272 5263 Ι
484 5177 489 5260 Ι
512 5189 525 5238 1
549 5184 609 5240 (lor.
631 5189 655 5238 l.
680 5177 686 5253 Ι
712 5183 831 5240 Obsecro
856 5198 904 5238 vos
921 5181 1021 5236 iratres
1042 5195 1092 5250 per
1113 5195 1210 5236 nomen
1235 5180 1241 5254 Ι
1266 5179 1375 5236 Domini
1392 5181 1480 5236 nosui
1497 5180 1560 5235 Iesu
1582 5178 1689 5250 christi,
1712 5187 1741 5233 vt
1760 5172 1855 5257 iden}
1878 5181 2033 5254 loquamini,
2052 5193 2081 5240 et
2102 5201 2158 5242 non
