4620 5894
577 1364 827 1466 STATUS
855 1365 1116 1466 CAUSAE
1144 1366 1296 1466 SIVE
1322 1365 1821 1465 ARGmOENTUM.

276 1594 352 1668 [pag.
373 1593 407 1668 4]
430 1586 544 1668 Quum
574 1585 698 1652 Caesar
725 1587 894 1671 superiore
923 1609 1024 1667 anno,
1060 1595 1178 1670 parata
1203 1590 1206 1637 l
1232 1593 1307 1666 [pag.
1323 1591 1355 1667 ὅ]
1387 1588 1493 1672 magis
1520 1588 1720 1671 appositum,
1757 1610 1818 1654 nec
1844 1588 1985 1671 privatis
2013 1589 2114 1655 etiam
2140 1589 2211 1657 suis

188 1674 257 1741 iam
284 1675 321 1740 in
346 1673 492 1741 Galliam
523 1672 748 1756 expeditione,
777 1695 843 1738 non
873 1673 968 1739 aliter
996 1693 1092 1756 posse
1119 1672 1177 1738 diu
1230 1672 1411 1740 rationibus
1430 1673 1632 1740 commodius
1650 1675 1755 1740 facere
1772 1675 1887 1758 potuit,
1910 1695 2009 1756 quam
2030 1682 2067 1740 ut
2087 1675 2213 1742 iustam

193 1760 413 1828 Germaniam
442 1759 479 1823 in
508 1766 625 1841 pacato
652 1764 743 1824 statu
771 1759 933 1826 contineri
965 1758 1176 1843 intelligeret,
1231 1779 1347 1826 causae
1377 1760 1539 1826 actionem
1573 1760 1609 1824 in
1640 1760 1730 1825 alind
1765 1769 1897 1843 tempus
1929 1759 2126 1842 differendo,
2159 1761 2212 1828 ius

190 1867 292 1930 quam
326 1847 355 1912 si
386 1844 588 1929 praescripta
623 1850 701 1910 anto
729 1867 827 1912 suum
862 1845 1042 1912 discessum
1076 1846 1177 1911 fuerit
1230 1865 1371 1929 aequum
1400 1847 1489 1910 inter
1510 1852 1636 1931 partes,
1665 1854 1700 1912 et
1721 1845 1927 1931 aequabilem
1948 1845 2081 1914 vivendi
2100 1847 2133 1912 lo
2156 1868 2211 1913 em

190 1933 275 1998 ratio
302 1952 368 2016 qua
395 1930 526 2015 imperii
555 1930 687 1996 ordines
716 1931 805 1997 inter
836 1931 1006 2017 religionis
1041 1930 1176 1996 dissidia
1231 1938 1399 1998 statueret.
1435 1932 1509 1997 Hoc
1526 1938 1638 2017 tamen
1659 1932 1770 1999 audito
1789 1932 1928 2012 decreto,
1947 1953 2105 2000 romanus
2153 1953 2214 1998 on·

189 2038 305 2169 (pacem
340 2025 452 2083 tamon
486 2016 646 2096 colerent,
682 2017 849 2084 decretum
882 2018 1094 2102 interposuit,
1128 2024 1175 2097 ut,
1230 2018 1311 2082 tifex
1323 2039 1358 2083 se
1370 2017 1453 2083 duas
1476 2019 1516 2083 ob
1538 2039 1655 2084 causas
1672 2039 1739 2085 non
1756 2018 1875 2086 leviter
1891 2019 1992 2085 fuisse
2009 2025 2212 2086 commotum

214 2125 294 2172 onec
313 2104 445 2189 cognita
466 2109 553 2170 esset
570 2124 678 2183 causa,
696 2103 841 2186 aequalis
863 2105 1011 2187 utrisque
1032 2102 1176 2170 conditio
1230 2102 1284 2169 hic
1312 2102 1463 2168 ostendit.
1508 2103 1595 2172 Nam
1619 2105 1735 2170 etheo
1762 2105 2099 2189 quantulumcunque,
2122 2104 2212 2191 quod

191 2198 293 2270 esset,
323 2197 395 2256 tum
417 2189 479 2256 sibi
504 2209 601 2256 curae
623 2189 692 2254 sore
713 2190 881 2272 promisit,
906 2197 945 2255 ut
964 2190 1074 2273 prima
1095 2210 1176 2273 qua·
1230 2209 1421 2256 concessum
1447 2187 1509 2255 hoc
1536 2188 1633 2254 modo
1654 2190 1920 2257 Protestantibus
1946 2199 2033 2271 erat,
2063 2198 2101 2256 ut
2128 2211 2213 2274 pan·

189 2297 255 2360 que
278 2277 448 2344 occasione
477 2275 650 2342 concilium
678 2275 866 2343 universale
891 2276 945 2343 vel
971 2275 1089 2342 saltem
1116 2296 1176 2340 na·
1228 2275 1331 2358 lisper
1352 2274 1476 2358 iniquis
1502 2275 1713 2357 praeiudiciis
1734 2277 1998 2358 sublevarentur,
2015 2277 2139 2343 nimiae
2160 2278 2212 2342 in·

189 2363 314 2429 tionale
336 2367 524 2447 cogeretur:
549 2368 606 2427 aut
628 2363 656 2426 si
678 2361 713 2427 id
734 2382 802 2428 non
825 2361 1030 2442 succederet,
1060 2381 1097 2428 se
1119 2361 1176 2426 da·
1230 2360 1419 2446 dulgentiae
1446 2361 1666 2444 corruptelam
1688 2384 1760 2430 esse
1787 2364 1949 2429 clamitat:
1978 2370 2013 2428 et
2034 2362 2214 2430 Gaesarem

189 2457 302 2515 turum
325 2469 468 2532 operam,
491 2455 528 2512 ut
546 2448 698 2532 proximo
720 2448 882 2532 imperiali
905 2455 1079 2527 conventu,
1102 2454 1178 2532 post
1230 2447 1293 2512 sibi
1321 2448 1373 2513 ius
1407 2446 1542 2531 aliquod
1575 2469 1705 2514 sumere
1739 2451 1774 2514 in
1801 2450 1971 2548 religionis
1998 2469 2113 2530 causa,
2149 2449 2212 2516 boo

191 2535 375 2636 legitimam
387 2534 660 2618 disceptationem
677 2534 800 2619 aliquid
810 2531 944 2600 tandem
957 2541 1175 2600 statueretur.
1228 2555 1308 2600 vero
1330 2532 1505 2618 indignum
1527 2533 1577 2598 illi
1599 2535 1726 2602 facinus
1749 2553 1820 2602 esse
1842 2533 1983 2602 videtur.
2016 2535 2077 2601 Bis
2099 2541 2213 2601 autem

189 2619 305 2706 D1gna
326 2620 461 2705 quidem
484 2621 699 2703 eratpietatis
720 2642 828 2701 causa,
851 2641 951 2704 quam
973 2621 1048 2687 aliis
1070 2621 1176 2686 omni·
1226 2639 1378 2704 peccasse
1396 2619 1583 2701 Gaesarem,
1602 2621 1753 2688 illicitum
1771 2622 1835 2688 sibi
1851 2623 1904 2688 ius
1923 2620 2116 2706 arrogando,
2135 2641 2213 2688 ocn-

189 2706 252 2773 bus
282 2706 494 2791 posthabitis,
526 2706 734 2774 tractandam
767 2707 954 2791 Imperator
988 2708 1176 2792 susciperet
1229 2707 1385 2791 queritur.
1431 2706 1594 2783 Primum,
1617 2709 1890 2791 quiaconcilium
1913 2730 2013 2775 ausus
2034 2706 2150 2789 fuerit,
2174 2727 2213 2773 eo

189 2791 259 2861 Sed
282 2793 360 2879 quia
383 2792 508 2860 difficili
530 2800 565 2860 et
584 2793 767 2879 periculoso
792 2792 878 2859 bello
900 2794 1095 2878 implicitus,
1118 2815 1177 2859 ne-
1229 2793 1430 2872 inconsulto,
1465 2792 1629 2876 polliceri:
1658 2792 1793 2876 deinde,
1827 2793 1913 2879 quod
1941 2793 2166 2879 cognitionem
2193 2814 2215 2859 a

190 2901 254 2966 que
275 2878 341 2947 huo
363 2881 513 2946 animum
534 2880 699 2964 applicare
721 2880 888 2965 extemplo
909 2886 1055 2963 poterat,
1079 2887 1112 2946 et
1133 2899 1176 2944 ne
1230 2900 1289 2946 sua
1310 2899 1452 2962 persona
1474 2878 1618 2945 alienam
1630 2881 1777 2964 accipere
1788 2903 1856 2947 non
1876 2880 2086 2946 dubitaverit.
2123 2879 2213 2947 Gra·

132 2968 144 2995 ·’
189 2965 270 3052 quid
292 2967 418 3033 interca
442 2967 617 3033 turbarum
639 2987 675 3034 se
698 2964 833 3033 absente
855 2966 1014 3047 oriretur,
1036 2987 1104 3032 non
1125 2971 1176 3031 te·
1229 2966 1315 3035 viter
1343 2965 1355 3030 i
1381 2965 1446 3030 'tur
1476 2985 1551 3030 cum
1579 2985 1617 3031 eo
1646 2967 1834 3051 expostulat
1856 2966 2083 3035 sanctissimus
2107 2973 2213 3053 pater,

188 3073 281 3120 mere
303 3054 472 3121 metuebat
494 3051 641 3139 prudens
663 3073 702 3119 ac
723 3051 877 3120 cordatus
900 3053 1069 3136 princeps,
1092 3052 1178 3118 nihil
1230 3073 1331 3135 quum
1417 3050 1592 3118 immodica
1614 3073 1694 3138 erga
1714 3054 1929 3121 Lutheranos
1950 3051 2119 3134 facilitate,
2142 3060 2213 3119 tum

189 3141 325 3207 omnino
357 3161 419 3210 nee
451 3141 618 3207 communi
651 3140 807 3207 ecclesiae
839 3139 1041 3206 christianae
1077 3137 1178 3204 saluti
1230 3137 1270 3203 de
1292 3137 1469 3203 autoritate
1492 3158 1648 3204 romanae
1670 3139 1757 3206 sedis
1779 3141 1868 3208 laesa
1888 3148 1921 3206 et
1941 3138 2127 3206 imminuta

189 3228 318 3310 aptius,
369 3248 430 3294 nec
486 3227 637 3312 publicae
694 3225 896 3293 Germaniae
944 3224 1177 3309 tranquillitati
1763 3242 1766 3248 ’
