4620 5894
144 223 206 287 635
887 216 1157 286 Rarurarlo
1179 214 1414 284 ERRORUM
2110 215 2163 279 ott

142 409 274 495 generis
296 404 436 473 subinde
465 406 500 471 in
523 405 693 489 prophetis
722 405 911 471 testimonia
940 411 1123 483 occurrant,
1178 405 1291 471 donati
1313 412 1407 483 sunt,
1436 424 1478 468 ex
1499 403 1573 488 lege
1593 405 1764 471 obtineant
1784 404 1966 471 iustitiam.
2014 402 2164 487 Sequitur

143 493 232 561 unde
253 494 451 577 perspicitur
483 492 567 557 nihil
597 490 659 556 sibi
694 489 786 556 aliud
813 491 977 575 reliquum
1009 490 1124 556 fecisse
1177 491 1386 574 paulopost:
1410 490 1601 574 Eccelegis
1624 490 1861 570 difficultatem,
1888 492 1959 556 imo
1984 489 2162 573 impossibi-

143 590 285 659 sanctos,
330 578 396 643 nisi
433 588 471 643 ut
511 578 546 642 in
586 598 621 642 se
657 577 738 660 ipsis
778 576 942 658 desperati
982 576 1024 641 ad
1060 576 1125 641 Dci
1177 577 1319 651 litatem,
1341 578 1369 640 si
1390 576 1500 659 iugem
1522 575 1786 642 observationem
1810 577 1915 643 velis:
1950 575 2162 642 nihilominm

142 664 401 732 misericordiam
433 665 654 748 confugerent,
692 662 820 727 abunde
853 664 890 727 in
924 684 997 726 mea
1026 661 1122 726 Iusti·
1178 661 1317 727 dabatur
1338 661 1503 745 plerisque
1525 682 1564 726 ea
1581 684 1675 728 mens
1690 663 1731 727 ad
1746 672 1837 730 certa
1847 662 1974 729 saltem
1989 674 2162 737 momenta,

143 752 272 817 tutione
305 751 409 816 docui.
464 749 534 814 Nee
567 749 666 833 longa
697 750 888 813 recitatione
921 770 1008 813 nuno
1041 767 1124 829 opus
1177 762 1215 812 ut
1237 748 1345 831 legem
1366 769 1442 812 oum
1465 748 1585 813 affectu
1608 758 1771 828 tenentes,
1799 749 1931 814 nullam
1954 760 2040 815 tunc
2062 758 2163 813 mans

144 846 203 915 est,
243 835 373 921 quando
412 856 479 900 uno
502 834 599 900 Pauli
639 834 725 900 dieto
765 844 834 897 tota
869 834 910 899 lis
948 832 1122 898 dirimitur.
1177 835 1381 919 gressionom
1403 834 1556 912 tacerent,
1580 833 1760 900 secundum
1781 834 1882 900 illud:
1906 835 2052 901 Faciam
2074 844 2113 899 ut
2129 834 2163 899 in

145 922 259 1005 Quum
287 923 446 989 iustitiam
476 921 646 985 hominum
674 921 711 984 in
740 919 887 1005 gratuita
914 928 1124 1002 pcccatorum
1176 919 1360 1003 praeceptis
1388 920 1471 983 meis
1500 920 1684 985 ambuletis.
1730 919 1934 987 Observatio
1971 941 2054 1003 ergo
2086 920 2163 1005 legis

143 1009 338 1075 remissione
365 1009 545 1072 consistere
568 1005 669 1083 docet,
702 1026 769 1071 non
798 1007 950 1084 aPctro,
984 1026 1045 1071 nec
1067 1004 1123 1067 Io·
1177 1013 1263 1083 erat,
1295 1004 1426 1087 quando
1459 1007 1533 1086 quis
1564 1007 1761 1088 operabatur
1794 1006 1885 1089 quod
1918 1016 2072 1090 poterat,
2107 1016 2161 1072 ete

144 1094 273 1173 hanno,
300 1115 361 1159 nec
388 1093 457 1158 suis
486 1092 619 1175 collegis
647 1092 872 1174 probationem
895 1092 994 1174 petit,
1023 1089 1124 1155 seda
1175 1092 1270 1156 Bene
1292 1089 1401 1169 habet,
1425 1090 1511 1173 quod
1523 1090 1632 1157 Deum
1654 1093 1728 1175 plus
1750 1093 1888 1158 iussisse
1905 1093 2048 1171 hatetur,
2071 1112 2164 1175 quam

144 1180 288 1247 Davido:
325 1179 403 1263 quia
430 1179 542 1244 beatos
570 1178 789 1261 pronuncians
818 1177 937 1259 quibus
965 1177 1123 1241 remissae
1175 1177 1326 1242 homines
1348 1176 1416 1241 sint
1436 1177 1646 1258 praestando:
1669 1199 1771 1261 quum
1792 1180 1894 1244 toties
1905 1177 2066 1245 Simonis
2082 1180 2165 1261 magi

143 1275 223 1332 stant
253 1266 443 1348 iniquitates
477 1263 614 1345 (Psalm.
640 1266 694 1341 32,
729 1269 777 1345 l),
807 1264 967 1328 iustitiam
1001 1262 1123 1345 absque
1175 1261 1352 1344 discipulos
1381 1283 1453 1327 esse
1475 1262 1635 1341 clamitet,
1664 1264 1721 1346 qui
1747 1265 1782 1328 in
1807 1265 1882 1349 lege
1905 1263 2043 1348 aliquid
2065 1264 2165 1329 maius

144 1352 300 1434 operibus
323 1349 467 1416 definiat.
513 1349 683 1415 Abraham
722 1369 821 1432 porro
859 1349 1008 1414 fidelium
1029 1359 1123 1430 pater
1174 1348 1318 1431 praecipi
1357 1345 1487 1427 dicunt,
1534 1370 1632 1431 quam
1670 1351 1756 1415 forat
1795 1352 1981 1416 hominum
2021 1349 2164 1415 facultas

144 1437 305 1522 quomodo
329 1437 526 1501 iustificatos
548 1434 620 1499 est?
656 1435 712 1499 Ex
729 1434 890 1517 operibus,
913 1434 1020 1517 inquit
1043 1430 1122 1499 Ser·
1173 1433 1314 1498 Interim
1338 1433 1475 1515 partiale
1497 1433 1688 1517 obsequium
1710 1456 1769 1519 pro
1790 1436 1923 1502 iustitia
1945 1436 2082 1502 censeri
2094 1456 2166 1501 eon·

143 1536 249 1591 vetus.
304 1523 467 1588 Perverse
498 1520 588 1585 onim
627 1519 849 1603 sophistarum
888 1540 980 1584 more
1013 1517 1123 1584 Iacobi
1175 1519 1297 1598 tendit,
1324 1527 1364 1583 ut
1385 1528 1515 1584 tantum
1538 1519 1674 1586 dimidia
1695 1542 1737 1585 ox
1758 1529 1853 1605 parte
1876 1520 1966 1588 fides
1990 1543 2056 1588 nos
2078 1522 2166 1587 insti·

144 1608 253 1677 locum
288 1609 338 1693 (1,
363 1609 420 1756 md
453 1607 596 1689 exponit.
652 1606 699 1672 Ut
729 1615 842 1670 tamon
869 1605 974 1671 Paulo
1008 1612 1123 1670 contra
1175 1607 1265 1670 ficet:
1306 1602 1395 1685 Quia
1415 1613 1605 1688 propterea,
1633 1608 1754 1689 inquit,
1782 1629 1849 1673 non
1872 1605 2014 1673 deletur
2033 1628 2167 1691 operum

146 1694 275 1761 docenti
296 1694 396 1776 aliqui
434 1698 508 1772 [pag.
522 1697 597 1772 249]
621 1689 787 1766 concedat,
811 1690 898 1769 dicit,
920 1692 1122 1774 priuesuum
1176 1691 1314 1768 bonitas,
1337 1712 1477 1772 quorum
1500 1691 1649 1757 habenda
1670 1702 1720 1759 est
1741 1714 1852 1760 coram
1875 1694 1955 1759 Deo
1979 1695 2081 1771 ratio,
2108 1714 2167 1759 non

146 1781 280 1846 eredere
313 1778 470 1844 Abrahae
502 1788 691 1860 reputatum
730 1777 831 1843 fuisse
869 1776 911 1841 ad
945 1775 1122 1843 iustitiam:
1175 1784 1308 1841 tantum
1329 1777 1363 1840 in
1385 1775 1518 1842 Iudaeis
1539 1790 1573 1843 et
1593 1778 1762 1862 gentibus,
1792 1779 1851 1844 sed
1873 1780 1985 1844 etiam
2007 1781 2046 1844 in
2069 1780 2166 1844 nobis

147 1867 233 1931 sicut
255 1866 281 1929 si
304 1866 455 1950 princeps
483 1863 570 1946 apud
598 1884 633 1928 se
656 1863 802 1927 animum
826 1862 878 1927 sui
901 1863 1015 1926 militis
1036 1862 1123 1946 cogi·
1176 1865 1299 1928 Annon
1323 1864 1502 1946 gratuitam
1521 1865 1680 1930 iustitiam
1702 1866 1893 1944 labefactat,
1926 1867 1988 1949 qui
2010 1865 2082 1930 fide
2102 1878 2167 1930 tan·

145 1962 238 2030 tans,
270 1974 312 2016 ex
346 1953 453 2033 gratia
484 1962 517 2012 et
541 1950 713 2032 privilegio
746 1956 879 2031 reputet
910 1949 940 2012 ei
972 1955 1125 2013 conatum
1177 1958 1249 2013 tum
1271 1949 1417 2031 suppleri
1439 1949 1534 2027 dicit,
1563 1950 1651 2033 quod
1672 1953 1705 2014 in
1730 1952 1884 2034 operibus
1907 1952 2078 2017 mutilum
2101 1950 2166 2016 est?

144 2038 268 2103 bonum
302 2057 361 2120 pro
394 2057 431 2100 re
462 2036 619 2100 confecta.
664 2034 855 2099 Secundum
889 2043 1043 2098 naturam
1076 2034 1124 2096 rei
1177 2035 1351 2100 Concludit
1383 2034 1515 2099 demum
1546 2037 1793 2101 iustificationes
1825 2038 1933 2103 fuisse
1968 2038 2106 2120 plures,
2135 2048 2167 2102 ut

144 2124 208 2190 hoe
231 2146 296 2188 non
319 2121 501 2187 debebatur
523 2121 598 2186 fidei
622 2121 785 2199 Abrahae,
819 2142 879 2185 noc
901 2128 1043 2197 nostrae,
1067 2118 1125 2183 sed
1177 2143 1236 2203 pro
1269 2141 1460 2203 quoeunque
1500 2121 1587 2187 dieto
1623 2121 1675 2187 vel
1708 2124 1804 2200 tacto,
1844 2124 1899 2188 vel
1937 2145 2021 2189 cum
2053 2125 2167 2188 affectu

145 2233 189 2275 ex
211 2209 317 2293 gratie
337 2207 372 2272 id
391 2207 436 2272 ibi
459 2209 657 2272 factumest.
684 2206 810 2290 Figura
829 2206 892 2270 fuit
914 2207 962 2270 rei
983 2206 1124 2282 futurae,
1177 2207 1327 2290 cogitato,
1349 2207 1443 2271 iuxta
1459 2207 1525 2271 Dei
1546 2208 1750 2273 voluntatem
1771 2210 2018 2276 iustificaretur
2041 2210 2147 2275 home

145 2304 186 2361 ut
207 2295 332 2359 Christi
366 2296 401 2357 in
434 2315 495 2358 nos
529 2294 670 2376 gratiam
701 2312 857 2376 magnam
889 2292 1123 2375 intelligamus.
1262 2291 1316 2356 De
1334 2293 1427 2358 nobis
1446 2303 1558 2358 autem
1580 2293 1663 2358 libro
1687 2299 1868 2360 3tractare
1885 2296 2074 2378 incipiens,
2097 2317 2165 2380 pro·

146 2383 251 2463 Atqui
274 2380 302 2443 si
338 2380 399 2444 hoc
421 2379 594 2461 recipitur,
628 2378 693 2442 fide
715 2376 857 2443 oblatam
880 2377 941 2442 sibi
963 2378 1124 2443 iustitiam
1176 2378 1313 2444 missam
1350 2377 1502 2462 operibus
1541 2381 1725 2445 mercedem
1760 2381 1859 2465 longo
1900 2403 2066 2448 sermone
2097 2403 2165 2466 pro·

147 2466 285 2530 minime
303 2464 475 2547 amplexus
497 2464 559 2527 fuit
582 2472 715 2529 sanctus
737 2464 797 2541 vir,
820 2462 878 2527 sed
900 2463 973 2528 ideo
994 2469 1125 2545 praeter
1177 2465 1335 2547 sequitur.
1380 2462 1511 2530 Deinde
1536 2476 1685 2532 recenset
1714 2467 1862 2532 caritatis
1884 2468 2010 2551 elogia.
2061 2468 2164 2535 Tertio

148 2552 306 2616 meritum
344 2548 478 2614 habitus
513 2549 635 2628 iustus,
679 2549 755 2631 quia
794 2549 836 2614 ad
874 2547 1126 2637 promerendam
1177 2550 1255 2615 fidei
1277 2550 1429 2616 effectum
1451 2549 1651 2636 aggreditur.
1685 2553 1759 2618 Hoc
1780 2575 1860 2620 vero
1883 2552 2035 2620 docendi
2058 2555 2165 2620 ordine

31 2680 35 2687 -
148 2637 294 2702 iustitiae
316 2635 448 2701 laudem
470 2635 569 2717 probe
591 2636 657 2699 iam
678 2635 815 2701 affectus
835 2636 926 2700 soret.
948 2635 1126 2700 Caeterum
1178 2636 1256 2719 quid
1279 2635 1367 2701 aliud
1391 2637 1516 2720 agitur,
1561 2660 1638 2703 uam
1660 2647 1700 2703 ut
1721 2640 1812 2722 prius
1835 2639 2020 2705 hominum
2045 2654 2164 2706 mentes

149 2744 214 2806 quo
235 2742 334 2787 sensu
356 2720 477 2804 pagina
500 2725 572 2799 304,
605 2732 739 2804 propter
771 2742 874 2784 unum
907 2719 985 2786 fidei
1016 2731 1126 2786 actum
1179 2721 1339 2787 diabolica
1361 2743 1497 2805 operum
1514 2659 1635 2789 fillueia
1652 2736 1795 2807 occupet,
1820 2746 1926 2807 quam
1944 2726 2080 2810 aliquid
2097 2748 2164 2792 con·

149 2807 321 2874 Abraham
354 2809 478 2871 iustum
505 2807 607 2873 fuisse
634 2805 730 2885 dicat,
762 2807 858 2871 anxie
886 2827 953 2871 non
985 2807 1125 2890 inquiro,
1179 2809 1302 2892 cipiant
1328 2807 1369 2873 de
1391 2808 1516 2874 Christi
1539 2811 1665 2893 gratia?
1710 2811 1889 2876 Caeterum
1922 2820 1964 2876 nt
1994 2812 2077 2879 fidei
2099 2818 2163 2892 [psa

149 2895 215 2960 nisi
236 2891 322 2977 quod
355 2891 433 2956 inde
453 2891 607 2977 colligere
639 2901 830 2976 promptum
852 2904 910 2971 est,
944 2914 1009 2957 non
1032 2913 1127 2957 secus
1181 2898 1256 2973 251]
1279 2895 1348 2960 vim
1370 2915 1472 2979 supra
1492 2897 1597 2961 coelos
1616 2896 1761 2975 extollat,
1783 2919 1826 2962 ex
1844 2898 1920 2962 eius
1940 2906 2064 2965 tamen
2080 2899 2163 2965 dictis

150 2979 191 3045 de
212 2980 289 3045 fidei
310 2979 436 3044 iustitia
456 2980 632 3062 imaginari
655 2979 843 3057 Servatum,
866 2980 1012 3062 quamsi
1034 2977 1127 3042 Deus
1180 2980 1315 3046 nonnisi
1347 3000 1438 3045 mera
1471 2983 1617 3047 contusio
1640 2983 1776 3048 elicitur.
1821 2983 1914 3048 Nam
1948 3006 2060 3067 quum
2082 2985 2162 3061 fides,

148 3067 332 3151 praemium
353 3063 436 3128 illud
458 3065 610 3146 operibus
631 3067 752 3130 nostris
773 3064 977 3147 rependeret.
993 3068 1015 3142 Ι)
1037 3061 1128 3144 Quid
1181 3066 1364 3131 seeundum
1387 3067 1506 3150 ipsum,
1540 3069 1810 3151 promissionibus
1843 3070 1985 3135 intenta
2022 3092 2092 3137 non
2119 3071 2161 3145 sit,

149 3153 240 3219 enim
261 3151 351 3216 aliud
370 3158 420 3215 est
436 3151 605 3216 iustificari
623 3160 758 3235 propter
777 3151 855 3215 fidei
874 3149 1008 3217 actum?
1033 3149 1127 3214 Adde
1180 3173 1247 3216 non
1269 3152 1385 3235 recipit
1407 3151 1548 3218 oblatam
1572 3155 1674 3237 gratia
1691 3154 1862 3220 iustitiam.
1896 3155 2049 3236 Deinde,
2073 3176 2161 3241 quun

149 3238 237 3322 quod
258 3237 467 3321 pestilentius
490 3258 656 3302 venenum
677 3238 745 3303 illic
767 3237 860 3302 latet:
884 3236 1128 3320 quiaAbrahac
1180 3238 1305 3322 gratiae
1336 3239 1522 3321 promiscuo
1550 3239 1728 3305 misceatur
1754 3262 1895 3326 operum
1920 3242 2068 3321 iustitia,
2107 3263 2160 3307 non

149 3324 308 3389 iustitiam
336 3334 466 3387 nostrae
499 3324 650 3387 umbram
686 3323 849 3388 duntaxat
880 3324 983 3387 tuisse
1015 3322 1127 3387 aubin·
1179 3324 1322 3406 reperiet
1343 3326 1544 3391 conscientia
1565 3326 1621 3390 ubi
1643 3326 1769 3409 placide
1791 3335 1937 3409 tutoque
1954 3332 2114 3411 quiescat,
2131 3336 2160 3391 ut

150 3410 253 3475 dieat:
286 3411 364 3491 quia
385 3408 461 3473 fidei
483 3420 551 3472 tem
576 3432 615 3474 us
639 3429 658 3473 a
679 3410 806 3475 Christi
828 3409 961 3474 demum
984 3406 1129 3472 adventu
1179 3411 1312 3475 beatam
1335 3409 1425 3474 illam
1449 3432 1570 3493 pacem,
1595 3413 1687 3477 cuius
1710 3414 1862 3478 meminit
1886 3415 2033 3494 Paulus,
2057 3414 2159 3497 adepta

149 3496 318 3577 inceperit.
364 3493 512 3558 Tandem
534 3433 589 3559 ulli
613 3494 773 3560 Serretes
796 3494 835 3558 de
853 3504 986 3578 patrum
1005 3495 1130 3558 iustitia
1180 3495 1381 3578 intrepidam
1394 3497 1457 3561 Dei
1480 3498 1718 3562 invocationem
1738 3498 1894 3564 cordibus
1913 3503 2048 3566 nostris
2065 3501 2157 3565 dictet

149 3580 292 3645 multum
317 3581 464 3664 garrivit,
488 3602 523 3644 se
544 3583 652 3664 ipsum
673 3582 786 3645 multis
808 3580 958 3646 absurdis
974 3579 1129 3662 expedire
1180 3583 1355 3646 Postremo
1394 3604 1496 3664 quum
1528 3582 1620 3647 addit
1650 3586 1822 3649 caritatem
1862 3607 1942 3651 esse
1978 3608 2067 3670 quae
2097 3584 2158 3650 fidei

150 3666 265 3734 volens
287 3667 392 3750 magis
421 3667 564 3731 involvit
589 3675 685 3749 atque
712 3669 853 3732 intricat.
898 3667 985 3730 Nam
1009 3667 1130 3749 pagina
1181 3665 1357 3732 efficaciam
1391 3667 1507 3733 tribuit
1545 3690 1682 3752 eamque
1715 3671 1881 3747 viviticat,
1927 3675 2010 3755 quia
2040 3672 2156 3756 spiritu

152 3756 214 3816 334
238 3753 286 3817 sic
308 3752 466 3835 loquitur:
503 3752 592 3833 Quia
613 3753 754 3818 carnalis
776 3761 848 3817 erat
869 3752 928 3816 illa
949 3752 1074 3816 iustitia
1096 3758 1130 3815 et
1181 3761 1332 3831 sanetus,
1361 3755 1415 3836 qui
1438 3755 1558 3819 caritas
1587 3764 1651 3833 est,
1696 3757 1764 3821 vita
1794 3767 1846 3820 est
1875 3758 1989 3841 ipsius
2019 3759 2157 3833 fidebat

149 3839 369 3916 insufficiens,
392 3858 458 3902 non
481 3841 618 3918 veritas,
647 3838 705 3904 sed
727 3838 858 3903 umbra:
899 3836 1030 3916 deinde,
1053 3837 1129 3920 quia
1181 3861 1280 3923 opera
1318 3841 1465 3904 caritatis
1507 3861 1581 3905 eam
1620 3843 1732 3906 vivam
1763 3852 1913 3922 servant,
1955 3847 2084 3930 pagina
2108 3845 2154 3906 311

149 3946 218 3989 non
240 3934 311 3989 erat
333 3932 501 4002 constans,
530 3945 568 3989 eo
590 3924 677 4008 quod
699 3946 796 3989 nemo
824 3926 952 4008 integre
975 3932 1128 4007 operatus
1181 3925 1302 3992 talibus
1350 3926 1447 3991 fumis
1494 3934 1596 3992 totam
1648 3927 1724 3992 fidoi
1769 3940 1931 3994 naturam
1950 3934 1978 4016 ¹)
2033 3930 2153 4015 possint

150 4009 310 4093 estquod
333 4009 463 4074 debeat:
495 4012 601 4089 tertio,
624 4014 700 4094 quia
721 4011 846 4094 peccati
869 4009 1021 4093 cognitio,
1045 4029 1128 4090 quae
1180 4013 1342 4078 obscurat.
1395 4011 1472 4078 Huc
1501 4013 1635 4093 accedit,
1667 4013 1752 4097 quod
1781 4015 1940 4096 Epistola
1972 4023 2009 4080 ll
2047 4016 2103 4082 hac
2124 4010 2153 4075 dc

149 4117 210 4180 per
227 4097 333 4181 legem
352 4104 431 4173 erat,
456 4096 613 4161 delictum
629 4096 769 4164 iaciebat
785 4096 901 4172 maius,
924 4095 1129 4159 concluditur
1181 4119 1217 4160 re
1239 4118 1367 4162 meeum
1402 4097 1478 4162 data
1511 4120 1611 4182 opera
1633 4099 1842 4184 digladiatur.
1892 4103 1945 4169 Ae
1973 4104 2084 4187 primo
2104 4098 2151 4165 col·

149 4203 268 4247 verum
301 4202 373 4246 esse
405 4181 489 4245 illud
523 4183 629 4262 Pauli,
669 4182 835 4248 carnalem
868 4182 1033 4245 hominem
1062 4200 1128 4243 non
1181 4183 1268 4266 tigit,
1302 4184 1399 4249 sicuti
1421 4182 1557 4266 peccata
1574 4208 1640 4250 non
1663 4185 1767 4252 solum
1799 4185 1981 4253 declarant
2005 4190 2151 4255 hominen

148 4270 294 4352 potuisse
322 4268 494 4332 iustificari
521 4290 631 4334 eoram
655 4270 735 4333 Deo.
781 4268 857 4331 Non
885 4266 968 4330 nihil
998 4265 1129 4349 quidem
1181 4271 1357 4347 iniustum,
1398 4269 1455 4335 sed
1495 4271 1657 4336 efficiunt:
1697 4272 1745 4335 ita
1777 4272 1876 4338 bonis
1914 4275 2074 4358 operibus
2103 4288 2149 4336 non

149 4353 258 4421 dicere
280 4353 425 4418 videtur:
449 4354 477 4418 si
499 4356 572 4437 quis
594 4364 705 4419 tamen
727 4354 868 4436 penitius
891 4353 1037 4418 excutiat
1058 4352 1129 4416 eius
1182 4355 1289 4419 solum
1311 4358 1489 4420 monstrari
1511 4357 1635 4422 iustum
1657 4358 1833 4431 hominem,
1858 4360 1921 4425 sed
1939 4362 2040 4428 effici.
2064 4364 2148 4439 atque

150 4461 303 4519 sensum,
338 4440 400 4504 hoe
432 4450 562 4505 tantum
595 4442 678 4524 agit,
718 4439 804 4522 quod
833 4447 989 4503 extenuat
1020 4439 1129 4502 carnis
1182 4442 1245 4506 hoe
1274 4443 1456 4521 confirmat,
1496 4443 1573 4525 quia
1614 4442 1782 4507 benefacta
1823 4445 1861 4507 in
1904 4450 2017 4531 gratia
2044 4457 2147 4512 tantum

149 4532 225 4607 [pag.
240 4531 316 4605 250]
326 4527 495 4605 iustitiam,
518 4527 687 4592 nesalutis
701 4534 855 4591 aeternae
873 4525 1040 4589 meritoria
1057 4544 1130 4589 esse
1155 4480 1159 4589 l
1183 4528 1295 4592 valent
1317 4527 1358 4591 ad
1380 4527 1563 4610 aagendam
1586 4529 1734 4613 gloriam,
1758 4540 1927 4611 quantum
1939 4535 2109 4599 malefacta
2124 4528 2147 4590 in

150 4613 313 4678 credatur.
337 4611 525 4693 Caeterum,
549 4634 613 4695 qua
632 4611 770 4678 audacia
781 4611 946 4676 carnalem
963 4610 1131 4675 hominem
1183 4622 1316 4695 peceato
1338 4612 1379 4677 ad
1402 4613 1585 4698 augendam
1607 4635 1754 4697 poenam.
1800 4614 1856 4680 Ad
1876 4618 1974 4695 haee,
1997 4622 2070 4703 quia
2090 4613 2146 4681 dia't

152 4698 222 4764 loeo
252 4699 361 4765 carnis
395 4698 629 4784 supposuit?²)
674 4697 780 4780 Quasi
813 4717 892 4764 vero
925 4697 981 4779 qui
1013 4696 1131 4779 spiritu
1183 4699 1321 4764 Iacobus
1342 4720 1409 4764 non
1432 4701 1538 4765 solum
1558 4699 1622 4766 fide
1639 4700 1856 4766 iustificatum
1868 4704 2054 4784 Abraham,
2071 4702 2145 4768 ratio·

1157 4836 1159 4843 .
1183 4785 1320 4864 cinatur,
1343 4786 1465 4868 partim
1488 4808 1565 4870 ergo
1593 4786 1627 4851 id
1648 4787 1772 4851 factum
1794 4808 1870 4853 esse
1893 4793 2056 4875 operibus
2095 4781 2145 4852 ld·

224 4938 254 5003 1)
273 4955 374 4993 comme
399 4941 422 4994 si
439 4939 508 4994 Dieu
531 4955 566 4992 ne
588 4939 680 4993 laismt
702 4954 753 5007 que
779 4951 848 4991 nous
871 4951 988 4990 avancer
1006 4937 1031 4990 le
1051 4950 1131 5005 pays·
1156 4848 1160 4983 l
1187 4943 1390 4952 ·”-““·*

153 5015 228 5062 ment
246 5007 280 5060 de
297 5024 350 5059 noz
370 5023 483 5062 oeuvres
501 5008 600 5062 devant
617 5007 682 5076 qu‘il
699 5008 754 5061 soit
772 5006 838 5061 deu:
857 5019 972 5061 mesmes
990 5020 1042 5072 que
1055 5004 1131 5059 desit
1185 5009 1238 5063 bon
1256 5011 1415 5089 expositeur
1438 5024 1471 5062 ne
1496 5010 1595 5063 touche
1619 5010 1696 5064 sinon
1715 5025 1785 5064 ceux
1811 5013 1860 5080 qui
1885 5013 2042 5070 dementent
2058 5027 2086 5067 eo
2100 5008 2142 5062 lan

155 5076 220 5132 telle
238 5077 334 5130 iustice
353 5085 447 5129 estun
466 5077 563 5131 salaire
582 5084 701 5144 present.
1184 5078 1339 5133 sensuahte.

222 5143 253 5209 2)
273 5142 347 5196 Add.
375 5143 401 5198 S.
423 5145 491 5198 Paul
515 5145 591 5212 parle
616 5144 788 5212 simplement
805 5142 838 5198 de
856 5149 919 5199 tous
936 5143 1071 5199 hommes:
1100 5155 1131 5196 ee
1254 5146 1282 5211 1)
1302 5154 1362 5201 tout
1380 5163 1409 5200 ee
1429 5145 1509 5215 qu'on
1528 5147 1586 5202 doit
1605 5143 1734 5201 entendre
1753 5146 1789 5203 de
1809 5157 1873 5206 cest
1891 5153 1997 5209 article.
