4620 5894
144 242 184 308 31
423 256 426 261 ·
715 229 941 299 AR‘PIOULI
961 225 1257 317 namuurum
1278 225 1579 296 PARISIENSIS

143 430 254 494 minus
280 426 397 491 latere:
433 422 627 507 praesertim
662 440 766 503 quum
794 418 935 485 sciamus
968 438 1011 482 ex
1038 414 1121 482 vati·
1552 467 1772 526 ANTIDOTUM

142 515 230 582 cinio
250 511 350 579 Pauli
371 506 573 593 praedictam
594 505 694 572 fuisse
717 504 931 571 defectionem
953 503 986 586 (2
1006 502 1121 567 Thess.
1774 509 1780 521 ·

143 605 174 681 2,
188 599 239 699 3).
273 597 468 664 Statuamus
489 613 578 678 ergo,
602 590 707 658 videri
724 590 893 657 ecclesiam
915 590 971 655 ubi
987 594 1124 672 apparet
1262 589 1503 656 Definitionum
1519 590 1634 674 regula
1650 588 1885 673 praescribitur
1901 591 2156 674 nobisaPaulo,

144 685 314 762 (lhnstus,
345 683 402 748 ubi
424 678 561 748 verbum
584 678 655 743 6166
678 676 827 755 auditur,
855 675 942 742 sicut
964 675 1124 758 scriptum
1176 685 1338 760 quantum
1360 674 1403 741 ad
1423 675 1636 759 particulares
1659 676 1820 753 ecclesias,
1844 698 1945 760 quum
1963 677 2055 744 dicit:
2079 698 2156 761 pro·

144 780 214 838 est:
267 768 357 837 Oves
391 787 485 832 meae
522 784 638 831 vocem
676 783 785 828 meam
822 761 963 827 audiunt
994 761 1123 845 (Ioann.
1200 761 1297 827 hetae
1319 761 1384 827 duo
1411 769 1471 826 aut
1494 769 1560 828 tres
1582 761 1771 846 loquantur:
1802 762 1859 828 alii
1881 762 2069 830 diiudicent.
2115 763 2155 831 si

146 861 195 937 10,
215 857 281 939 27).
315 853 455 939 Sepulta
476 858 586 916 autem
604 849 754 916 docmina
770 848 931 926 veritatis,
954 845 1125 913 ecclesiam
1176 783 1330 931 11666616
1353 869 1417 913 666
1444 848 1543 912 fuerit
1570 847 1649 932 quid
1680 848 1799 914 melius
1831 849 1928 914 alteri
1961 850 2153 931 revelatum,

144 943 245 1010 simul
266 960 461 1010 evanescere
489 960 532 1003 ex
552 935 655 1003 oculis
675 935 860 1001 hominum.
904 933 1003 999 Hanc
1023 931 1124 1001 66616-
1178 942 1295 1018 surgat
1334 934 1367 1018 (l
1395 932 1468 999 Cor.
1499 940 1547 1014 14,
1575 936 1641 1018 29).
1687 933 1726 1001 Si
1760 932 1845 1018 quod
1881 937 1969 1000 inter
2002 935 2157 1004 eeclesias

144 1031 228 1096 siam
250 1029 392 1094 fatemur
409 1045 484 1092 cum
500 1022 605 1089 Paulo
623 1021 810 1087 columnam
827 1029 862 1086 61
878 1021 1125 1084 firmamentum
1178 1018 1349 1085 dissidium
1376 1026 1528 1085 exortum
1551 1021 1607 1100 sit,
1637 1020 1779 1087 fatemur
1801 1021 1888 1089 hauc
1910 1021 2157 1106 constituendae

145 1136 217 1183 esse
238 1113 389 1183 veritatis
412 1114 444 1194 (1
470 1111 553 1174 Tim.
574 1112 603 1187 3,
627 1108 694 1191 15):
718 1108 795 1192 quia
817 1116 929 1173 eustos
951 1113 1003 1170 661
1025 1124 1124 1170 66666
1178 1105 1370 1172 concordias
1395 1105 1580 1191 legitimam
1607 1127 1678 1173 esse
1706 1108 1881 1188 rationem,
1915 1129 2001 1192 quae
2028 1130 2158 1192 semper

30 1270 35 1279 ,
145 1202 319 1269 doetrinae¹
336 1217 473 1280 eamque
494 1202 655 1279 propagat
672 1215 731 1258 suo
753 1192 936 1258 ministerio
953 1191 995 1257 ad
1017 1200 1125 1275 poste·
1179 1193 1353 1259 observata
1375 1194 1451 1269 fuit,
1480 1199 1518 1262 ut
1540 1202 1654 1258 coeant
1679 1200 1843 1276 pastores,
1872 1203 1970 1276 atque
1992 1215 2034 1259 ex
2056 1195 2157 1265 verbo

144 1308 215 1367 ros,
244 1307 287 1352 ne
314 1281 491 1350 intercidat
519 1282 554 1346 in
581 1278 713 1345 mundo.
758 1274 847 1344 Nam
873 1299 975 1362 quum
1005 1296 1126 1360 sponsa
1178 1279 1244 1344 Dei
1272 1277 1446 1357 definiant,
1475 1277 1554 1363 quid
1581 1279 1784 1361 sequendum
1812 1281 1863 1344 sit
1908 1279 2100 1359 Caeterum,
2128 1282 2157 1348 ei

44 1390 49 1395 ’
145 1365 998 1451 6110161611,66116616611116666661661(Ιο666.
1020 1366 1126 1442 3,21;
1179 1362 1317 1431 visibilis
1354 1365 1508 1431 eeclesiae
1540 1362 1748 1431 definitiones
1773 1385 1833 1448 pro
1866 1366 2007 1432 oraculis
2034 1366 2157 1433 habere

47 1520 51 1529 .
144 1455 403 1544 aphraate).
448 1439 1126 1519 Ε111666661616666611166ι666611-
1178 1450 1272 1516 libet:
1295 1450 1437 1516 visibilis
1459 1458 1531 1516 erat
1551 1450 1696 1528 aeclesia,
1715 1451 1769 1516 661
1790 1451 1879 1516 66166
1892 1452 2040 1518 Micheas
2057 1453 2157 1519 resis-

145 1546 220 1613 duci
250 1566 269 1611 a
297 1542 424 1609 Christi
451 1538 674 1622 simplicitate,
712 1537 797 1603 sicut
826 1543 968 1602 testatur
995 1533 1126 1601 Paulus
1180 1536 1270 1603 tabat
1292 1540 1325 1620 (1
1346 1535 1429 1622 Reg.
1449 1540 1500 1616 22,
1523 1542 1585 1614 10),
1620 1532 1769 1603 Visibilis
1792 1536 1892 1602 etiam
1917 1546 1988 1604 erat
2009 1538 2156 1619 66616616,

145 1633 179 1718 (2
198 1631 273 1698 Oor.
298 1633 346 1707 ll,
366 1628 410 1711 2).
449 1625 526 1691 Non
545 1631 634 1690 errat
656 1643 743 1709 argo,
767 1623 843 1707 quia
864 1623 929 1687 Dei
950 1620 1127 1688 veritatem
1179 1644 1262 1707 quae
1280 1621 1423 1690 dicebat:
1446 1622 1576 1703 Venite,
1600 1623 1781 1706 cogitemus
1803 1622 1963 1690 adversus
1980 1623 2159 1691 Ieremiam

8 1702 30 1773 .'
144 1739 205 1803 pro
226 1715 342 1801 regula
365 1713 523 1797 sequitur.
568 1711 621 1776 Ab
642 1730 681 1774 ea
703 1709 732 1774 61
753 1707 891 1786 recedit,
913 1727 1034 1791 sponsa
1055 1727 1127 1772 esse
1179 1710 1402 1793 cogitationes.
1446 1709 1522 1775 Non
1549 1711 1638 1775 enim
1659 1708 1780 1792 peribit
1802 1711 1963 1793 sapientia
1985 1731 2006 1775 a
2027 1713 2159 1795 sapien·

44 1826 50 1837 ·
147 1802 277 1882 desinit,
307 1806 342 1866 et
365 1800 403 1864 fit
426 1796 583 1863 adultera.
616 1794 684 1876 Qui
707 1815 785 1861 vero
813 1793 998 1860 ordinariae
1019 1805 1128 1876 potes·
1180 1793 1282 1875 tibus,
1311 1816 1372 1862 nec
1394 1819 1414 1861 a
1436 1796 1570 1862 senibus
1593 1794 1781 1872 eonsilium,
1805 1816 1866 1862 nec
1888 1796 1943 1861 lex
1966 1817 1986 1860 a
2008 1795 2159 1863 sacerdo·

146 1890 210 1956 1611
240 1905 273 1952 61
306 1884 379 1952 61116
425 1883 570 1950 externis
603 1881 731 1981 pompis
771 1881 943 1980 ecclesiam
975 1879 1126 1962 affigunt,
1180 1879 1267 1980 tibus
1296 1881 1530 1981 (Ier.18,18).
1576 1881 1728 1965 Denique
1757 1880 1897 1948 visibilis
1919 1882 2057 1950 ecclesia
2078 1893 2159 1963 erat,

146 1974 299 2052 audiant,
329 1970 408 2057 quid
429 1968 471 2035 de
500 1990 538 2035 66
564 1975 759 2058 pronune1et
785 1967 944 2032 Halanus.
959 1966 983 2050 ¹)
1026 1963 1127 2043 Male,
1180 1965 1308 2032 Ohrrstr
1329 1974 1491 2050 tempore,
1513 1988 1615 2051 penes
1637 1989 1803 2034 summum
1825 1969 2015 2052 pontificem
2037 1968 2160 2036 61661-

146 2061 271 2145 166611,
303 2080 363 2125 666
392 2055 559 2141 parietum
580 2074 672 2119 amor
699 2054 819 2137 eoepit;
847 2051 933 2118 male
956 2050 1127 2117 eeclesiam
1179 2052 1304 2136 legium
1320 2051 1529 2119 sacerdotale.
1566 2055 1652 2120 Erat
1669 2053 1758 2120 enim
1776 2053 1964 2121 hierarchia
1974 2055 2079 2121 multo
2090 2077 2160 2121 me-

21 2184 26 2193 ·
146 2146 213 2213 Dei
240 2147 277 2211 in
303 2143 399 2211 166116
420 2141 640 2224 aedificiisque
668 2159 877 2207 veneramur:
911 2157 997 2204 anne
1024 2136 1128 2202 ambi·
1179 2137 1244 2204 lius
1261 2137 1408 2218 fundata,
1428 2147 1462 2205 et
1478 2141 1616 2207 certiore
1637 2140 1824 2206 testimonio
1842 2142 2043 2221 confirmata,
2062 2162 2162 2225 quam

147 2254 252 2320 guum
263 2240 323 2311 661,
340 2227 694 2295 inhisAntichristum
711 2247 782 2292 esse
790 2222 980 2292 sessurum?
999 2229 1128 2288 montes
1179 2225 1262 2292 haec
1290 2226 1334 2290 sit
1361 2226 1455 2291 cuius
1483 2233 1659 2308 praetextu
1684 2227 1892 2309 superbiunt,
1921 2229 1977 2312 qui
2005 2228 2162 2295 eeclesiae

147 2319 231 2387 mihi
253 2325 287 2383 et
308 2316 437 2403 sylvae,
467 2313 624 2392 6116666,
647 2319 681 2378 61
707 2332 870 2390 carceres,
898 2317 932 2376 et
952 2309 1129 2394 voragines
1181 2310 1315 2377 titulum
1342 2310 1438 2377 hodie
1464 2320 1633 2397 usurpant.
1678 2311 1745 2392 Qui
1772 2334 1850 2396 ergo
1877 2313 2059 2382 audiendae
2082 2314 2162 2381 visi·

147 2414 226 2473 sunt
254 2403 404 2469 tutiores:
436 2401 472 2465 in
493 2399 547 2465 his
572 2399 661 2464 enim
681 2398 877 2482 prophetae,
901 2402 959 2462 aut
976 2395 1127 2473 latentes,
1181 2397 1287 2464 sibilis
1313 2396 1466 2465 ecclesiae
1488 2396 1713 2477 definitiones,
1743 2398 1814 2464 sine
1836 2399 1964 2466 delectu
1986 2410 2020 2466 61
2043 2421 2162 2485 exeep-

147 2498 206 2558 aut
227 2488 369 2557 demersi
388 2483 639 2572 prophetabant.
1182 2484 1270 2549 11666
1304 2482 1435 2563 volunt,
1467 2483 1568 2550 simul
1602 2485 1689 2551 hauc
1724 2484 1952 2551 necessitatem
1986 2488 2163 2570 imponunt

1180 2569 1346 2648 fidelibus,
1375 2576 1413 2635 ut
1433 2568 1595 2655 abnegato
1617 2570 1765 2648 Christo,
1796 2578 1830 2636 61
1852 2571 1967 2639 relicta
1988 2572 2053 2638 Dei
2075 2572 2164 2639 veri·

1182 2662 1259 2735 tate,
1281 2655 1444 2740 impietati
1465 2677 1563 2740 saepe
1584 2654 1793 2722 adhaereant.

447 2756 715 2826 ARTIOULUS
736 2757 835 2824 XIX.

148 2889 277 2999 Quod
303 2887 358 2973 ad
391 2885 613 2969 ecelesiam
646 2883 857 2969 visibilem
888 2882 1131 2996 pertineant
1491 2879 1757 2948 ARTIOULUS
1779 2880 1859 2948 XX.

301 3060 305 3071 ·
346 3006 613 3091 definitiones
640 3005 685 3088 16
711 3005 913 3088 doctrina
1183 3007 1251 3089 De
1279 3005 1469 3089 articulis
1496 3006 1596 3089 fidei
1622 3036 1699 3119 per
1731 3007 1955 3090 ecelesiam
1981 3005 2163 3091 traditis.

237 3173 490 3259 6661616611
519 3174 553 3238 ia
580 3172 749 3256 6661616616
777 3172 880 3238 roais
904 3171 1130 3237 watrocersioe
1270 3171 1333 3237 Est
1360 3177 1387 3237 61
1415 3171 1546 3253 mam,
1574 3173 1674 3239 666116
1702 3194 1768 3240 esse
1796 3175 1963 3256 ardenda,
1991 3195 2072 3257 6666
2100 3195 2165 3241 aaa

20 3290 23 3295 ·
147 3268 203 3330 661
230 3263 319 3328 dabit
352 3261 491 3339 oriatm,
526 3258 569 3324 od
589 3258 775 3340 6666161666
807 3257 966 3324 adoriam
998 3256 1131 3337 61616166
1182 3265 1256 3324 salat
1275 3278 1419 3342 expresse
1436 3259 1648 3341 acepeciata'm
1670 3262 1788 3326 hadita
1805 3262 1840 3326 16
1857 3262 2026 3341 senatum
2046 3262 2167 3331 66616.-

146 3354 261 3434 spectat
282 3352 310 3413 61
331 3346 545 3413 mandouro.
1183 3349 1389 3513 gluwe
1409 3365 1470 3426 per
1497 3345 1696 3412 traditiosam
1717 3347 1862 3413 ecolesioe
1889 3352 1961 3411 aaut
1988 3349 2166 3415 6666666116

1182 3451 1246 3496 rece
1364 3480 1371 3494 .

234 3516 400 3586 Probatur
427 3518 488 3584 sic:
516 3515 604 3597 Quia
631 3515 713 3582 alias
739 3521 930 3581 nasceretur
962 3514 1130 3580 horribilis

149 3605 308 3685 confusio,
331 3603 396 3670 nisi
416 3601 553 3670 eeclesia
569 3601 706 3667 haberet
720 3600 773 3667 ius
791 3601 1029 3685 pronunciandi
1051 3601 1131 3668 defi·
1269 3603 1435 3669 Probatur
1456 3604 1497 3670 ab
1519 3603 1782 3682 inconvenienti,
1803 3603 1857 3669 vel
1880 3603 2030 3670 absurdo.
2076 3603 2166 3687 Quia

149 3692 292 3760 nitivam
320 3690 520 3757 sententiam
540 3689 576 3752 in
599 3686 640 3753 do
698 3686 807 3753 atibus
827 3686 990 3772 litigiosis.
1036 3685 1132 3755 Sicut
1155 3672 1158 3731 1
1183 3690 1264 3757 61166
1286 3695 1454 3772 oporteret
1471 3689 1574 3755 ferme
1592 3689 1698 3756 faeere
1716 3711 1841 3756 novum
1859 3689 2037 3757 mundum:
2061 3712 2166 3775 quum

153 3777 253 3846 hodie
274 3775 462 3842 Lutherani
488 3773 613 3840 vellent
665 3773 762 3839 abere
784 3792 899 3839 vocem
919 3775 956 3838 in
978 3775 1129 3857 capitulo,
1183 3777 1241 3844 vix
1268 3775 1447 3842 centesima
1474 3797 1551 3858 pars
1579 3796 1707 3854 eorum,
1735 3796 1820 3858 quae
1848 3778 1987 3842 firmiter
2014 3785 2167 3844 tenemus

151 3875 185 3934 61
205 3865 369 3931 iaetarent
395 3863 536 3929 verbum
557 3859 706 3925 Domini:
736 3859 802 3926 nisi
823 3880 842 3924 6
865 3866 1043 3942 poneretur
1064 3861 1132 3926 11116
1184 3872 1218 3927 61
1252 3860 1337 3927 nihil
1369 3859 1585 3927 dubitationis
1619 3861 1708 3945 apud
1741 3882 1800 3928 nos
1832 3863 1969 3941 habent,
2009 3883 2167 3945 expresse

151 3953 233 4020 haec
264 3948 388 4032 replica
420 3949 492 4014 sine
525 3947 730 4031 exceptione,
768 3880 864 4029 quod
886 3944 928 4011 ad
960 3946 1132 4013 ecclesiam
1183 3947 1317 4032 probari
1341 3950 1441 4031 queat
1467 3968 1509 4012 ex
1536 3948 1715 4031 scripturis.
1761 3945 1832 4014 Sed
1852 3949 1929 4031 quia
1948 3958 1998 4015 est
2019 3948 2169 4015 elicitum

152 4045 280 4124 spectat
308 4034 534 4100 determinare
567 4032 726 4112 ultimate,
765 4031 838 4096 sine
865 4029 1131 4098 contradictione.
1185 4057 1205 4100 a
1238 4033 1335 4118 longe
1370 4053 1430 4116 per
1464 4031 1601 4100 subtiles
1632 4032 1843 4100 deductiones
1877 4033 2063 4114 doctorum,
2093 4033 2168 4102 ideo

151 4124 260 4192 Aliter
287 4142 355 4187 666
383 4140 553 4204 possemus
586 4118 654 4185 11116
687 4116 840 4185 claudere
872 4120 959 4202 os.²)
1002 4119 1133 4184 Deinde
1185 4128 1323 4185 manent
1343 4119 1380 4184 in
1401 4141 1462 4185 sua
1478 4119 1685 4187 certitudine.
1728 4120 1896 4186 Probatur
1917 4121 2018 4187 etiam
2038 4141 2065 4186 a.
2080 4124 2168 4187 veri·

151 4209 321 4279 sciendum
355 4215 417 4287 est,
447 4205 535 4290 quod
567 4205 731 4288 scriptura
762 4211 814 4270 est
846 4211 1004 4287 tanquam
1031 4225 1132 4271 nasus
1185 4205 1293 4271 simili.
1339 4204 1427 4286 Quia
1453 4205 1608 4279 credibile
1635 4206 1797 4289 estquod
1829 4207 1982 4290 apostoli,
2015 4210 2169 4291 quamvis

153 4317 281 4375 cereus;
311 4293 389 4377 quia
416 4293 505 4359 116611
526 4297 634 4374 potest
655 4290 733 4357 hinc
754 4289 841 4355 inde.
887 4288 956 4356 Sed
977 4291 1133 4358 ecclesiae
1185 4299 1296 4359 essent
1323 4290 1414 4374 pleni
1442 4292 1560 4376 spiritu
1583 4301 1710 4373 sancto,
1737 4301 1771 4358 et
1793 4292 1954 4360 haberent
1974 4293 2171 4360 mandatum

153 4379 383 4447 determinatio
405 4386 457 4444 est
483 4379 552 4444 fixa
575 4386 609 4444 et
636 4375 773 4443 stabilis.
819 4376 907 4442 Nam
929 4376 958 4441 si
976 4375 1133 4445 haeretici
1186 4378 1328 4464 perfecte
1352 4377 1541 4444 instruendi
1569 4379 1755 4458 ecclesiam,
1783 4389 1896 4445 tamen
1918 4380 2085 4447 voluerint
2107 4380 2169 4447 ali·

153 4465 301 4535 cavillari
326 4465 432 4532 velint
458 4484 576 4543 unam,
605 4470 713 4548 potest
741 4462 845 4528 altero
874 4461 927 4528 die
956 4464 1029 4530 fieri
1058 4463 1131 4544 alia,
1186 4464 1265 4550 quid
1294 4462 1482 4547 relinquere
1509 4465 1577 4530 suis
1601 4464 1857 4532 suecessoribus:
1886 4487 1929 4531 ne
1956 4466 1994 4530 in
2015 4465 2169 4534 omnibus

152 4573 236 4639 quae
257 4572 312 4617 eos
334 4553 440 4636 magis
460 4551 671 4636 constringat
1186 4572 1242 4618 eos
1270 4548 1556 4636 praeoccupando,
1590 4550 1658 4617 alas
1685 4549 1752 4618 11116
1780 4552 1922 4617 nimium
1948 4551 2168 4619 decurtarent

1186 4636 1353 4703 Probatur
1381 4636 1461 4702 item
1489 4658 1509 4702 a
1536 4637 1649 4703 simili:
1677 4638 1769 4720 quia,
1803 4639 1889 4705 61661
1917 4636 2005 4722 apud
2031 4638 2169 4724 legistas

223 4759 253 4821 1)
271 4758 373 4812 Gom
389 4755 558 4810 Amandum.
1186 4730 1237 4788 661
1262 4723 1315 4788 ius
1344 4723 1504 4806 scriptum
1531 4731 1565 4789 61
1593 4744 1665 4804 666
1692 4725 1866 4808 scriptum,
1895 4725 1943 4789 ita
1970 4723 2067 4790 debet
2094 4746 2169 4792 6666

221 4826 252 4895 2)
275 4826 354 4881 Haec
377 4825 418 4878 ita
447 4830 604 4879 camaras:
628 4839 680 4894 666
704 4822 772 4878 c‘est
794 4826 811 4880 a
833 4823 946 4895 l’Eglise
970 4824 1045 4880 saule
1069 4823 1133 4893 qu’il
1186 4810 1223 4874 in
1246 4806 1421 4892 theologia.

153 4896 310 4982 appartient
332 4894 367 4949 de
377 4891 483 4962 (1611616,
501 4906 603 4949 666666
615 4908 666 4962 par
684 4893 960 4963 arrestirrevocable,
978 4893 1133 5016 sausappel

153 4986 182 5024 ur
205 4965 376 5035 appositior,
398 4961 426 5016 ni
449 4961 660 5017 conuauctions
684 4961 882 5032 66616666666,
911 4969 940 5018 61
969 4960 1051 5044 66ζ66
1084 4977 1134 5017 our
1565 4963 1793 5020 ANTIDOTUM

153 5032 1027 5170 statuunturreserauerat
1272 5064 1503 5167 muana,
1527 5067 1838 5152 inquitatatem,
1862 5067 2172 5170 mutuamus

113 5239 117 5245 ,
154 5186 189 5233 na
206 5174 267 5229 leur
283 5170 349 5227 aaut.
1186 5151 1341 5236 loquutus
1368 5159 1419 5218 est
1446 5153 1525 5220 ohm
1552 5155 1646 5222 Deus
1676 5175 1735 5238 per
1761 5154 1956 5241 prophetas:
1987 5177 2171 5226 noussrmo
