4620 5894
116 187 137 251 'i
949 181 1014 250 DE
1037 180 1313 251 SOANDALIS.
2118 186 2142 251 8

114 394 206 457 rans,
218 373 244 461 ¹)
266 373 320 441 bis
340 394 378 442 se
398 371 530 441 felicem
550 392 623 440 esse
644 372 813 453 clamaret,
835 372 913 456 quia
928 391 1037 457 nuper
1057 392 1101 438 ex
1120 371 1297 438 maledicto
1313 370 1498 455 Babylonis
1520 390 1650 438 carcere
1672 376 1829 451 extracta,
1851 377 1932 455 [pag.
1951 375 1986 452 4]
2007 373 2076 439 iam
2097 393 2141 441 ex

116 488 240 555 misere
262 486 366 554 etiam
381 485 528 571 corporis
549 483 716 569 ergastule
738 482 872 550 exitura
891 489 991 551 esset:
1015 504 1118 568 quum
1127 505 1170 550 ex
1181 485 1258 552 vivo
1279 483 1498 550 conscientiae
1514 482 1665 550 sensude
1675 483 1819 567 peccatis
1829 484 1909 565 suis,
1932 484 1973 550 dc
1983 491 2141 554 aeternae

117 599 236 668 mertia
256 604 369 681 reatu,
398 596 439 664 de
459 595 632 664 hamando
652 594 720 661 Dei
746 593 868 662 iudicio
895 616 963 661 non
987 594 1194 662 muliebriter
1221 593 1401 673 disserens,
1431 596 1606 679 magnifice
1628 593 1755 661 Christi
1783 596 1925 680 gratiam
1952 596 2139 679 extolleret,

117 732 257 797 eamque
277 710 352 795 pari
372 709 562 776 humilitate
584 714 619 775 et
639 707 761 774 fiducia
781 706 874 774 velut
894 726 1022 773 sacram
1044 706 1222 773 anchoram
1242 706 1504 791 amplecteretur.
1552 706 1647 774 Haec
1666 707 1768 774 verba
1784 728 1852 773 non
1873 706 1970 774 modo
1991 709 2083 797 clare
2105 716 2140 777 et

118 823 256 904 chene,
283 821 342 890 sed
363 821 498 888 insolita
519 819 656 906 energia
676 820 764 884 inter
791 818 927 885 ultimos
954 816 1118 885 anhelitus
1146 817 1342 884 fundentem
1368 818 1416 884 sic
1442 838 1496 884 me
1524 817 1656 885 audisse
1684 819 1853 899 recordor,
1881 828 1921 884 ιιι
1949 821 2140 905 spectaculo

51 964 56 973 ·
117 933 401 1003 adhucinteresse
422 931 546 1000 videar.
580 932 708 1015 Itaque,
731 937 877 1013 quumte
898 951 940 996 ex
962 929 1102 997 adverse
1123 930 1281 1009 intuerer,
1303 927 1630 997 indomandaanimi
1651 930 1817 996 moestitia
1826 930 1997 1014 praeclare
2007 931 2137 999 luctan-

116 1053 196 1128 tem,
219 1046 331 1112 minus
338 1045 408 1111 iam
416 1044 571 1123 mirabar,
583 1049 633 1108 tet
642 1042 830 1125 talibusque
841 1040 997 1107 remediis
1010 1038 1169 1121 adiutum,
1183 1041 1296 1108 virum
1307 1062 1378 1108 osse
1388 1042 1508 1108 fortem
1519 1042 1555 1106 in
1574 1040 1694 1108 dolore.
1727 1041 1814 1108 Aliis
1828 1042 2008 1111 recitandis
2021 1065 2137 1129 super-

117 1156 224 1226 sedeo.
256 1157 332 1224 Hoc
353 1161 487 1223 tantum
506 1154 592 1222 dieo:
615 1174 719 1238 quum
739 1152 934 1237 perplexum
956 1173 999 1218 er
1019 1152 1183 1219 immensa
1204 1154 1357 1237 congerie
1373 1153 1603 1219 scandalorum
1623 1153 1853 1239 labyrinthum
1874 1154 1936 1220 tibi
1956 1155 2136 1224 fabricatus

116 1275 205 1337 esset
228 1266 344 1348 Satan,
366 1266 415 1334 sic
435 1272 470 1332 te
492 1266 604 1332 omnia
624 1285 809 1348 superasse,
827 1272 867 1331 ιιι
887 1286 954 1331 non
975 1262 1072 1330 modo
1094 1263 1232 1331 idoneus
1253 1266 1299 1330 sis
1320 1265 1393 1331 aliis
1412 1265 1558 1330 monitor
1579 1271 1614 1330 et
1634 1265 1793 1346 hortator,
1821 1265 2001 1332 sedetiam
2018 1272 2058 1333 ut
2079 1268 2133 1351 qui

114 1378 217 1467 paulo
238 1387 320 1447 sunt
339 1378 517 1459 molliores,
540 1383 597 1444 tuo
619 1376 771 1460 exemplo
793 1378 938 1457 animti,
960 1397 1082 1444 novam
1099 1378 1332 1443 strenuitatem
1342 1376 1461 1443 merito
1483 1397 1614 1442 sumere
1636 1375 1786 1443 debeant
1821 1375 2136 1447 Scilicetarxvalde

115 1491 250 1558 munita
270 1497 331 1570 est,
354 1488 537 1574 aequabilis
559 1489 662 1555 animi
683 1487 879 1555 moderatio:
903 1488 996 1554 cuius
1018 1487 1185 1573 singulare
1206 1488 1374 1572 specimen
1395 1510 1497 1572 quum
1518 1489 1592 1556 ahie
1613 1491 1648 1555 in
1669 1488 1778 1569 rebus,
1801 1495 1874 1555 tum
1895 1490 1933 1554 in
1955 1490 2019 1556 hac
2039 1511 2134 1575 prae-

114 1602 227 1683 buisti,
251 1600 340 1686 quod
361 1622 465 1686 quum
486 1601 522 1666 in
542 1601 650 1684 patria
671 1599 845 1684 reliqueris
867 1620 949 1684 quae
971 1598 1052 1665 alios
1074 1599 1117 1665 ad
1140 1599 1353 1666 ambitionem
1362 1601 1507 1685 rapiunt,
1529 1600 1610 1667 alios
1622 1601 1691 1667 suis
1701 1600 1864 1668 illecebris
1881 1601 2000 1668 affixos
2011 1608 2133 1684 tenent,

113 1713 207 1781 nullo
229 1734 367 1798 prorsus
388 1733 504 1780 eorum
525 1711 688 1779 desiderio
704 1712 866 1797 tangeris:
895 1717 934 1776 ut
960 1718 994 1776 te
1022 1732 1088 1776 non
1116 1710 1228 1777 minus
1259 1732 1364 1795 aequo
1393 1712 1570 1796 sedatoque
1597 1714 1707 1779 animo
1734 1712 1801 1779 illis
1828 1733 1940 1779 carere
1968 1720 2132 1798 appareat,

113 1847 214 1911 quam
236 1825 332 1892 facile
354 1824 458 1892 semel
479 1824 690 1891 renunciasti.
735 1823 848 1889 Huius
865 1830 943 1888 tuae
964 1822 1111 1906 pietatis,
1140 1823 1236 1889 sicuti
1267 1844 1328 1907 ego
1355 1825 1501 1890 fluctum
1528 1832 1562 1890 et
1586 1824 1841 1890 oblectationem
1867 1843 1934 1890 non
1960 1824 2134 1909 vulgarem

83 1948 90 1955 '
113 1938 217 2022 capio,
241 1939 291 2003 ita
311 1958 380 2003 non
400 1937 534 2016 mirum,
557 1936 587 2002 si
608 1936 741 2021 cupiam
763 1935 805 2000 ad
827 1934 908 2000 alios
929 1940 1060 2019 partem
1082 1933 1228 2018 aliquam
1245 1935 1428 2018 pervenire.
1473 1936 1561 2002 Nam
1583 1937 1638 2019 qui
1667 1942 1701 2001 te
1723 1957 1843 2019 nuper,
1872 1957 1975 2020 quum
1996 1938 2033 2002 in
2054 1936 2132 2003 urbe

114 2072 156 2119 cx
180 2070 246 2133 qua
267 2056 366 2116 natus
388 2070 472 2128 sum,
491 2048 705 2134 regiusesses
724 2048 919 2132 praefectus,
942 2053 976 2111 et
997 2046 1121 2113 civium
1133 2060 1324 2112 nostrorum
1334 2047 1503 2132 magister,
1513 2047 1542 2133 2)
1564 2054 1724 2130 tanquam
1745 2046 1860 2133 procul
1881 2047 2049 2116 aOhristo
2070 2048 2134 2116 dis·

113 2161 217 2226 situm
240 2159 428 2245 gemebam:
451 2178 540 2226 nunc
560 2180 603 2225 ex
625 2180 689 2243 quo
710 2166 801 2224 totus
823 2157 957 2224 Ohristo
979 2156 1129 2224 addictus
1151 2178 1195 2238 es,
1217 2179 1296 2225 vere
1318 2180 1429 2225 meum
1451 2180 1523 2225 esse
1545 2158 1644 2238 duce,
1675 2166 1708 2225 et
1727 2160 1821 2243 quasi
1844 2161 2014 2225 communi
2034 2161 2133 2228 eccle-

113 2271 181 2339 siae
206 2272 332 2356 gremio
354 2270 545 2354 amplector.
589 2269 703 2335 Velim
723 2276 836 2335 tamen
858 2276 896 2333 ut
916 2268 1049 2335 libellus
1076 2268 1130 2335 hic
1152 2270 1251 2334 etiam
1274 2269 1361 2354 apud
1383 2291 1440 2336 ecs
1461 2272 1582 2354 quibus
1603 2272 1736 2356 ignotus
1765 2291 1814 2351 es,
1848 2270 2076 2357 qualecunque
2093 2272 2134 2339 ait

113 2384 236 2449 amoris
258 2383 294 2447 in
317 2391 349 2447 te
370 2381 437 2447 mei
461 2382 706 2447 documentum.
739 2381 869 2463 Pignus
891 2380 981 2445 enim
1002 2381 1072 2463 ipse
1094 2380 1223 2447 nullum
1244 2381 1423 2468 flagitas.³)
1456 2383 1565 2449 Multa
1587 2383 1719 2466 quidem
1739 2390 1819 2448 sunt
1837 2384 1926 2449 inter
1947 2405 2009 2449 noe
2030 2385 2135 2450 iustae

112 2494 372 2562 necessitudinis
394 2493 540 2573 vincula,
563 2492 621 2559 sed
642 2491 735 2557 nulla
751 2492 923 2575 sanguinis
944 2498 996 2557 est
1015 2493 1251 2576 propinquitas,
1274 2494 1367 2559 nulla
1389 2494 1454 2560 alia
1475 2496 1676 2572 coniunctio,
1705 2515 1787 2578 quae
1817 2515 1964 2561 amorem
1985 2504 2135 2562 nostrum

114 2616 258 2690 superet.
306 2605 466 2689 Adeoque
488 2606 591 2671 frater
608 2604 725 2671 unicus
753 2610 787 2668 tc
809 2603 872 2670 sibi
894 2604 1028 2687 aequari
1049 2624 1119 2669 non
1141 2625 1239 2688 aegre
1259 2607 1398 2688 patitur:
1425 2605 1513 2690 quod
1538 2614 1675 2672 mutuae
1703 2607 1978 2690 compensationis
2008 2608 2082 2676 vica
2101 2626 2136 2672 se

114 2719 229 2786 abste
257 2738 422 2801 peraeque
444 2717 550 2782 amari
572 2716 682 2783 sentit.
725 2717 832 2783 Porro
854 2714 940 2799 quod
960 2715 1143 2782 multorum
1170 2717 1258 2783 votis
1285 2719 1391 2785 serius
1418 2717 1530 2802 prodit
1554 2718 1652 2799 liber,
1680 2720 1809 2784 utinam
1825 2720 1930 2787 veteri
1951 2719 2136 2802 proverbio,

114 2828 202 2914 quod
226 2829 322 2895 initio
345 2828 423 2895 libri
447 2828 556 2907 citavi,
579 2827 728 2913 legitime
749 2847 907 2895 excusare
928 2847 1073 2912 possem:
1098 2826 1160 2894 Sat
1181 2830 1254 2909 cito,
1277 2829 1306 2895 si
1327 2836 1380 2896 sat
1402 2830 1494 2897 bene.
1533 2828 1602 2897 Sed
1624 2851 1749 2911 vereor,
1772 2853 1815 2896 ne
1833 2830 1964 2911 multos,
1983 2832 2040 2915 qui
2061 2850 2137 2915 par·

114 2942 176 3008 tim
195 2963 238 3007 ex
258 2941 450 3026 argumenti
472 2938 698 3024 amplitudine,
718 2941 840 3024 partim
861 2961 904 3005 ax
924 2939 1071 3023 longiore
1093 2960 1194 3020 mora,
1217 2962 1377 3026 magnum
1395 2942 1456 3009 sibi
1478 2943 1588 3009 nescio
1609 2942 1688 3026 quid
1700 2942 1837 3026 polliciti
1857 2950 1945 3019 sunt,
1968 2943 2041 3027 spei
2058 2963 2137 3009 suae

114 3052 285 3119 frustratio
311 3052 419 3137 magis
441 3051 602 3117 offendat:
625 3073 729 3135 quum
750 3072 804 3117 res
821 3051 923 3135 eopia,
946 3051 1129 3134 splendore,
1152 3053 1363 3120 vehementia
1385 3055 1551 3136 orationis,
1581 3054 1659 3120 totis
1681 3053 1822 3138 denique
1845 3054 2053 3137 eloquentiae
2072 3052 2136 3121 ful·

114 3165 260 3231 minibus
286 3164 438 3248 apprime
460 3162 588 3249 dignas,
612 3163 754 3244 conche,
781 3162 951 3228 humiliter
972 3169 1006 3228 et
1027 3162 1136 3229 ieiune
1158 3165 1337 3250 perstringi
1359 3163 1527 3231 videbunt.
1572 3165 1702 3248 Quibus
1725 3187 1785 3251 ego
1807 3165 1886 3248 quid
1907 3163 2136 3249 respondeam,

115 3298 183 3343 non
206 3277 323 3356 habeo,
344 3277 411 3342 nisi
432 3298 486 3343 me
508 3277 672 3343 rationem
694 3281 870 3359 sequutum
891 3296 972 3355 esse,
996 3296 1096 3358 quam
1117 3276 1186 3342 fore
1200 3277 1564 3360 optimamarbitrabar.
1596 3278 1639 3343 In
1658 3299 1730 3362 quo,
1753 3286 1793 3342 ut
1813 3276 1895 3342 mihi
1917 3277 2137 3357 subscribant,

116 3408 184 3453 non
206 3387 355 3471 postulo:
378 3387 477 3452 modo
498 3389 634 3453 veniam
655 3408 676 3454 a
697 3409 733 3454 se
755 3387 963 3453 dissentienti
986 3385 1064 3453 dare
1086 3409 1154 3453 non
1176 3398 1337 3456 recusent.
1382 3389 1468 3455 Vale
1490 3390 1611 3456 eximie
1634 3391 1695 3470 vir,
1724 3398 1758 3455 et
1778 3391 1881 3455 frater
1903 3389 1987 3455 mihi
2009 3390 2046 3454 in
2067 3388 2136 3454 Do-

117 3499 207 3563 mino
230 3498 507 3566 coniunctissime.
555 3501 724 3579 Generae,
746 3499 807 3565 VI.
831 3499 911 3565 Idus
934 3498 1021 3576 Iulii,
1042 3519 1117 3564 meo
1139 3500 1244 3565 natali
1265 3500 1327 3566 die.
1371 3503 1471 3566 Anno
1493 3502 1539 3566 Μ.
1553 3502 1595 3566 D.
1607 3502 1648 3567 L.

277 3755 307 3821 1)
326 3772 361 3810 en
379 3757 527 3825 gemissant
547 3772 618 3824 pour
635 3755 661 3809 le
679 3762 771 3823 regret
794 3752 893 3823 qu'elle
916 3756 990 3809 avoit
1008 3755 1042 3809 de
1067 3756 1162 3811 s’eatre
1186 3757 1209 3811 si
1232 3757 1297 3826 long
1320 3764 1408 3828 temps
1432 3764 1514 3813 tenue
1537 3774 1571 3813 en
1595 3757 1740 3814 l'idolatrie
1757 3758 1875 3827 Papale,
1899 3758 1952 3814 elle
1972 3758 2138 3813 s'eserioitt

116 3843 201 3898 haute
219 3842 298 3896 vcix:
323 3840 346 3895 0
365 3858 417 3910 que
436 3842 461 3895 ie
480 3842 536 3897 suis
560 3841 695 3896 heureuse
714 3838 813 3895 d’estre
832 3840 915 3894 sortie
934 3839 967 3893 de
987 3842 1205 3897 cestermaudite
1229 3844 1358 3912 captivitd
1376 3844 1410 3898 de
1428 3844 1567 3915 Babylone
1586 3853 1614 3899 et
1632 3861 1685 3914 que
1702 3847 1727 3900 ie
1745 3861 1797 3915 vay
1815 3853 1887 3900 estre
1906 3844 2026 3899 delivree
2044 3844 2078 3899 de
2095 3858 2139 3899 ma

118 3929 243 3984 derniere
261 3929 371 3997 prison!
397 3926 493 3996 Helas,
512 3943 564 3995 que
584 3928 720 3994 seroitce
739 3927 763 3982 si
781 3923 884 3980 i’estois
901 3924 1070 3980 maintenaut
1087 3925 1214 3996 aNoyon
1234 3932 1269 3983 cd
1287 3929 1312 3983 ie
1329 3927 1471 3999 n'oseroye
1492 3932 1583 3985 cuvrir
1601 3931 1628 3984 la
1646 3931 1751 3985 bouche
1770 3946 1841 3999 pour
1859 3929 2000 3985 confessor
2018 3930 2141 3984 l'ranchc·

117 4023 255 4069 mentina
274 4015 338 4084 loy:
353 4026 453 4068 encore
471 4028 523 4081 que
542 4013 584 4067 les
601 4013 727 4067 Prestres
745 4020 773 4066 et
790 4011 904 4080 Moyues
922 4010 1152 4079 desporgeassent
1169 4015 1186 4068 a
1204 4013 1320 4069 l’entour
1338 4016 1372 4069 de
1390 4032 1453 4086 moy
1471 4025 1534 4070 tous
1551 4016 1624 4070 leurs
1642 4016 1828 4085 blasphemes!
1864 4014 1903 4069 Et
1919 4016 1962 4086 icy
1979 4032 2035 4070 non
2053 4014 2138 4070 seule·

117 4110 195 4156 ment
212 4100 264 4171 i‘ay
282 4100 381 4155 liberte
406 4099 440 4153 de
464 4098 569 4153 donner
591 4098 677 4166 gleire
696 4099 713 4152 a
729 4112 793 4151 mon
811 4096 945 4164 Sauveur,
971 4113 1042 4165 pour
1064 4099 1140 4151 venir
1160 4099 1312 4156 hardiment
1329 4100 1430 4156 devant
1447 4102 1507 4171 luy:
1536 4102 1603 4156 mais
1625 4099 1661 4170 i’y
1685 4103 1740 4156 auis
1759 4100 1884 4157 conduite
1903 4117 1954 4170 par
1977 4101 2018 4156 les
2037 4103 2139 4157 bonnet

119 4186 310 4242 exhortatione
328 4200 380 4255 que
398 4201 466 4239 rous
484 4200 527 4238 me
545 4184 626 4239 faites
645 4224 653 4238 .
671 4223 678 4237 .
698 4225 705 4237 .
723 4222 730 4237 .

275 4271 306 4340 2)
325 4271 488 4326 Licatenant
505 4270 542 4325 du
559 4269 621 4337 Roy
639 4271 656 4324 t
673 4267 772 4338 Noyon
790 4275 818 4324 et
835 4268 918 4322 maire
937 4267 971 4323 de
989 4269 1016 4322 la
1033 4269 1108 4324 ville.

278 4357 308 4424 3)
326 4356 401 4413 aad.
419 4364 478 4413 tant
496 4373 529 4411 en
550 4363 625 4411 estes
643 4356 763 4411 asseure.
