4620 5894
147 226 210 287 ιιι
891 218 1160 288 sarcasmo
1183 220 1418 289 nnaoauu
2104 188 2170 284 rso

149 415 202 491 34]
225 430 297 476 esse
319 408 422 475 docet.
466 409 565 476 Unde
585 411 750 493 seqnitur,
776 407 924 494 gladium
951 409 1126 475 incorum
1176 407 1267 492 ipsos
1288 406 1433 493 pudebat
1453 429 1491 475 aa
1513 411 1661 495 pigebat,
1691 410 1824 477 abelus
1845 407 2069 476 mseotatione
2092 407 2168 473 aba·

145 517 251 561 manu
280 516 353 561 esse
378 495 578 577 depositum,
607 516 671 579 quo
694 515 806 562 sanam
839 494 1024 562 doctrinam
1050 516 1126 578 pre·
1177 494 1272 558 tium.
1315 492 1409 559 Adde
1428 494 1514 578 quod
1538 497 1666 561 nullum
1691 492 1838 562 instabat
1855 495 2024 580 gravioris
2042 513 2169 578 poenae

145 590 304 666 pugnent
318 581 343 664 ¹)
388 579 483 662 Quod
512 589 679 665 praestare
705 590 888 664 nequeunt,
918 581 986 647 nisi
1007 582 1125 664 impias
1177 579 1375 662 periculum,
1404 581 1431 645 si
1460 603 1524 664 quo
1545 582 1642 647 modo
1669 583 1784 648 fuisset
1805 581 1976 647 sanabilis.
1990 584 2017 659 ¹)
2061 580 2168 663 Atqui

142 667 349 750 corruptelas
371 668 484 750 poenis
502 667 653 734 cohibere
671 668 816 751 liceat.²)
861 667 1025 732 Desinant
1048 689 1084 731 er
1178 673 1308 730 tantum
1331 665 1435 730 abfuit
1457 689 1476 731 a
1496 669 1684 750 quaerenda
1705 667 1941 746 moderatione,
1976 672 2017 731 ιιι
2037 667 2168 732 iactan-

146 752 271 820 indooti
299 753 462 831 homines,
497 762 531 817 et
558 774 677 837 parum
705 752 912 832 considerati,
938 773 1061 837 negare
1107 773 1126 818 e
1177 752 1242 815 tiae
1264 760 1298 816 et
1318 751 1458 817 ferociae
1476 753 1593 835 plenus
1615 774 1697 819 sana
1717 755 1828 819 omnia
1849 766 1883 818 et
1904 752 2006 817 utilia
2026 751 2168 817 consilia

147 859 247 904 verae
265 838 430 905 doetrinae
447 839 693 922 corruptoribus
706 837 884 905 sumendas
902 859 974 904 esse
992 859 1123 922 poenas,
1176 836 1364 919 petulanter
1391 839 1561 920 respuerit.
1611 840 1717 904 Porro
1745 860 1845 922 quam
1872 836 2041 904 absurdae
2072 857 2166 902 exse-

145 925 210 991 uisi
233 925 342 1007 palam
363 925 436 990 Deo
458 924 645 1008 obstrepere
666 925 781 990 velint
1176 921 1382 1006 araudaeque
1400 923 1621 1008 blasphemiae
1641 925 1692 989 illi
1713 923 2019 1008 interloquendum
2034 921 2166 988 excide-

232 1010 360 1075 Verum
372 1010 529 1093 quidquid
540 1010 581 1075 de
592 1012 664 1074 iure
683 1012 937 1096 magistratuum
949 1009 1125 1093 probatum
1175 1009 1255 1087 rint,
1276 1007 1354 1073 alibi
1376 1009 1460 1074 forte
1481 1013 1697 1093 opportunius
1715 1011 1851 1077 dicetur.
1885 1010 1961 1077 Hoc
1985 1010 2167 1074 tantumn

146 1097 205 1174 sit,
231 1117 287 1161 me
316 1097 448 1179 propria
475 1095 615 1175 invidia,
643 1118 709 1179 qua
736 1119 857 1180 gravor
886 1095 973 1179 apud
993 1096 1123 1174 multos,
1177 1096 1365 1177 praesentia
1399 1103 1557 1160 testatum
1591 1098 1682 1176 volo,
1718 1119 1771 1162 me
1797 1118 1864 1162 non
1896 1098 1943 1161 ita
1977 1094 2167 1178 capitaliter

145 1204 213 1248 non
241 1182 338 1248 levat
383 1181 476 1246 Nihil
505 1183 616 1248 minus
644 1182 792 1249 decuisse
822 1184 932 1261 aiunt,
959 1204 1058 1265 quam
1086 1191 1125 1247 ut
1178 1179 1280 1244 fuisse
1301 1180 1468 1258 infestum,
1490 1182 1568 1264 quin
1592 1183 1720 1248 licitum
1741 1183 1841 1248 fuerit
1861 1183 1917 1249 vel
1939 1181 2012 1246 sola
2035 1179 2166 1246 modes-

145 1266 322 1334 Servetnm
340 1268 496 1350 professis
507 1268 633 1334 Christi
652 1268 802 1334 hostibus
821 1269 914 1351 qnasi
926 1269 1124 1334 immanibus
1182 1266 1244 1343 tia,
1272 1266 1336 1330 nisi
1365 1276 1476 1331 mente
1504 1268 1653 1350 privatus
1680 1270 1778 1349 foret,
1811 1270 1916 1332 vitam
1945 1267 2126 1332 redimere.
2136 1267 2165 1351 ²)

144 1353 257 1419 bestiis
286 1354 469 1420 obiicerem.
525 1355 603 1419 Mea
630 1356 718 1419 enim
747 1376 847 1438 opera
874 1356 995 1419 factum
1024 1355 1124 1419 fuisse
1182 1348 1249 1415 Sed
1279 1352 1390 1417 nescio
1418 1350 1498 1434 quid
1525 1354 1646 1432 dicam,
1680 1356 1743 1421 nisi
1772 1355 1863 1420 fatali
1891 1355 2035 1419 vesania
2063 1353 2166 1419 fuisse

144 1440 319 1515 affirmant,
343 1447 380 1503 ut
400 1439 548 1505 Viennae
569 1441 606 1505 in
629 1440 1027 1525 provinciaLugdunensi
1049 1460 1125 1522 eap-
1179 1443 1380 1520 correptum,
1409 1448 1446 1502 ut
1468 1461 1503 1504 se
1531 1442 1744 1524 praecipitem
1771 1444 1901 1507 iaceret.
1946 1440 2038 1504 Nam
2061 1460 2166 1522 quum

143 1534 198 1591 tus
219 1526 329 1590 fuerit.
374 1523 442 1591 Sed
466 1525 552 1591 unde
574 1527 657 1591 mihi
687 1535 778 1592 tanta
805 1549 879 1592 cum
901 1547 1005 1609 papae
1027 1526 1124 1590 satel-
1176 1531 1252 1606 post
1284 1531 1355 1588 octo
1384 1521 1453 1589 dios
1481 1526 1601 1590 iterum
1631 1548 1737 1592 essem
1763 1526 1958 1610 productus,
1997 1537 2035 1589 et
2062 1525 2167 1590 libera

142 1611 214 1676 litio
235 1618 373 1695 repente
394 1612 620 1678 familiaritas?
651 1612 739 1678 uude
760 1613 860 1678 etiam
881 1621 974 1677 tanta
996 1611 1123 1696 gratia?
1177 1607 1366 1674 conferendi
1388 1609 1557 1676 nobiseum
1577 1612 1625 1676 illi
1648 1613 1781 1677 daretur
1799 1612 1946 1688 facultas,
1970 1631 2008 1676 se
2026 1611 2167 1676 tristitia

145 1696 281 1764 Scilicet
303 1695 457 1762 credibile
479 1698 543 1762 erit
563 1698 677 1764 literas
695 1700 782 1764 inter
800 1719 855 1764 eos
872 1697 958 1762 ultro
977 1700 1124 1780 citroque
1177 1706 1210 1759 et
1232 1695 1319 1760 euris
1341 1694 1493 1779 impediri
1515 1700 1714 1779 praetexuit:
1738 1698 1839 1763 libros
1860 1707 1974 1761 tamen
1996 1716 2165 1779 quoscun-

144 1783 297 1860 volitare,
326 1783 444 1866 quibus
471 1804 539 1848 non
568 1785 679 1849 minus
708 1794 757 1850 ost
779 1785 868 1848 inter
889 1806 925 1849 se
953 1783 1122 1850 dissidium
1176 1802 1239 1863 que
1261 1781 1409 1863 petierat,
1437 1782 1559 1863 partim
1580 1806 1621 1848 ex
1645 1807 1719 1848 mea
1740 1783 1944 1861 bibliotheca,
1972 1783 2104 1865 partim
2125 1780 2165 1847 ab

145 1891 243 1952 quam
266 1868 399 1933 Ohu'sto
425 1889 502 1933 cum
524 1870 640 1935 Belial.
687 1868 799 1951 Quare
827 1870 979 1952 pluribus
1012 1869 1124 1933 verbis
1176 1866 1249 1931 aliis
1269 1872 1343 1945 [pag.
1363 1872 1417 1946 36]
1441 1869 1642 1934 commodato
1662 1870 1825 1935 dederam.
1868 1870 1985 1951 Itaque
2007 1867 2164 1952 probabi·

144 1965 214 2019 tam
236 1955 364 2019 futilem
386 1954 585 2020 calumniam
608 1957 757 2021 refellere
777 1956 861 2021 nihil
884 1957 1012 2034 attinet,
1041 1976 1124 2037 quae
1174 1952 1217 2016 lis
1239 1953 1381 2034 suspicio
1399 1961 1459 2030 est,
1482 1955 1633 2019 alicunde
1645 1977 1731 2021 vana
1743 1956 1864 2022 fiducia
1877 1957 2033 2019 inflatum
2053 1956 2162 2031 irrisae,

145 2041 285 2124 simplici
316 2042 492 2123 negatione
525 2042 630 2106 fracta
662 2042 814 2108 concidit.
860 2043 933 2107 Iam
955 2043 1125 2106 fluxerunt
1176 2059 1260 2121 quae
1282 2037 1376 2101 illum
1397 2037 1586 2121 perdiderit.

145 2129 224 2192 anni
240 2133 380 2209 quatuor
401 2149 443 2191 ex
465 2149 529 2210 quo
552 2126 637 2194 hanc
660 2128 700 2193 de
722 2150 775 2193 me
797 2128 942 2193 fabulam
959 2147 1124 2193 common·
1262 2124 1416 2206 Excipiet
1436 2126 1520 2190 forte
1541 2128 1717 2210 quispiam,
1745 2151 1804 2193 our
1831 2129 1919 2192 ultra
1940 2127 2045 2192 Pauli
2068 2147 2163 2190 man·

144 2220 198 2277 tus
226 2227 278 2276 est
304 2211 464 2277 Servatus
497 2214 583 2295 ipse,
618 2223 652 2278 et
685 2214 904 2298 spargendam
934 2214 1123 2287 Venetiis⁸)
1148 2244 1152 2307 3
1177 2210 1291 2276 datum
1313 2229 1505 2293 progressus
1526 2213 1605 2290 sim,
1639 2215 1694 2296 qui
1717 2213 1905 2297 desperatos
1927 2234 2061 2296 quoque
2085 2212 2163 2277 hae·

144 2298 283 2365 curavit.
335 2296 534 2380 Quanquam
561 2299 714 2364 odiumne
742 2299 827 2363 mihi
856 2299 896 2364 de
923 2299 1027 2363 nihilo
1054 2318 1121 2362 ma·
1176 2296 1295 2360 reticos
1318 2295 1491 2361 Timotheo
1514 2299 1619 2363 solum
1641 2300 1794 2364 vitandos
1816 2320 1888 2365 esse
1905 2299 2032 2365 scribit
2058 2298 2161 2382 Atqui

144 2383 235 2467 ligne
257 2384 399 2448 conflare
422 2383 573 2461 voluerit,
597 2405 641 2449 an
662 2385 745 2448 falso
767 2386 952 2467 suspicatus
974 2386 1018 2449 sit
1039 2383 1125 2467 quod
1149 2426 1151 2461 ,
1176 2381 1260 2445 mihi
1282 2382 1317 2444 in
1348 2392 1504 2465 promptu
1536 2395 1587 2448 est
1613 2387 1795 2451 excusatio:
1829 2386 1911 2450 mihi
1937 2386 2022 2450 satis
2049 2386 2160 2462 fuisse,

145 2469 324 2545 scribebat,
358 2490 425 2534 non
455 2468 597 2552 disputo.
649 2472 794 2535 Tantum
827 2491 962 2553 quaero:
998 2472 1025 2535 si
1058 2471 1124 2534 iam
1149 2464 1152 2513 t
1177 2467 1360 2545 hominem,
1383 2469 1477 2533 cuius
1500 2469 1670 2553 deplorata
1691 2471 1844 2554 impietas
1873 2471 1955 2535 mihi
1977 2479 2060 2537 nota
2082 2482 2160 2545 erat,

145 2564 224 2620 tuno
247 2575 321 2619 meo
342 2553 465 2620 indicio
482 2555 632 2638 proditus
654 2557 769 2634 fuerat,
791 2558 847 2638 qui
868 2558 992 2622 fautum
1014 2564 1065 2622 est
1087 2564 1125 2620 ιιι
1178 2555 1299 2630 vitare,
1325 2562 1358 2615 et
1386 2554 1467 2620 alios
1495 2577 1629 2621 mouere
1656 2565 1694 2622 ut
1715 2558 1803 2622 idem
1826 2559 1985 2623 facerent:
2018 2557 2079 2622 sed
2106 2557 2160 2623 illa

145 2641 326 2705 triennium
356 2641 486 2722 quietus
513 2650 547 2705 et
574 2642 646 2706 sine
672 2641 838 2720 molestia,
872 2651 950 2708 ante
978 2643 1124 2708 hostium
1149 2668 1152 2735 ι
1178 2638 1316 2705 cavendi
1338 2639 1513 2722 prudentia
1533 2664 1641 2725 neque
1662 2664 1717 2708 me
1734 2665 1841 2727 neque
1858 2643 1960 2708 alium
1978 2642 2160 2725 quemlibet

145 2726 255 2792 oerrlos
293 2725 513 2810 transigeret?
564 2728 664 2792 (lerte
690 2736 748 2792 aut
779 2728 959 2794 concedant
990 2748 1125 2794 necesse
1149 2738 1153 2861 ι
1177 2726 1278 2790 fuisse
1306 2725 1518 2808 impeditum,
1552 2730 1726 2810 quominus
1748 2730 1884 2813 quisque
1913 2729 2048 2811 piorum
2076 2749 2159 2795 coer-

144 2821 204 2890 est,
226 2813 402 2878 confictum
424 2812 526 2877 fuisse
549 2812 589 2878 de
608 2835 662 2878 me
679 2814 820 2880 crimen:
843 2823 901 2879 aut
917 2815 992 2898 plus
1012 2822 1125 2880 saneto
1178 2811 1320 2876 cendum
1351 2832 1410 2894 pro
1443 2811 1552 2878 oblata
1584 2813 1646 2880 sibi
1678 2815 1834 2881 facultate
1868 2825 2009 2880 curaret
2067 2815 2157 2881 Idem

144 2918 204 2962 suo
224 2899 366 2981 martyri
388 2899 513 2964 favoris
534 2899 637 2964 fuisse
666 2899 754 2982 apud
777 2901 937 2984 papistas,
968 2922 1066 2983 quam
1088 2906 1126 2964 ut
1177 2896 1353 2980 apostolus,
1376 2897 1432 2979 qui
1464 2908 1595 2964 tantum
1617 2922 1638 2965 a
1655 2922 1832 2984 congressu
1866 2900 2026 2966 haeretici
2050 2901 2158 2966 Timo

142 2983 192 3049 illi
215 3004 290 3048 mea
319 2985 482 3050 accusatio
512 2985 690 3069 quidquam
719 2995 861 3053 noceret.
906 2987 976 3052 Neo
995 3007 1074 3051 vero
1097 2986 1126 3049 si
1178 2983 1294 3047 theum
1325 2983 1493 3065 prohibet,
1532 3007 1567 3050 se
1599 2986 1832 3072 Hymenaeum
1869 2998 1902 3052 et
1928 2986 2157 3053 Alexandrum

143 3091 221 3136 vere
242 3068 277 3133 id
298 3069 381 3134 mihi
402 3069 590 3148 obliterant,
618 3080 769 3154 putarem
792 3094 863 3138 esse
885 3071 1028 3157 negandi
1049 3093 1125 3138 oau-
1150 3080 1153 3145 l
1178 3068 1323 3134 Satanae
1346 3069 1520 3136 tradidisse
1547 3072 1656 3154 palam
1678 3076 1809 3151 asserit,
1844 3085 1883 3138 ut
1905 3073 2075 3139 discerent
2096 3094 2156 3139 non

143 3177 228 3236 sam,
254 3156 313 3238 qui
334 3176 401 3220 non
424 3155 611 3235 dissimulo,
640 3179 694 3223 me
712 3167 826 3224 autore
848 3159 972 3225 factum
995 3178 1066 3223 esse
1088 3165 1126 3223 ιιι
1177 3154 1405 3238 blasphemare
1438 3162 1482 3234 (l.
1506 3157 1589 3221 Tim.
1624 3164 1658 3234 l,
1686 3163 1752 3231 20).
1802 3158 1841 3224 Si
1873 3172 1950 3225 tuno
1979 3160 2088 3225 Paulo
2118 3157 2157 3223 ad

142 3243 178 3306 in
200 3241 262 3307 hae
285 3246 359 3321 [pag.
373 3247 427 3321 35]
447 3243 530 3308 urbe
551 3242 776 3327 deprehensus
794 3243 836 3310 ad
857 3266 992 3310 causam
1014 3243 1124 3310 dicen·
1176 3261 1312 3306 manum
1333 3241 1449 3306 fuisset
1469 3243 1544 3326 pius
1566 3245 1779 3327 magistratus
1802 3256 1835 3310 et
1856 3257 2016 3311 strenuus
2038 3246 2157 3330 gloriae

144 3326 221 3392 dam
256 3328 487 3410 postularetur.
539 3328 745 3413 Obstrepunt
772 3331 851 3397 lieet
885 3331 937 3396 vel
971 3331 1125 3398 malevoli
1176 3325 1301 3392 Christi
1325 3326 1460 3391 vindex:
1495 3349 1556 3412 ego
1585 3330 1717 3413 quidem
1745 3352 1811 3396 non
1845 3331 1958 3396 dubito
1988 3331 2073 3414 quin
2095 3330 2156 3394 illis

142 3413 197 3479 vel
219 3413 370 3479 maledici
395 3413 560 3489 homines,
591 3436 651 3498 ego
679 3416 821 3481 libenter
851 3418 956 3483 fateor
984 3440 1022 3483 ac
1044 3437 1124 3500 prae
1175 3412 1361 3495 puniendos
1393 3413 1535 3478 libenter
1566 3414 1704 3480 daturus
1733 3418 1846 3493 fuerit,
1882 3437 1964 3498 quos
1999 3417 2156 3501 permissa

143 3521 197 3563 me
218 3500 287 3563 fere
309 3501 399 3582 (quia
420 3499 601 3565 seeundum
622 3502 713 3566 urbis
737 3502 826 3587 leges
848 3504 944 3568 aliter
966 3525 1042 3569 eum
1064 3502 1122 3566 ho·
1176 3499 1238 3563 sibi
1261 3498 1420 3563 divinitus
1441 3501 1654 3583 castigatione
1676 3502 1711 3565 in
1732 3503 1881 3567 ordinem
1904 3504 2052 3586 cogebat
2092 3503 2153 3567 Ne·

143 3585 234 3648 mine
255 3586 327 3648 iure
353 3586 407 3669 agi
429 3606 497 3650 non
519 3588 660 3668 poterat)
691 3610 733 3652 ex
761 3610 814 3653 me
841 3589 1001 3671 prodiisse
1028 3609 1123 3654 acen·
1176 3604 1239 3666 que
1271 3585 1359 3648 enim
1393 3584 1479 3667 quod
1512 3587 1594 3650 mihi
1627 3595 1661 3651 st
1692 3587 1842 3654 omnibus
1874 3589 1969 3654 verbi
1998 3589 2153 3654 ministris

144 3677 303 3735 satorem:
327 3692 387 3736 neo
407 3671 531 3736 infitior
552 3693 625 3737 meo
643 3673 778 3738 consilio
797 3674 951 3739 dictatam
969 3695 1041 3739 esse
1059 3675 1123 3738 for·
1176 3669 1414 3751 praescriptum
1446 3680 1509 3748 est,
1550 3671 1673 3738 iudices
1705 3675 1900 3759 constringit
1933 3694 1972 3740 ae
2007 3676 2090 3759 ligat
2116 3693 2153 3737 ne

144 3756 284 3832 mulam,
314 3776 378 3839 qua
399 3760 572 3839 patefieret
593 3758 710 3840 aliquis
732 3760 767 3823 in
790 3779 921 3825 causam
944 3761 1122 3844 ingressus.
1176 3776 1298 3820 munus
1328 3755 1391 3820 sibi
1423 3756 1583 3822 divinitus
1611 3760 1796 3825 iniunctum
1824 3769 2018 3826 exerceant:
2051 3782 2089 3826 ao
2116 3780 2153 3824 ne

144 3842 337 3919 Caeterum,
364 3842 445 3924 quid
470 3844 552 3907 mihi
582 3852 660 3910 tuuc
688 3845 789 3910 fuerit
817 3846 959 3925 consilii,
990 3867 1031 3910 ex
1053 3847 1124 3928 ipso
1149 3900 1151 3913 .
1176 3841 1259 3904 mihi
1281 3840 1413 3924 quidem
1434 3843 1549 3921 obstat,
1574 3855 1741 3909 uteorum
1759 3845 2153 3930 praesidiofideiqueDei

145 3928 263 3993 deinde
285 3929 422 3994 actionis
444 3950 621 4014 progressu
639 3931 799 4013 apparuit.
845 3931 954 3996 Simul
976 3932 1065 3996 enim
1087 3952 1125 3996 ao
1149 3944 1151 4017 ξ
1176 3929 1359 4006 veritatem,
1383 3926 1439 3993 ubi
1459 3929 1508 3993 ita
1527 3951 1609 4012 opus
1631 3940 1689 4010 est,
1713 3932 1947 3997 commendem.

144 4015 254 4079 vocati
276 4035 391 4079 sumus
413 4035 473 4099 ego
496 4025 528 4080 et
551 4015 694 4100 collegae
717 4017 797 4095 mei,
824 4018 962 4082 minime
983 4039 1043 4100 per
1066 4020 1152 4101 nos,
1263 4014 1336 4078 lam
1365 4014 1394 4078 si
1427 4015 1500 4097 quis
1534 4016 1702 4081 hominem
1734 4029 1801 4081 tam
1834 4019 2029 4100 pestiferum
2058 4019 2152 4083 fuisse

145 4101 237 4166 stetit
258 4100 431 4183 quominus
453 4100 579 4183 placide
604 4103 775 4167 nobiscum
804 4101 844 4168 de
870 4105 939 4168 suis
962 4102 1125 4188 dogmati-
1149 4136 1152 4239 Ι
1178 4120 1245 4163 non
1267 4109 1362 4182 putat
1384 4107 1421 4164 ut
1444 4100 1609 4166 tollendus
1632 4104 1732 4167 fuerit
1753 4127 1771 4168 e
1793 4102 1915 4181 medio,
1945 4104 2009 4168 hoo
2031 4123 2153 4187 quoquo

144 4186 206 4251 bus
228 4187 374 4252 conferre
396 4187 537 4253 liberum
559 4187 607 4251 illi
627 4195 722 4253 esset
766 4189 840 4254 lmo
860 4188 996 4272 perinde
1018 4210 1125 4256 acces·
1149 4244 1152 4267 ,
1178 4204 1289 4250 errore
1307 4185 1433 4251 sobrios
1462 4197 1496 4250 et
1523 4187 1643 4253 dociles
1673 4191 1817 4254 breviter
1834 4189 2019 4273 expediam.
2065 4192 2153 4255 Duas

145 4271 248 4337 simus
280 4293 317 4337 aa
346 4274 373 4337 si
401 4295 443 4337 ex
476 4273 617 4339 vinculis
645 4273 812 4340 reddenda
844 4284 932 4340 esset
958 4274 1125 4340 doetrinae
1150 4274 1152 4303 ²
1178 4290 1249 4336 esse
1276 4291 1391 4337 causas
1420 4275 1492 4337 sani
1524 4294 1637 4339 omnes
1665 4274 1859 4351 concedent,
1894 4297 1953 4340 our
1982 4275 2153 4358 puniendis

145 4366 277 4422 nostrae
298 4359 397 4422 ratio:
418 4381 455 4424 ac
477 4360 504 4423 si
529 4358 607 4441 quid
629 4360 793 4439 obiiceret,
817 4362 927 4426 testati
940 4383 1053 4428 sumus
1065 4383 1124 4427 nos
1150 4312 1152 4409 b
1178 4356 1334 4422 falsorum
1358 4357 1550 4441 dogmatum
1578 4359 1745 4424 autoribus
1773 4361 1877 4425 maior
1904 4361 2095 4427 adhibenda
2115 4363 2154 4426 sit

36 4522 42 4531 „
144 4444 185 4508 ad
203 4444 470 4526 respondendum
489 4452 620 4527 paratos
642 4466 721 4510 esse.
755 4443 867 4526 Quum
886 4446 992 4530 plenis
1014 4447 1125 4513 buccis
1177 4444 1349 4507 severitas:
1390 4446 1418 4508 si
1450 4445 1609 4509 indomita
1640 4447 1684 4510 sit
1717 4467 1830 4510 eorum
1863 4450 2090 4527 contumacia,
2120 4458 2153 4510 ut

145 4531 290 4595 convicia
318 4531 456 4594 subinde
486 4533 520 4594 in
547 4553 600 4596 me
629 4542 810 4611 evomeret,
840 4554 979 4615 quorum
1000 4534 1124 4599 iudices
1177 4528 1307 4611 reprobi
1343 4537 1376 4592 et
1415 4551 1434 4593 a
1473 4553 1508 4594 se
1541 4532 1620 4612 ipsis
1663 4531 1808 4597 damuati
1848 4554 1967 4598 nocere
2002 4546 2152 4618 pergant:

1149 4614 1311 4745 ideinde,
1352 4616 1380 4679 si
1420 4615 1614 4682 detestanda
1647 4620 1690 4683 sit
1725 4640 1763 4684 ao
1802 4619 1938 4684 minime
1979 4617 2153 4685 tolerabilis

215 4801 243 4868 1)
263 4802 336 4857 Aac.
355 4803 444 4871 quaud
463 4803 556 4858 basciu
576 4820 651 4872 sera,
677 4807 817 4873 punissaut
842 4806 881 4860 les
906 4803 1061 4875 he'retiques
1080 4808 1125 4875 qui

145 4871 172 4925 la
188 4883 353 4925 renuersent.
1246 4872 1275 4937 1)
1294 4872 1368 4926 Add.
1387 4883 1414 4927 et
1432 4872 1495 4942 qu’il
1514 4882 1574 4927 eust
1592 4875 1680 4928 donne
1698 4875 1790 4943 espoir
1808 4874 1841 4928 de
1861 4882 2007 4930 retourner
2024 4878 2041 4931 a
2058 4876 2126 4930 bien.

216 4939 247 5006 2)
266 4940 340 4994 Add⁴
363 4938 392 4994 Si
409 4941 469 4994 cela
486 4959 503 4996 ι
522 4944 580 4997 este
599 4942 653 4996 diet
670 4941 706 4997 du
723 4949 777 4996 tem
799 4959 811 4997 s
830 4942 893 5012 qu’il
911 4941 955 5014 n’y
973 4944 1046 4999 avoit
1063 4944 1124 4998 nula
1245 4941 1276 5009 2)
1296 4941 1370 4996 Add.
1395 4942 1432 4995 Et
1457 4940 1510 4995 afin
1537 4941 1617 5010 qu’on
1641 4959 1675 4996 ne
1703 4943 1761 4996 dise
1788 4942 1852 5010 qu’il
1880 4943 1963 4997 estoit
1992 4945 2151 4999 constanti

144 5007 256 5063 Princes
275 5009 425 5063 chrestiens
443 5027 461 5079 y
478 5026 495 5064 a
512 5010 531 5063 il
548 5027 659 5080 propos,
678 5011 767 5079 quand
777 4959 845 5066 blau
864 5028 897 5067 en
915 5012 1012 5081 donne,
1031 5011 1065 5067 de
1084 5012 1125 5068 les
1177 5011 1319 5066 maintenir
1343 5028 1392 5066 son
1416 5010 1540 5079 opinion,
1564 5027 1594 5065 ee
1613 5009 1723 5066 n'astoit
1745 5012 1821 5079 point
1846 5012 1905 5064 cela
1930 5013 1976 5080 qui
1999 5013 2024 5066 le
2042 5013 2149 5066 menois:

146 5076 276 5133 dessaisir
293 5077 327 5131 de
346 5085 420 5132 ceste
438 5079 593 5134 authorite?
1178 5096 1225 5134 oar
1243 5082 1259 5134 a
1277 5079 1378 5134 Vienna
1402 5080 1422 5133 il
1446 5077 1534 5134 n’eust
1552 5094 1602 5148 pas
1619 5087 1684 5134 tenu
1708 5083 1724 5135 ι
1743 5096 1771 5132 se
1790 5079 1897 5133 desdire
1917 5088 1977 5134 tant
1999 5081 2078 5150 qu'on
2095 5088 2148 5133 eust

214 5145 244 5213 3)
264 5145 338 5201 Ado.
361 5154 389 5200 et
406 5149 423 5201 ι
441 5146 560 5201 Padoue.
1150 5144 1153 5185 Ι
1177 5149 1268 5214 voulu,
1288 5147 1329 5203 s’il
1348 5158 1409 5202 eust
1426 5164 1480 5216 peu
1498 5149 1657 5218 eschapper.
