4620 5894
157 161 227 242 'aa

161 367 285 446 veniat,
309 368 366 449 qui
388 369 565 436 efficaciter
586 392 699 437 omnes
716 381 838 452 movet,
861 374 916 456 qui
939 374 980 439 ad
1003 374 1145 440 salutem

162 461 242 516 sunt
263 453 524 534 praedestinati?

358 643 592 726 Respondit
613 645 909 730 Hieronymus:
924 649 949 731 ¹)

251 793 322 860 Sibi
342 818 404 862 aaa
425 798 603 863 siderites
619 800 847 882 potiusquam
865 801 937 866 iilos
951 804 994 868 ad
1010 805 1144 872 salutem

159 883 411 964 praedestinatos
439 904 513 948 esse.
565 883 729 949 Caeterum
755 887 910 953 medentes
935 890 1060 955 credere
1082 911 1144 971 per

159 967 301 1050 pratiam
323 968 486 1050 dicacem.
535 970 693 1051 Quantam
720 973 764 1037 ad
790 974 977 1053 incredulos,
1004 977 1144 1059 qratiam

162 1051 229 1117 Dei
255 1073 335 1134 qaae
361 1057 482 1120 medere
508 1057 586 1137 facit
614 1076 676 1121 aaa
703 1077 769 1123 esse
796 1058 865 1125 iltis
886 1060 1039 1142 efficacem
1063 1063 1143 1144 qaia

162 1159 231 1203 eam
260 1160 323 1221 pro
360 1142 510 1224 dipaitate
543 1162 604 1206 aaa
637 1145 810 1210 aestimant.
866 1145 954 1227 and
982 1166 1052 1231 erpo
1079 1170 1142 1214 aaa

161 1224 305 1376 mma,
333 1248 395 1293 aaa
422 1227 486 1294 Det
514 1227 567 1292 boc
592 1229 664 1309 lieri
685 1229 803 1296 decreto
828 1232 885 1296 sed
913 1252 1019 1297 eorum
1045 1234 1142 1301 rebel·

429 1504 654 1587 Excipiunt
676 1506 872 1570 ministri:

246 1655 345 1738 Quod
362 1666 463 1742 negat
479 1661 637 1744 magister
648 1660 874 1747 Hieronymus
891 1662 976 1728 ullos
993 1662 1035 1727 ad
1052 1663 1141 1728 salu·

159 1750 228 1808 tem
250 1764 329 1826 prae
358 1744 432 1810 aliis
460 1745 629 1810 ordinatos
651 1767 737 1823 esse,
765 1746 799 1811 id
826 1748 925 1812 Pauli
952 1749 1140 1814 testimonio

157 1851 293 1913 prorsus
323 1830 534 1911 adversatur,
579 1853 681 1914 quum
719 1832 815 1899 docet
846 1835 996 1900 misereri
1028 1835 1140 1900 Deum

157 1918 252 1982 euius
270 1916 343 1982 vult
365 1925 424 1983 etc.
449 1917 559 1999 (Rom.
575 1924 605 1996 9,
631 1917 694 2002 lt),
717 1928 752 1984 et
772 1920 875 2002 ipsius
896 1921 961 1985 Dei
982 1941 1139 2004 responso

156 2002 243 2085 qnod
266 2004 408 2068 refertur
436 2023 456 2067 a
477 2004 594 2088 Moyse
617 2003 737 2087 (Exod.
766 2011 819 2085 13,
846 2006 916 2088 15),
940 2007 1020 2071 item
1042 2006 1138 2072 alteri

154 2087 256 2154 Pauli
278 2091 475 2168 sententiae,
498 2097 628 2156 sanctos
650 2090 830 2177 secundum
851 2091 916 2157 Dei
933 2094 1137 2175 propositum

155 2183 288 2240 vocatos
319 2195 391 2240 esse
425 2175 534 2253 (Rom.
559 2179 595 2254 8,
624 2178 689 2248 281.
735 2175 832 2257 Quod
865 2186 979 2260 postea
1007 2179 1135 2260 attexit,

154 2260 288 2325 credere
310 2281 369 2344 per
390 2261 531 2345 gratiam
554 2283 609 2326 eos
630 2265 686 2344 qui
704 2263 851 2343 credunt,
870 2264 1064 2346 perplexum
1086 2274 1137 2330 est

154 2355 190 2410 et
223 2367 325 2430 pravo
357 2347 475 2412 cavillo
506 2347 701 2414 involutum.
754 2347 880 2415 Omnes
911 2350 1001 2415 enim
1033 2371 1136 2433 quum

152 2442 274 2498 natura
291 2432 454 2498 increduli
471 2434 539 2499 sint
556 2445 590 2498 et
606 2434 693 2500 malo
710 2433 840 2515 addicti,
861 2457 958 2501 nemo
976 2435 1018 2500 ad
1035 2435 1135 2501 fidem

127 2559 132 2567 -
151 2520 269 2584 venire
284 2530 392 2601 potest
409 2520 474 2585 nisi
492 2521 584 2585 cuius
602 2541 658 2586 cor
669 2522 856 2586 Densserio
875 2522 983 2587 afficit.
1008 2520 1134 2602 Quem·

152 2603 330 2670 admodum
352 2606 463 2671 Lucas
490 2607 607 2671 recitat
633 2607 722 2688 (Act.
750 2612 804 2684 16,
830 2608 884 2689 14)
908 2629 963 2674 cor
984 2608 1133 2673 mulieris

150 2692 253 2757 fuisse
280 2700 433 2775 apertum
461 2701 498 2756 ut
525 2692 624 2757 Pauli
651 2690 820 2759 doctrinae
845 2693 1000 2760 obediret.
1044 2694 1132 2760 Item

153 2787 304 2860 apertam
330 2779 431 2843 tuisse
465 2787 611 2843 mentem
640 2778 808 2861 discipulis
841 2787 881 2844 ut
906 2780 1134 2865 intelligerent

151 2864 333 2947 scripturas
363 2864 460 2947 (Luc.
485 2867 542 2941 24,
573 2866 640 2948 45).
684 2864 847 2931 Similiter
874 2865 1029 2932 Christus
1057 2887 1132 2949 pro·

149 2952 297 3030 nunciat,
321 2952 434 3017 venire
455 2949 497 3014 ad
520 2972 555 3015 se
577 2972 691 3017 omnes
714 2952 768 3034 qui
791 2959 926 3034 epatre
948 2951 1133 3019 didicerunt

150 3036 282 3119 (Ioann.
307 3040 337 3116 6,
359 3035 427 3118 45).
454 3037 558 3118 Atqui
579 3038 688 3119 palam
711 3044 762 3102 est
783 3060 849 3102 non
870 3059 985 3104 omnes
1007 3039 1130 3103 venire.

148 3122 249 3191 Unde
271 3125 421 3205 sequitur
445 3144 512 3187 non
534 3145 647 3188 omnes
664 3124 1003 3275 aequaliteffiiritus
1025 3124 1133 3208 gratia

150 3209 247 3276 affici.
281 3210 387 3276 Porro
405 3209 556 3292 magistri
575 3209 774 3293 Hieronymi
792 3231 829 3274 cc
907 3230 964 3273 um
983 3217 1041 3285 est,
1063 3229 1132 3274 non

149 3296 251 3362 aliam
282 3295 408 3379 gratiae
436 3296 501 3360 Dei
534 3296 711 3361 efficaciam
745 3295 904 3373 tribuere,
935 3294 1001 3359 nisi
1032 3315 1131 3377 quam

148 3382 294 3448 liberum
323 3381 465 3446 hominis
494 3381 668 3447 arbitrium
702 3381 751 3444 illi
784 3379 919 3446 dederit.
970 3381 1133 3446 Fatentur

149 3467 297 3552 quidem,
331 3468 462 3550 culpam
491 3489 592 3551 penes
613 3467 769 3549 reprobos
790 3466 928 3532 haerere
957 3466 1042 3549 quod
1064 3486 1132 3531 non

148 3554 306 3632 eredunt,
340 3563 375 3618 et
403 3575 517 3620 eorum
550 3553 772 3618 contumaciae
800 3552 1028 3635 imputandam
1052 3573 1133 3629 esse,

148 3662 221 3706 non
232 3641 298 3706 Dei
316 3639 455 3717 decreto,
475 3640 572 3722 idque
591 3639 722 3704 assiduo
740 3639 908 3705 inculcant
925 3637 1012 3720 apud
1029 3659 1133 3721 popu-

927 169 1112 254 110111
1134 185 1199 253 nn
1221 186 1414 257 consue.

1394 377 1627 460 Respondit
1648 380 1978 467 Hieronymus:¹)

1284 529 1389 595 Deam
1411 553 1476 597 esse
1498 534 1553 612 qai
1574 553 1626 598 cor
1643 555 1792 599 carneam
1810 536 1912 602 reddit
1930 541 1957 601 ct
1974 543 2105 602 merrtem
2121 540 2178 606 dat

1197 635 1341 698 capacem
1364 617 1581 701 intellipeadae
1603 619 1717 685 sciatis
1733 621 1901 701 doetrinae,
1922 622 2086 705 ipsamque
2103 624 2177 690 iiia·

1195 703 1299 767 minat
1326 708 1353 767 et
1375 707 1486 784 postea
1513 706 1635 770 credere
1655 706 1747 786 facit,
1775 712 1804 772 et
1826 706 1958 772 subinde
1971 710 2178 792 propreditar

1195 789 1280 854 acac
1307 808 1370 854 sua
1395 795 1422 853 et
1443 792 1569 872 pretias
1590 792 1733 874 aapeade
1755 793 1791 857 ia
1813 790 1914 858 electis
1933 795 2018 874 saie,
2045 793 2101 860 boc
2121 799 2177 874 est,

1196 874 1232 939 im
1253 872 1306 938 iris
1327 878 1383 956 pai
1398 875 1533 958 perfecte
1554 877 1689 943 credunt.

1461 1080 1689 1165 Excipiunt
1709 1083 1908 1148 ministri:

1281 1233 1509 1318 Tergiversari
1548 1234 1809 1321 Hieronymum,
1851 1257 1912 1301 noc
1946 1235 2036 1302 aliud
2075 1258 2175 1321 quam

1194 1340 1300 1402 nugas
1323 1327 1444 1385 texere.
1489 1320 1657 1404 Rogatus,
1676 1343 1720 1386 an
1743 1342 1811 1386 non
1833 1321 1946 1388 electis
1967 1323 2035 1389 suis
2057 1323 2175 1388 Domi·

1193 1425 1266 1484 nus,
1285 1405 1374 1470 ultra
1390 1405 1589 1484 facultatem,
1608 1406 1707 1472 simul
1726 1409 1827 1472 etiam
1843 1406 2053 1474 voluntatem
2064 1407 2173 1490 donet,

1193 1489 1369 1574 respondet
1396 1490 1468 1556 dari
1494 1513 1550 1558 cor
1577 1512 1696 1575 capax,
1727 1513 1790 1576 quo
1818 1493 1997 1576 significat,
2025 1494 2109 1560 nihil
2131 1515 2174 1560 ex

1193 1597 1229 1642 se
1246 1576 1318 1661 ipsa
1334 1597 1430 1659 posse
1441 1578 1505 1642 Dei
1585 1579 1675 1656 tiam,
1693 1579 1759 1643 nisi
1776 1586 1939 1661 quatenus
1951 1578 2055 1645 libero
2066 1580 2173 1645 homi·

1191 1682 1276 1727 num
1304 1661 1441 1728 arbitrio
1465 1663 1523 1728 red
1547 1667 1614 1728 itur
1634 1664 1766 1743 efficax,
1799 1683 1837 1729 ae
1867 1663 1896 1730 si
1924 1664 2017 1730 Deus
2037 1667 2075 1730 in
2097 1686 2173 1732 aere

1191 1768 1314 1832 pyrum
1342 1769 1538 1832 suspensum
1566 1758 1710 1830 teneret,
1744 1751 1868 1815 sineret
1900 1757 2011 1815 autem
2037 1751 2173 1850 proprio

1214 1835 2174 2004 11111111111111111111

1190 2004 1315 2072 Paulus
1333 2014 1448 2072 contra
1464 2013 1614 2086 testatur,
1633 2030 1699 2073 non
1717 2007 1857 2073 volentis
1875 2026 1957 2098 esse,
1974 2027 2081 2090 neque
2098 2027 2172 2073 cur·

1190 2091 1304 2172 rentis,
1327 2093 1386 2158 sed
1407 2092 1594 2159 miserentis
1615 2092 1680 2159 Dei
1701 2093 1811 2176 (Rem.
1836 2097 1866 2171 9,
1892 2096 1956 2174 16).

1428 2449 1705 2532 Quaesierunt
1731 2449 1931 2515 ministri:

1272 2607 1397 2670 Annon
1424 2613 1500 2688 post
1523 2604 1656 2670 ruinam
1685 2604 1780 2671 Adae
1813 2605 1862 2670 ita
1895 2604 2027 2687 penitus
2055 2603 2173 2670 nudati

1184 2691 1252 2756 sint
1274 2690 1426 2757 homines
1454 2690 1556 2758 libero
1579 2691 1730 2770 arbitrio,
1759 2699 1797 2756 ut
1818 2688 1903 2754 nihil
1925 2711 2025 2773 quam
2046 2689 2172 2756 malum

1183 2777 1292 2842 iacere
1312 2778 1438 2861 possint
1461 2775 1565 2842 donec
1584 2775 1824 2843 reformentur?

1382 2964 1615 3048 Respondit
1636 2964 1969 3048 Hieronymuszi)

1271 3119 1440 3186 Horainem
1460 3140 1523 3184 aon
1543 3118 1647 3201 faisse
1669 3117 1762 3183 libere
1785 3117 1919 3183 arbitrio
1936 3118 1972 3182 im
1989 3120 2171 3200 1111111111-

1184 3206 1298 3271 liatam
1322 3205 1438 3286 (factm
1464 3205 1548 3269 enim
1577 3209 1654 3269 esset
1682 3202 1810 3268 matam
1839 3203 1963 3268 am'mai
1992 3207 2022 3267 et
2047 3202 2171 3268 ratione

1184 3292 1342 3374 vomam).
1389 3288 1460 3355 Sed.
1479 3289 1649 3354 arbitrium
1677 3290 1745 3353 cias
1772 3289 1893 3355 mansel
1917 3287 2171 3354 calamatamet

1185 3381 1377 3458 corruptam,
1400 3380 1436 3441 at
1456 3396 1558 3458 saepe,
1580 3375 1690 3456 atsere
1704 3394 1836 3457 semper,
1853 3373 1966 3440 boram
1983 3373 2170 3439 radicaverit

1185 3461 1305 3527 matam
1333 3481 1399 3526 esse
1431 3467 1460 3527 et
1492 3461 1612 3527 matam
1640 3461 1761 3526 boram
1815 3460 1951 3542 Ideoque
1978 3477 2100 3539 seraper
2127 3458 2171 3524 ad

1186 3547 1422 3632 intellipeadam
1450 3553 1478 3613 et
1503 3547 1690 3630 sequendam
1711 3546 1775 3610 Dei
1806 3546 1902 3630 iepem
1924 3543 2171 3628 apostatasse

1186 3633 1251 3701 Dei
1271 3634 1393 3718 pratia,
1422 3633 1520 3699 etad
1548 3633 1733 3700 medendam
1761 3652 1840 3715 opas
1868 3631 2014 3698 11111111
2040 3627 2171 3713 speciali

148 3728 233 3803 lum,
257 3726 314 3792 sed
336 3727 414 3791 hinc
436 3746 608 3810 perperam
631 3725 806 3809 colligitur,
829 3747 895 3790 non
916 3722 1052 3790 destitui
1069 3725 1135 3790 Dei
1183 3721 1291 3804 pratia
1313 3725 1341 3786 et
1362 3721 1549 3786 attractione.

151 3814 273 3896 spiritu
295 3814 352 3894 qui
373 3812 536 3877 increduli
558 3821 702 3876 manent.

393 4171 672 4253 Quaesierunt
693 4169 893 4233 ministri:

241 4330 366 4393 Annon
399 4329 446 4392 ita
473 4334 629 4408 operetur
655 4324 749 4389 Deus
776 4325 812 4387 in
845 4325 913 4389 suis
946 4323 1058 4389 electis
1087 4334 1134 4402 ut,

1446 3907 1681 3990 Excipiunt
1708 3905 1904 3971 ministri:

1272 4062 1366 4128 Haeo
1387 4062 1521 4145 propria
1542 4081 1614 4126 esse
1635 4061 1784 4143 papistae
1804 4060 1921 4135 verba,
1944 4059 2025 4122 dum
2045 4057 2169 4121 fatetur

1186 4149 1346 4231 magister
1377 4147 1603 4232 Hieronymus
1641 4146 1808 4210 hominem
1837 4144 1903 4208 Dei
1944 4142 2052 4227 gratia
2085 4160 2168 4224 opus

1258 4351 1288 4419 1)
1306 4352 1397 4421 ipsum
1416 4352 1503 4406 Deum
1522 4367 1583 4406 esse
1602 4352 1647 4419 qui
1665 4349 1712 4404 dat
1728 4347 1811 4403 corda
1830 4361 1930 4400 carnea
1948 4344 1982 4400 ad
2001 4344 2168 4399 intellectum

150 4412 494 4501 praeterquamquod
522 4411 563 4476 ad
590 4409 810 4494 recipiendam
838 4410 979 4493 gratiam
1000 4409 1135 4474 idoncos
1189 4437 1326 4501 capacem,
1346 4419 1561 4500 adnaudiendum
1579 4418 1691 4474 verbum
1710 4417 1819 4470 salutis:
1838 4416 1936 4496 quique
1955 4413 2068 4495 eundem
2087 4412 2167 4466 intel·

150 4500 277 4577 reddit,
308 4500 405 4565 simul
428 4501 527 4564 etiam
551 4497 648 4564 corda
670 4517 784 4561 eorum
807 4496 926 4561 formet
947 4503 984 4559 ut
1005 4515 1042 4559 re
1064 4496 1136 4577 ipsa
1188 4494 1288 4547 lectum
1305 4490 1438 4543 illuminat
1456 4505 1488 4543 ac
1506 4489 1594 4556 dccet,
1613 4504 1646 4541 ac
1663 4493 1807 4555 postquam
1825 4483 1917 4538 docuit
1930 4481 2016 4537 eiflcrt
2027 4490 2058 4536 ut
2073 4480 2168 4536 credat

149 4587 279 4655 velint?

148 4761 357 4770 -ῤ-..σ

1189 4571 1218 4616 11
1234 4561 1273 4613 ita
1291 4558 1462 4627 progreditur
1480 4556 1604 4626 augendo
1623 4571 1673 4610 sua
1690 4554 1763 4610 dona
1781 4559 1809 4607 et
1821 4566 1933 4606 munera
1944 4551 1973 4606 in
1985 4551 2088 4618 electis,
2105 4549 2131 4602 h.
2143 4565 2168 4604 e.

1187 4645 1251 4685 vere
1271 4627 1451 4681 credentibus.

1257 4694 1286 4761 2)
1305 4695 1447 4750 Hominem
1464 4702 1529 4761 post
1551 4692 1656 4760 lapsum
1679 4707 1734 4744 non
1757 4688 1907 4758 perdidisse
1926 4691 2034 4744 omnino
2052 4687 2168 4742 liberum

1188 4767 1340 4820 arbitrium:
1368 4780 1430 4817 nam
1453 4763 1550 4816 luisset
1572 4761 1647 4814 velut
1671 4760 1780 4817 brutum
1805 4759 1940 4826 privatum
1962 4757 2075 4812 ratione.
2111 4754 2166 4810 Sed

224 4845 254 4909 1)
272 4845 307 4898 Se
325 4859 379 4897 non
398 4858 496 4912 capere
515 4841 587 4911 quod
605 4841 679 4895 Deus
698 4839 849 4894 decreverit
866 4854 901 4892 ex
918 4839 1069 4893 hominibus
1088 4837 1135 4891 ali·
1187 4835 1271 4903 ipsius
1290 4832 1430 4887 arbitrium
1448 4832 1499 4885 fuit
1517 4830 1636 4884 saucium
1655 4835 1686 4908 11
1702 4834 1872 4908 corruptum,
1891 4825 1930 4879 ite
1947 4833 1979 4880 ut
1996 4841 2093 4893 saepe,
2111 4825 2164 4904 imo

154 4931 227 4985 qnos
244 4915 334 4983 potius
352 4928 432 4980 quam
451 4911 518 4966 alios
537 4926 655 4964 servare.
690 4908 744 4963 Sed
762 4908 871 4974 fatetur,
890 4924 938 4962 eos
957 4909 1002 4976 qui
1021 4905 1135 4962 credunt
1187 4919 1252 4985 vero
1263 4915 1377 4983 semper,
1396 4899 1468 4968 quod
1487 4898 1584 4952 bonum
1603 4905 1663 4951 erat
1679 4895 1803 4950 iudicant
1819 4894 1927 4976 malam,
1945 4900 2165 4973 1111111111-

152 4984 267 5040 eredere
291 4999 341 5051 per
364 4983 478 5045 aratiam
503 4979 656 5047 efficacem,
675 5016 823 5030 .........
841 4977 1004 5031 existimant.
1040 4975 1135 5043 ltaque
1187 4978 1288 5026 timant
1304 4969 1403 5023 melum
1420 4969 1533 5021 bonum:
1553 4966 1588 5020 ob
1607 4982 1686 5034 quam
1703 4980 1769 5033 rem,
1787 4972 1818 5018 ut
1835 4962 1999 5031 intelligeret
2009 4961 2096 5084 lefiem
2105 4960 2166 5028 Der,
2273 4986 2292 5017 ;·.

151 5071 189 5108 ex
212 5053 334 5121 ipsorum
359 5052 439 5117 culpa
462 5059 489 5103 et
514 5054 670 5116 contemptu
695 5047 825 5113 contingit
850 5045 923 5114 quod
940 5062 996 5101 non
1015 5044 1135 5112 credant,
1188 5049 1216 5095 et
1237 5040 1289 5107 ipsi
1306 5044 1429 5107 pareret,
1457 5035 1572 5105 indiguit
1598 5050 1705 5104 semper
1730 5050 1769 5103 gr.
1790 5032 1855 5099 Dei,
1885 5038 1913 5085 11
1936 5039 1966 5086 11
1988 5045 2033 5086 cre

146 5139 207 5178 non
225 5138 259 5177 ex
276 5120 327 5174 Dei
346 5122 464 5174 decreto.

1187 5109 1322 5164 christum
1341 5121 1410 5175 opus
1428 5105 1522 5160 habuit
1539 5120 1578 5173 gr.
1597 5120 1638 5174 sp.
1657 5111 1686 5159 et
1703 5101 1876 5158 attractione.
2053 5038 2113 5085 em
2137 5043 2166 5082 m
