4620 5894
152 202 216 264 255
704 194 771 265 DE
792 196 1015 266 Amnem
1035 194 1120 262 DEI
1141 192 1626 262 PRAEDEssINfflONE.
2105 197 2163 262 lbb

44 438 47 443 .
151 405 250 469 quam
270 383 352 466 fides
370 386 407 449 iu
431 382 609 463 Obristnm,
630 383 747 466 palam
768 383 881 451 oblads
906 384 1059 469 eoanpelii
1073 384 1340 467 promissionibus
1365 388 1517 464 manum,
1545 383 1592 449 sic
1616 384 1714 450 nimis
1733 383 1838 450 crassi
1863 381 2006 464 stuporis
2025 388 2085 464 est,
2108 402 2166 450 nm

151 516 330 580 apnosoere,
352 477 481 578 apertos
508 514 573 560 esse
594 494 681 561 nobis
702 497 816 562 nurntis
836 496 940 562 enims
960 516 982 560 a
1001 495 1085 562 Deo:
1113 496 1192 578 quia
1212 496 1350 562 nondum
1370 496 1408 561 in
1429 499 1515 560 utero
1536 500 1693 576 conceptos
1713 493 1815 578 elepit,
1843 498 1878 559 nt
1895 493 2005 575 fideles
2026 513 2164 561 mseras.

152 606 273 676 Fuisse
293 611 397 673 annm
418 606 474 673 boc
495 607 622 688 mpnro
643 606 789 673 nebulam
803 606 1010 690 propositrlm,
1031 612 1066 671 ut
1083 627 1146 673 non
1166 607 1255 672 niodo
1272 606 1414 672 notitiam
1432 605 1588 671 electionis
1604 605 1715 671 deleret
1730 625 1770 671 ea
1787 603 1949 670 bmiinum
1965 606 2096 685 animis,
2117 605 2167 673 aa

153 719 225 785 eius
245 737 366 801 quoqne
387 717 530 784 mann
546 736 685 797 prorsus
707 722 859 797 merteret,
880 737 919 784 ee
941 718 1011 783 eins
1031 717 1157 784 deliriis
1178 737 1259 800 quae
1280 717 1315 782 in
1337 718 1417 784 actis
1427 716 1567 799 publicis
1584 715 1702 783 lrabdis
1718 717 1786 782 eius
1802 736 1901 781 manu
1918 716 2042 798 scripta
2058 716 2168 782 diserte

152 829 268 912 liquet:
290 828 345 894 nbi
362 828 487 907 asserit,
508 827 604 909 fidem
625 827 665 894 ab
681 828 824 894 electione
844 848 907 894 non
920 829 1066 910 paudere,
1090 830 1169 911 quin
1184 830 1295 911 potins
1314 829 1489 895 electionem
1510 847 1576 895 csse
1592 828 1628 892 in
1643 826 1706 907 fide
1722 828 1833 894 sitarm
1854 827 1958 893 nullos
1974 828 2011 892 in
2027 827 2168 894 anama

151 959 280 1006 nanere
300 939 336 1006 ob
358 939 532 1023 inperitam
552 942 688 1004 nanum
708 939 948 1022 corruptionern,
977 939 1055 1022 quia
1082 940 1144 1005 rite
1170 960 1276 1006 annes
1303 940 1522 1006 illuminemur
1543 959 1565 1003 a
1582 936 1669 1003 Deo:
1700 958 1757 1005 nos
1778 938 1849 1004 Deo
1875 937 1981 1019 facem
2002 938 2166 1018 iniuriam,

150 1052 229 1134 quia
249 1050 354 1117 desni
375 1049 548 1130 radimus,
580 1069 661 1132 quos
686 1051 823 1130 spiritns
848 1052 902 1116 sui
922 1049 1154 1117 illuminatione
1176 1056 1251 1131 [pag.
1276 1057 1309 1132 7]
1337 1071 1400 1117 non
1425 1049 1592 1135 dipnatur:
1624 1049 1710 1115 trabi
1735 1051 1924 1135 peneraliter
1952 1055 1981 1117 et
2010 1069 2052 1115 erc
2073 1070 2168 1134 mua

152 1182 257 1230 onenes
275 1161 422 1239 tornines,
444 1179 499 1228 nee
519 1160 691 1228 discrimen
710 1163 778 1227 nisi
798 1183 820 1227 a
841 1163 1036 1228 mntnmaeia
1057 1163 1212 1245 incipere:
1233 1183 1330 1246 ouum
1346 1160 1438 1227 Deus
1454 1180 1488 1226 se
1505 1180 1544 1226 eu
1562 1160 1699 1241 lapideis
1716 1161 1861 1228 cordibus
1876 1180 1995 1227 carnea
2010 1161 2167 1244 [aduam

145 1273 311 1357 promittit,
332 1270 417 1338 nibil
437 1270 531 1337 alind
551 1271 694 1357 mtcdipi,
715 1293 809 1355 qnam
830 1278 865 1338 ut
882 1274 1007 1357 pretim
1021 1271 1086 1340 Dei
1107 1273 1210 1339 sirnns
1231 1292 1369 1357 napaeas,
1391 1273 1485 1355 idque
1498 1271 1677 1354 prorniscue
1697 1272 1741 1337 ad
1759 1276 1856 1338 totum
1874 1291 1976 1356 pomis
1996 1271 2167 1339 bumannum

151 1385 284 1464 annai,
305 1402 403 1466 quurn
424 1382 588 1467 sinptdare
609 1383 755 1451 entesiae
771 1384 977 1468 priodrpium
999 1404 1065 1450 esse
1086 1385 1247 1466 scriptura
1268 1383 1404 1450 dibnide
1421 1383 1568 1466 affirmet
1599 1381 1758 1464 Qrmritum
1779 1383 1823 1449 ad
1841 1381 1909 1448 Dei
1922 1383 2166 1464 prouidentiae,

149 1515 215 1581 aaa
235 1494 375 1560 mundns
391 1493 528 1577 repitior:
557 1495 640 1559 inter
660 1496 737 1576 pios
758 1513 864 1562 onnes
888 1493 992 1576 finum
1013 1493 1068 1562 boc
1089 1501 1119 1559 et
1139 1495 1315 1577 confossum
1336 1515 1402 1561 esse
1423 1493 1521 1572 debet,
1549 1513 1611 1560 non
1639 1513 1704 1558 esse
1730 1513 1787 1558 eur
1807 1493 1879 1559 seris
1893 1495 2036 1574 pcccatis
2051 1496 2167 1563 socium

151 1606 293 1673 homines
314 1602 422 1670 Deum
438 1604 613 1685 meritant,
641 1606 690 1672 rel
710 1605 775 1671 ullo
795 1606 885 1672 niodo
904 1625 1009 1672 sumn
1030 1606 1188 1672 irivoluaut
1214 1608 1258 1672 ad
1273 1610 1399 1687 partem
1416 1606 1527 1686 mtpae
1548 1604 1783 1669 sustinendan:
1814 1606 1870 1672 sed
1890 1624 1989 1688 mum
2009 1606 2167 1688 scripura

148 1718 263 1797 marat,
282 1714 429 1799 reprobos
450 1735 571 1798 quoqne
592 1716 662 1782 irae
671 1716 737 1784 Dei
759 1736 826 1783 esse
843 1737 972 1802 arpano,
991 1716 1105 1799 qubus
1116 1717 1241 1800 partim
1259 1716 1370 1798 fideles
1383 1736 1457 1783 suos
1472 1715 1599 1782 audiat
1615 1716 1658 1780 ad
1669 1716 1869 1796 patientiam,
1886 1717 2010 1799 partim
2027 1716 2168 1784 bostibm

144 1847 270 1912 poenas
288 1826 420 1910 ircttipat,
444 1826 552 1909 quales
573 1831 741 1908 merentm,
756 1828 918 1910 profanus
937 1833 1072 1912 nupator
1087 1827 1169 1893 nibil
1191 1848 1213 1893 a
1226 1826 1296 1894 Dm
1316 1827 1398 1894 iuste
1416 1827 1490 1908 fieri
1509 1826 1671 1907 comnia,
1692 1827 1758 1892 nisi
1779 1827 1872 1894 cuins
1892 1829 1976 1893 ratio
1993 1828 2055 1894 snb
2072 1828 2165 1895 ontis

143 1939 253 2023 posita
274 1939 384 2003 iaceat.
430 1936 528 2004 Ornne
554 1939 639 2004 enim
665 1937 836 2004 discrimen
861 1940 943 2005 inter
969 1958 1086 2009 causas
1106 1945 1242 2005 remotas
1268 1944 1296 2004 et
1317 1938 1516 2021 propinquas
1537 1937 1660 2017 tollem,
1689 1958 1861 2004 auumnas
1888 1945 1996 2005 sancto
2024 1939 2083 2007 Iob
2109 1941 2165 2004 im-

143 2050 270 2135 positas
279 2047 346 2114 Dei
367 2068 447 2131 opus
467 2051 587 2115 miseri
607 2069 670 2115 non
684 2050 821 2131 patitur,
843 2051 921 2132 quin
935 2052 1062 2132 pariter
1082 2070 1152 2115 arm
1172 2050 1303 2129 diabolo,
1324 2048 1491 2116 Obaldaeis
1508 2054 1538 2113 et
1551 2047 1684 2114 Sabaeis
1702 2049 1878 2116 latrombns
1894 2071 1970 2116 rens
1985 2051 2055 2132 fiat.
2081 2051 2165 2134 Qiiod

151 2165 254 2226 aman
274 2159 330 2226 illo
346 2163 531 2242 praeterito,
553 2180 625 2225 mom
646 2161 768 2226 dnobus
789 2161 875 2239 aliis,
898 2160 1027 2227 Alberto
1040 2160 1156 2246 Pipbio
1177 2166 1205 2228 et
1225 2160 1357 2245 Georpio
1381 2159 1496 2239 Siculo,
1519 2160 1676 2244 conpressi
1696 2181 1823 2226 summ:
1844 2163 1880 2227 id
1900 2161 2023 2242 duplici
2045 2162 2165 2227 somnino

150 2271 296 2353 expedire
316 2272 408 2336 nobis
430 2276 505 2351 [pag.
525 2277 559 2350 8]
577 2272 682 2336 uisum
703 2276 755 2338 est.
801 2270 891 2337 Nam
911 2292 1008 2353 qrnnn
1035 2273 1178 2339 indoctus
1206 2271 1321 2338 rabula
1342 2271 1424 2337 nibil
1439 2271 1612 2353 proferret,
1639 2272 1705 2336 nisi
1731 2293 1769 2336 en
1797 2272 1921 2338 dnabrrs
1948 2273 2023 2338 istis
2045 2273 2165 2341 mans

148 2380 306 2460 baustum,
328 2381 466 2463 adeoque
485 2382 568 2446 male
591 2382 676 2448 dicta
696 2382 733 2447 in
755 2383 891 2449 ddemus
912 2388 1043 2464 raperet,
1065 2384 1164 2448 nbnis
1183 2382 1339 2467 tripidum
1358 2402 1430 2449 eum
1451 2402 1485 2448 eo
1506 2381 1621 2465 fuisset
1642 2387 1803 2448 certarnen.
1850 2383 1918 2451 Uno
1938 2383 2081 2466 aerulo
2101 2403 2166 2451 oon

148 2493 225 2559 tenti
246 2493 311 2557 sint
331 2492 466 2557 tectores.
516 2492 637 2573 Quibus
659 2493 785 2558 canitis
807 2491 944 2576 Pipbius
964 2500 993 2559 et
1017 2492 1173 2578 Georpins
1189 2494 1335 2576 primum
1352 2496 1395 2561 ad
1412 2492 1568 2576 Ephesios
1595 2498 1690 2575 caput
1711 2492 1881 2574 obscurant,
1903 2515 1961 2561 sno
1983 2494 2049 2562 loco
2070 2501 2168 2562 mun

149 2623 223 2669 sum
244 2607 298 2667 est.
320 2601 429 2683 Atque
451 2602 573 2667 insulse
595 2604 721 2684 quiden
742 2603 801 2684 illi,
823 2605 878 2670 sed
893 2603 1016 2685 foedior
1037 2604 1134 2670 buius
1155 2605 1292 2684 inscitia,
1314 2605 1371 2687 qni
1390 2626 1452 2671 non
1474 2604 1597 2670 erubuit
1617 2605 1652 2668 in
1674 2605 1765 2671 ouria
1785 2611 1898 2685 vestra,
1918 2609 1946 2670 et
1963 2606 2020 2672 illo
2037 2606 2167 2673 verendo

151 2731 297 2781 consessu
318 2712 459 2794 effmne,
489 2718 519 2777 ct
542 2713 626 2795 quod
647 2719 758 2779 temne
779 2714 965 2795 ffmtomm,
983 2716 1188 2797 pertinaciter
1207 2716 1305 2781 tueri:
1334 2717 1409 2782 Non
1431 2717 1563 2782 tractari
1584 2715 1651 2782 illie
1672 2717 1710 2783 dc
1732 2717 1888 2782 communi
1898 2716 2035 2796 piorum
2057 2717 2166 2792 salute,

149 2825 206 2891 sed
227 2825 309 2908 qnod
332 2822 462 2889 Paulus
483 2828 512 2889 et
531 2824 648 2905 reliqui
674 2824 804 2908 mllepae
828 2825 864 2889 in
883 2845 1000 2893 muscus
1020 2827 1224 2910 apostolum
1251 2826 1336 2892 eneti
1354 2826 1483 2910 fuerint.
1527 2827 1577 2893 Aa
1605 2833 1672 2892 tam
1698 2826 1790 2909 futile
1817 2828 1942 2910 quidm
1964 2834 2167 2895 commendem

148 2936 354 3020 extemplo,)
386 2935 481 3001 noui
509 2936 660 3002 nnmoria
688 2937 807 3016 tenetis,
836 2936 976 3020 refellere
991 2942 1176 3020 promptum
1195 2938 1277 3019 fuit:
1312 2935 1351 3003 Si
1377 2939 1433 3020 qui
1460 2958 1495 3004 se
1523 2937 1581 3003 tali
1601 2938 1752 3022 mapistro
1778 2937 1950 3022 disciptdos
1979 2939 2166 3018 addimit,

149 3047 248 3113 nimis
276 3046 456 3128 infaustam
483 3045 666 3132 tbeolopiam
692 3048 824 3129 discere,
847 3068 931 3130 puae
957 3048 1050 3132 nos)
1079 3067 1185 3114 ornnes
1209 3050 1294 3115 ritae
1322 3054 1465 3116 aeternae
1483 3050 1602 3131 fiducia
1617 3049 1776 3131 privaret,
1805 3050 1928 3132 qnando
1949 3050 2012 3139 soli
2035 3049 2167 3133 apostoli

149 3159 277 3224 dioneae
299 3159 479 3241 adoptionis
498 3164 664 3241 mnrpotes,
694 3165 722 3224 et
743 3160 813 3226 Deo
833 3179 894 3243 per
916 3158 1076 3226 mainan
1103 3160 1297 3226 reconciliati
1321 3165 1350 3225 ct
1371 3160 1532 3241 benedieti,
1559 3167 1589 3226 et
1616 3161 1651 3225 in
1677 3161 1849 3226 societatem
1872 3165 2056 3227 sanonum
2076 3159 2166 3229 asciti

150 3274 259 3336 essent.
304 3268 370 3337 His
391 3269 517 3352 quidem
538 3271 574 3335 in
593 3291 629 3335 re
643 3272 806 3354 praesunt
831 3272 897 3353 fuit
913 3271 1011 3350 locus,
1039 3271 1094 3337 sed
1121 3270 1199 3338 libro
1221 3272 1302 3338 odito
1323 3278 1388 3338 tam
1409 3272 1587 3356 insipidum
1609 3271 1732 3337 animat
1752 3270 1908 3354 refellere,
1935 3292 1998 3338 non
2022 3273 2072 3338 ita
2091 3272 2168 3355 forte

151 3385 338 3466 rapuerat.
372 3380 483 3464 Neque
504 3401 577 3447 nero
593 3401 650 3447 nos
672 3383 747 3448 latet
767 3387 954 3466 quandopere
975 3381 1038 3448 sibi
1053 3383 1194 3465 placeat:
1219 3402 1318 3465 neque
1338 3383 1457 3448 mirum
1478 3388 1532 3464 est,
1554 3384 1589 3448 in
1610 3401 1652 3459 eo,
1674 3382 1731 3463 qui
1748 3381 1866 3448 abiecta
1883 3383 2029 3450 nanami
2046 3381 2167 3450 audo

150 3496 274 3573 repente
295 3491 408 3557 medin
421 3511 594 3573 personam
618 3498 692 3572 [pig.
712 3499 746 3573 s]
764 3493 881 3573 induit,
910 3498 1033 3559 tardum
1059 3514 1126 3560 esse
1154 3493 1321 3572 audadae,
1350 3494 1404 3558 sed
1433 3494 1469 3558 in
1499 3495 1568 3558 eius
1587 3493 1728 3578 qratiam
1754 3512 1825 3558 cnm
1847 3493 2017 3560 mrdtmnm
2037 3494 2167 3578 fastidio

151 3601 285 3684 ineptire
304 3623 326 3665 a
348 3602 498 3667 modestia
516 3608 624 3668 nostra
644 3604 784 3669 alienum
803 3604 877 3686 fuit.
909 3604 1044 3685 Deinde,
1066 3605 1217 3687 quoniam
1237 3605 1300 3669 dno
1321 3603 1371 3668 illi
1387 3606 1452 3669 noti
1473 3611 1549 3670 sunt
1570 3625 1607 3670 aa
1622 3604 1762 3686 professi
1781 3604 1935 3688 ooanpelii
1956 3604 2069 3685 leones
2091 3604 2168 3671 aba

151 3712 248 3780 etiam
274 3710 443 3778 Caluinum
469 3714 656 3779 nominatim
685 3733 855 3798 oppressum
880 3714 994 3780 bellum
1027 3715 1117 3780 nobis
1143 3721 1172 3779 et
1205 3714 1279 3780 bnic
1307 3714 1451 3780 ecclesiae
1478 3714 1651 3794 indixerat,
1684 3714 1803 3797 impiae
1829 3715 1988 3782 doctrinae
2016 3733 2168 3783 venenum

146 3823 272 3908 publice
291 3823 384 3888 libris
405 3825 531 3890 mensis
547 3844 699 3907 sparsum
713 3845 857 3909 purpure
877 3826 1050 3891 nonnullius
1071 3826 1175 3891 ouum
1197 3831 1252 3904 cst,
1280 3846 1376 3907 quam
1397 3826 1531 3891 naenias
1551 3825 1717 3910 culpando,
1744 3847 1825 3909 quae
1845 3826 1962 3892 melius
1983 3826 2092 3907 latent,
2115 3828 2168 3892 im

144 3940 282 4017 portuno
303 3934 443 4018 fatipare
463 3934 625 4001 bominum
646 3954 750 4016 aures,
771 3938 975 4018 maraonis
996 3937 1217 4002 certaminibus
1237 3936 1305 4002 iam
1320 3937 1400 4017 plus
1421 3938 1502 4001 sotis
1522 3942 1659 4003 amatas.

308 4044 408 4111 Facit
429 4045 590 4113 Dominus
609 4046 715 4127 Deus,
750 4046 918 4132 Mapniyiei
948 4052 977 4112 ct
997 4053 1199 4128 praestantes
1219 4048 1298 4129 uiri,
1331 4053 1366 4113 ut
1393 4048 1477 4130 quod
1504 4047 1651 4114 tanturm
1677 4068 1794 4132 mapna
1820 4067 1898 4113 urm
1918 4047 2013 4114 laude
2040 4048 2167 4131 fuistin

150 4157 302 4240 irtdefessi
323 4158 367 4223 ad
390 4161 562 4222 extremum
582 4178 683 4240 usque
699 4178 821 4240 puram
842 4157 994 4242 enanpclr'i
1016 4159 1197 4240 doctrinam,
1221 4180 1300 4241 quae
1322 4165 1389 4225 torn
1410 4160 1528 4242 infesta
1549 4160 1661 4225 mundi
1681 4158 1827 4226 bunnia
1847 4159 1988 4240 undmue
2004 4161 2167 4242 pulsatur,

148 4268 214 4351 fide
240 4269 471 4351 praesidioque
503 4275 606 4334 oestro
634 4270 718 4334 tueri
741 4270 897 4355 perpatis:
928 4270 1052 4353 etpios
1079 4290 1197 4350 omnes,
1231 4271 1288 4352 qui
1319 4291 1353 4337 se
1381 4272 1417 4336 in
1439 4271 1653 4354 patrocinium
1673 4275 1809 4336 oestrum
1828 4270 2003 4352 motmunt,
2037 4271 2168 4355 bospitio

18 4458 24 4469 ,
152 4381 293 4460 excipere
324 4399 385 4444 non
417 4379 587 4446 dmnmtis:
618 4400 680 4463 quo
713 4383 758 4446 sit
782 4381 858 4446 urbs
886 4385 989 4447 uestra
1015 4382 1096 4446 inter
1120 4379 1288 4448 horribiles
1316 4383 1393 4448 istos
1414 4387 1517 4448 motus
1541 4381 1644 4461 finum
1664 4381 1733 4448 Deo
1761 4382 1995 4462 sanctuarinm,
2025 4388 2056 4447 ct
2079 4381 2168 4464 fidele

155 4488 274 4555 Gbristi
295 4490 445 4556 mammis
467 4493 603 4575 asplum.
648 4491 704 4557 Ita
724 4493 820 4557 etiam
840 4490 907 4573 iet,
935 4497 971 4557 ut
995 4512 1066 4557 eum
1081 4498 1272 4575 perpetumn
1300 4494 1416 4559 salutis
1444 4497 1561 4560 vestrae
1576 4493 1760 4575 praesidem
1776 4494 1934 4559 sentiatis:
1961 4498 1991 4558 et
2012 4493 2098 4577 quod
2117 4492 2168 4560 illi

151 4606 311 4667 sacratum
331 4604 393 4668 erit
413 4603 617 4684 domicilium,
639 4604 709 4670 eins
730 4604 842 4669 uirtute
863 4607 972 4682 tetum,
997 4623 1161 4687 nunqnam
1182 4603 1329 4672 labascat.

309 4711 456 4779 Calendis
477 4713 614 4780 Ianuar.
658 4713 707 4780 M.
728 4713 773 4781 D.
797 4714 880 4779 LII.

358 4871 564 4881 --.-.

308 4932 339 5000 1)
357 4936 482 5005 exemplo
500 4937 586 5006 Besa,
604 4936 693 4994 Amet.
710 4944 739 4994 et
756 4936 848 4994 Niem.
868 4935 997 5005 (beaw
1015 4955 1062 4994 sur
1078 4938 1105 4994 le
1119 4938 1239 5007 chemp).

307 5017 338 5086 2)
356 5036 411 5076 non
430 5035 531 5089 omnes,
548 5020 639 5078 iidem.
