4620 5894
145 194 210 259 583
898 186 1169 256 mastalo
1189 186 1425 255 ERRORUM
1895 122 1911 149 ἱ
2113 186 2170 251 tat

142 378 325 447 distinctio.
370 374 469 458 Quod
503 374 717 442 falsissimum
745 394 817 440 esse
843 382 981 442 constat.
1024 376 1133 455 Nunc,
1186 382 1240 443 tus
1261 383 1391 463 martyr
1411 382 1486 457 [pag.
1511 381 1586 455 170]
1608 374 1782 441 Christum
1808 394 1877 439 non
1901 393 1977 439 esse
1999 372 2170 453 hominem,

143 473 188 533 ut
208 464 417 531 mendacium
446 470 597 540 excuset,
626 462 856 527 ratiocinatur:
880 459 920 528 Si
948 470 1043 545 pater
1063 464 1134 544 ipse
1186 464 1252 528 nisi
1273 464 1436 547 acceperit
1461 462 1502 528 ab
1530 461 1663 526 homine
1684 460 1794 525 carnis
1816 460 2054 526 substantiam.
2098 456 2171 525 Scr-

145 558 199 619 est
220 550 314 631 λόγος,
337 547 472 615 realiter
492 566 513 611 a
534 558 628 631 patre
649 568 717 611 nen
738 546 881 613 differre.
925 546 1031 629 Quasi
1052 568 1134 614 vero
1186 558 1291 627 vetus,
1313 550 1369 631 qui
1392 548 1512 631 ubique
1534 547 1654 612 foetida
1671 546 1829 611 blatterat
1841 546 1866 630 ¹)
1890 566 2031 610 earnem
2053 544 2172 611 Christi

147 638 333 705 eommunis
359 635 453 700 nobis
479 632 633 697 omnibus
664 652 732 697 non
757 640 844 697 essct
870 634 935 699 ista
962 634 1133 714 confessio,
1186 654 1258 701 esse
1280 634 1446 713 deitatem,
1470 646 1566 699 etex
1583 633 1649 697 Dei
1671 633 1858 698 substantia
1879 632 2072 709 formatam,
2093 631 2173 697 nihil

147 730 256 789 tetum
273 722 380 787 filium
402 740 474 785 esse
495 718 533 783 in
549 726 654 801 patre,
676 730 710 783 et
728 726 835 782 tetum
852 726 981 803 patrem
1001 720 1037 784 in
1055 719 1133 799 filie,
1186 720 1249 786 hec
1271 719 1314 785 ad
1335 740 1406 785 rem
1427 721 1534 785 facere
1556 718 1686 801 exeipit.
1731 717 1860 784 Nebula
1887 737 1992 799 quam
2021 719 2170 802 aspergit,

145 809 206 875 ubi
230 806 270 873 de
292 806 454 873 essentiae
475 806 602 869 unitate
620 805 738 889 agitur.
782 803 897 887 Neque
920 807 1009 871 eninr
1031 805 1133 871 eecle-
1185 804 1272 889 qued
1293 814 1409 871 centra
1429 826 1543 889 magos
1564 804 1717 888 loquatur
1734 804 1790 887 qui
1807 803 1937 869 Christi
1959 824 2097 869 carnem
2118 825 2172 870 ne·

146 894 198 961 sia
230 914 387 978 personas
420 891 553 956 realiter
592 890 825 975 distinguendo
857 892 920 955 Dei
955 892 1132 956 essentiam
1186 892 1318 974 gabant,
1341 892 1436 957 facile
1458 889 1641 957 discutitur.
1669 891 1785 973 Neque
1802 890 1891 953 enim
1907 910 2046 955 earnem
2069 888 2171 955 solum

147 978 282 1046 lacerat.
327 976 416 1042 Vere
442 997 522 1060 ergo
549 974 671 1041 dicitur
698 984 792 1057 pater
818 976 982 1041 mundum
1009 997 1070 1060 per
1097 998 1133 1042 se
1186 976 1340 1042 vendicat
1366 977 1433 1041 lilio
1457 977 1537 1055 Dei,
1571 975 1629 1041 sed
1661 996 1733 1039 eam
1767 974 1808 1040 ab
1840 974 1981 1039 homine
2008 984 2170 1059 sumptam

148 1068 260 1149 ipsum
293 1084 420 1130 creasse
448 1082 547 1145 quem
580 1084 641 1145 per
672 1081 858 1125 sermonem
886 1062 1024 1127 creavit:
1058 1064 1134 1146 quia
1186 1084 1258 1127 esse
1280 1061 1464 1138 contendit,
1486 1070 1584 1127 etex
1606 1061 1753 1125 humana
1775 1058 1962 1126 substantia
1984 1061 2170 1126 formatam:

148 1172 238 1216 unus
257 1150 409 1231 idemque
432 1154 484 1214 est
503 1148 611 1225 Deus,
641 1147 849 1230 simplexque
870 1150 1021 1213 essentia.
1066 1150 1133 1213 Per
1187 1171 1206 1212 a
1228 1170 1290 1231 que
1312 1168 1448 1231 prorsus
1476 1148 1631 1213 abhorret
1653 1144 1822 1212 Servatus.
1868 1146 1978 1212 Paulo
2002 1156 2091 1229 post,
2121 1147 2172 1212 nbi

148 1236 251 1302 aliruu
271 1234 490 1300 nihilominus
517 1254 620 1315 aeque
640 1254 721 1299 vcrc
744 1240 776 1298 ct
798 1242 873 1315 apte
896 1256 1024 1299 creasse
1046 1234 1133 1299 dice·
1185 1235 1310 1299 facetus
1338 1233 1442 1299 videri
1469 1234 1616 1311 affectat,
1655 1240 1791 1315 apparet
1817 1233 1889 1297 eius
1916 1231 2079 1298 dicacitas
2107 1233 2173 1299 sinc

147 1330 219 1387 tur:
250 1322 329 1405 quia
350 1342 370 1386 a
391 1341 451 1385 suo
471 1320 620 1403 genitore
643 1318 802 1401 distingui
825 1339 958 1384 necesse
980 1332 1046 1399 est,
1077 1322 1133 1403 qui
1186 1320 1301 1400 celest)
1364 1318 1490 1383 Vident
1522 1320 1661 1384 lectores
1694 1318 1844 1383 mutilam
1878 1338 1953 1383 esse
1986 1320 2173 1385 sententiae

147 1406 278 1483 (codem
309 1407 448 1471 Irenaeo
481 1413 579 1477 teste)
619 1420 696 1470 ante
736 1404 866 1470 saecula
897 1407 1029 1488 genitus
1061 1408 1131 1471 fuit.
1186 1405 1274 1470 illius
1296 1405 1487 1483 clausulam,
1509 1426 1594 1488 quae
1610 1428 1631 1469 a
1648 1426 1701 1469 me
1718 1405 1819 1470 citata
1835 1403 1954 1468 fuerat.
2001 1404 2056 1469 Ne
2079 1402 2173 1471 dubio

147 1492 247 1575 Quod
275 1493 312 1557 in
338 1494 406 1557 fine
438 1490 570 1556 subiicit
596 1489 842 1573 supposititium
866 1492 982 1567 fuisso,
1012 1514 1132 1575 negare
1185 1492 1373 1556 testimonio
1402 1492 1539 1569 niterer,
1569 1490 1733 1555 defectum
1761 1490 1856 1553 illum
1885 1489 2024 1553 aliunde
2054 1490 2173 1555 sarcire

146 1579 281 1645 anderu
311 1598 411 1643 ausus
439 1596 507 1641 non
536 1584 595 1641 est.
639 1576 756 1641 Multis
785 1575 865 1641 locis
892 1579 1040 1659 profit-cri
1062 1579 1132 1641 Ire·
1186 1576 1284 1641 volui.
1330 1575 1435 1658 Quasi
1463 1575 1592 1641 iocandi
1613 1576 1753 1639 materia
1777 1573 1853 1639 data
1874 1575 1975 1639 foret:
2000 1575 2099 1655 Alio,
2126 1578 2171 1641 in·

146 1686 271 1730 naeum
290 1664 404 1746 fingit,
426 1662 513 1745 quod
537 1684 557 1727 a
579 1661 748 1743 discipulis
770 1662 991 1745 apostolorum
1012 1662 1132 1729 didice·
1207 1664 1266 1740 uit,
1289 1668 1322 1727 te
1340 1663 1460 1743 confer,
1482 1662 1567 1727 nihil
1584 1660 1638 1728 hie
1656 1663 1735 1746 agis.
1779 1661 1852 1741 Ego
1869 1660 2008 1743 quidem
2030 1662 2171 1728 ferreum

147 1750 208 1815 rit:
231 1756 359 1833 patrem
376 1748 539 1813 mundum
559 1770 623 1812 non
645 1768 774 1813 creasse
791 1768 852 1831 per
870 1747 1017 1829 verbum,
1040 1750 1132 1833 quasi
1185 1684 1349 1831 desperati
1377 1748 1520 1813 heminis
1546 1762 1660 1831 pectus
1693 1746 1821 1812 mollire
1848 1768 1915 1812 non
1943 1748 2059 1829 potui:
2090 1746 2170 1831 apud

147 1856 209 1920 per
231 1856 304 1901 rem
325 1834 433 1899 aliam.
477 1834 579 1899 Nulla
600 1832 727 1918 syllaba
748 1835 939 1915 reperietur,
962 1856 1045 1917 quae
1068 1836 1133 1899 tale
1185 1832 1266 1898 alios
1289 1844 1401 1899 tamen
1423 1834 1499 1917 plus
1521 1835 1588 1917 egi,
1611 1855 1708 1917 quam
1730 1832 1838 1898 vellet.
1883 1830 2067 1898 Secundus
2089 1836 2170 1899 enim

148 1919 274 2005 aliquid
302 1928 405 1985 senet.
453 1918 581 1985 Similis
609 1928 661 1984 est
689 1921 796 1984 octavi
823 1920 885 1985 leci
906 1922 1000 1985 satie.
1046 1922 1132 1986 Nam
1184 1920 1315 1984 Irenaei
1348 1920 1439 1985 loeus
1470 1921 1580 2002 palum
1613 1922 1707 1984 decet
1739 1919 1951 2001 unigenitum
1983 1919 2090 1985 fuisse
2113 1920 2169 1985 Dei

146 2008 203 2073 ubi
233 2016 366 2073 sanetus
387 2018 518 2089 martyr
544 2005 665 2089 plurali
688 2026 826 2070 numere
850 2006 958 2087 decet,
984 2029 1049 2072 non
1080 2008 1132 2071 in·
1185 2005 1300 2084 filium,
1324 2007 1378 2087 qui
1402 2027 1537 2071 caruem
1554 2006 1740 2088 assumpsit.
1777 2004 1907 2069 Deinde
1925 2025 2029 2069 suum
2047 2006 2169 2089 plasma

146 2093 252 2177 telligi
282 2094 317 2157 in
352 2094 517 2177 scriptura
568 2092 657 2156 lures
686 2091 779 2168 deos,
814 2092 872 2156 sed
904 2092 1132 2175 dispositiones
1184 2091 1221 2154 in
1239 2113 1274 2156 se
1292 2092 1534 2173 recapitulasse.
1564 2090 1694 2172 Quibus
1712 2090 1821 2155 verbis
1840 2091 2008 2174 signifieat
2026 2112 2072 2155 ex
2085 2091 2169 2157 Adae

168 2199 231 2245 uae
257 2180 293 2242 in
315 2180 387 2243 Deo
414 2186 508 2257 sunt,
537 2114 698 2243 Curvatas
726 2198 785 2259 pre
814 2177 876 2243 diis
901 2178 1052 2260 pluribus
1080 2201 1132 2243 res
1185 2176 1371 2241 substantia
1401 2177 1462 2242 sibi
1495 2178 1651 2242 formasse
1691 2196 1818 2258 eorpus.
1882 2174 1999 2256 Quum
2034 2183 2169 2243 testetur

145 2198 319 2330 distinctas
341 2264 490 2329 subiicit:
514 2283 549 2329 se
572 2270 683 2327 tumen
703 2264 829 2327 interea
850 2264 1019 2329 falsarium
1037 2265 1131 2329 dissi·
1183 2262 1342 2327 Irenaeus
1369 2263 1558 2327 novissimis
1591 2262 1792 2345 temporibus
1818 2261 1924 2326 filium
1952 2261 2021 2327 Dei
2051 2264 2167 2327 factum

147 2350 262 2415 mulat.
307 2349 406 2430 Quod
441 2349 482 2413 ad
516 2370 640 2412 nonum
672 2350 780 2413 locum
814 2360 952 2431 spectat,
987 2351 1132 2435 insipida
1185 2369 1255 2413 esse
1278 2346 1457 2427 visibilem,
1487 2349 1644 2413 iudicium
1673 2349 1778 2414 cuivis
1800 2347 1965 2431 relinquo,
1994 2370 2121 2414 verene
2139 2356 2167 2413 et

148 2434 280 2501 Serveti
304 2442 377 2513 [pag.
395 2440 468 2513 lta]
492 2434 725 2515 consequentia
746 2434 836 2499 nulle
858 2437 989 2520 negotio
1010 2438 1131 2502 refelli·
1185 2436 1331 2517 apposite
1363 2435 1547 2513 intulerim,
1582 2435 1688 2499 refelli
1711 2434 1842 2499 Servati
1873 2444 2104 2499 commentum
2132 2435 2166 2500 de

147 2532 213 2585 tur.
268 2521 444 2597 irenaeus,
479 2519 565 2602 quod
598 2520 740 2584 latemur
771 2541 894 2597 omues,
928 2523 1033 2587 tilium
1067 2525 1131 2588 Dei
1185 2521 1378 2585 aeternitate
1412 2520 1549 2587 visibilis
1583 2520 1794 2585 substantiae.
1854 2520 1911 2584 Me
1945 2528 2064 2585 tamen
2097 2522 2167 2587 die-it

146 2606 225 2671 elim
249 2605 357 2669 visum
379 2606 480 2671 fuisse
509 2604 589 2669 dicit
611 2603 670 2669 sub
693 2605 836 2671 heminis
858 2610 981 2689 speeie,
1013 2631 1131 2693 nempe
1184 2607 1325 2671 mentiri.
1371 2606 1437 2672 Sed
1468 2605 1557 2671 unde
1583 2606 1791 2671 menducium
1814 2605 1948 2690 arguit?
1992 2605 2100 2687 Quia,
2122 2608 2166 2671 in·

147 2694 225 2775 quia
251 2692 435 2755 humanum
464 2711 598 2773 cerpus,
627 2690 755 2773 quoties
782 2692 830 2757 itu
851 2694 960 2759 visum
984 2704 1049 2773 est,
1078 2718 1130 2761 us·
1184 2692 1269 2773 quit,
1297 2700 1373 2757 ante
1400 2692 1627 2770 delitescebat,
1655 2698 1689 2756 et
1711 2690 1844 2755 demum
1873 2690 1984 2774 palam
2007 2694 2164 2775 apparuit.

147 2778 303 2861 sumpsit,
326 2778 361 2840 in
380 2799 443 2861 que
466 2798 501 2841 se
523 2778 735 2860 patefaceret:
765 2799 831 2843 nen
854 2780 1028 2861 quodiam
1051 2792 1131 2847 tune
1182 2777 1249 2843 Ubi
1272 2800 1360 2843 nunc
1383 2779 1499 2842 tritum
1520 2778 1603 2843 illud
1621 2780 1691 2843 eius
1713 2777 1850 2853 axioma,
1874 2800 1941 2841 nen
1964 2798 2040 2843 esse
2062 2790 2165 2861 perso

146 2864 247 2929 hemo
269 2864 373 2929 faetus
391 2864 444 2942 sit,
466 2864 543 2946 quia
562 2863 768 2949 hypostatica
785 2865 866 2929 unio
884 2886 951 2929 non
969 2882 1049 2943 crat,
1073 2867 1131 2933 sed
1183 2884 1270 2941 nam,
1293 2863 1359 2929 nisi
1380 2884 1463 2947 qnae
1485 2864 1594 2947 palam
1616 2864 1718 2929 oculis
1740 2866 1916 2945 conspicua
1938 2863 2012 2929 est?
2061 2866 2165 2929 Tetim

146 2950 225 3034 quia
247 2950 386 3013 formam
408 2948 450 3013 ad
473 2959 603 3031 tempus
625 2950 817 3032 assumpsit,
851 2951 884 3014 in
906 2972 971 3033 qua
999 2954 1130 3018 fut-urae
1182 2949 1281 3031 plene
1299 2971 1354 3015 ere
1372 2950 1474 3014 iactat
1492 2949 1697 3033 splendorem
1716 2969 1874 3031 personae
1892 2947 2021 3013 Christi
2043 2971 2165 3034 semper

147 3057 226 3101 suae
256 3034 474 3100 humanitatis
503 3042 637 3119 gustum
666 3036 846 3116 praeberet.
890 3036 973 3101 Inde
1007 3039 1131 3117 colligit
1184 3036 1284 3100 fuisse
1307 3048 1530 3119 conspectum:
1560 3058 1649 3102 nune
1672 3057 1748 3100 eum
1768 3036 1803 3099 in
1826 3035 1973 3117 latebras
1997 3040 2076 3115 [pag.
2098 3041 2163 3114 171]

147 3120 318 3199 Servatus,
339 3120 478 3186 verbum
501 3141 561 3185 sua
582 3130 701 3185 natura-
721 3121 822 3187 fuisse
843 3123 985 3201 visibile,
1010 3134 1044 3189 et
1065 3118 1130 3190 for·
1184 3121 1353 3206 demergit.
1420 3120 1621 3205 Quanquam
1661 3142 1703 3185 ne
1737 3121 1798 3185 hec
1838 3120 1972 3203 quidem
2006 3123 2164 3205 serpentis

145 3228 236 3271 mam
255 3207 399 3271 hominis
416 3207 597 3272 increatam
615 3208 724 3285 fuisse,
746 3229 784 3272 are
801 3208 983 3273 coelestem.
1018 3212 1130 3276 Meam
1182 3208 1271 3272 flexu
1293 3208 1478 3291 elabitu1·.⁵)
1523 3208 1673 3273 Visibilis
1703 3208 1792 3272 enim
1818 3227 1890 3272 esse
1915 3206 2007 3271 filius
2032 3207 2101 3273 Dei
2120 3229 2164 3274 se·

145 3300 258 3357 tamen
282 3293 466 3357 fatuitatem
489 3292 584 3371 ridet,
608 3291 696 3375 quod
719 3293 802 3357 nihil
825 3295 879 3359 hic
901 3294 1033 3361 difficile
1055 3318 1130 3379 per·
1184 3293 1329 3358 cundum
1351 3294 1527 3359 Irenaeum
1555 3295 1677 3377 eoepit,
1706 3317 1748 3358 ex
1776 3314 1839 3376 quo
1867 3292 2035 3379 passibilis
2064 3295 2164 3359 factus

146 3378 276 3462 cipiam.
321 3379 454 3443 Interea
474 3379 611 3461 impiam
633 3400 726 3443 stram
744 3379 983 3462 blasphemiam
1005 3384 1130 3465 impru-
1184 3386 1251 3444 est:
1280 3380 1378 3461 idque
1404 3380 1527 3445 factum
1554 3401 1626 3445 esse
1654 3379 1772 3445 asserit
1798 3379 1990 3444 novissimis
2013 3380 2164 3463 tempori·

147 3463 228 3529 dens
258 3463 393 3547 retegit,
420 3486 520 3546 qnam
546 3467 656 3530 fucare
682 3465 760 3529 alibi
786 3465 929 3545 laborat,
959 3490 1130 3551 nunquam
1184 3465 1253 3530 bus.
1320 3467 1411 3549 Ergo
1445 3468 1612 3531 evanescit
1650 3477 1785 3530 aeterna
1815 3464 1872 3528 illa
1904 3465 2001 3530 verbi
2035 3466 2163 3551 effigies,

145 3550 247 3614 fauisse
269 3549 335 3613 Dei
365 3572 566 3623 sermonem,
600 3551 665 3615 nisi
699 3552 759 3616 sub
793 3552 916 3618 visibili
949 3553 1129 3637 hypostasi.
1184 3572 1282 3634 quam
1296 3549 1456 3617 Servatus
1478 3552 1512 3616 in
1536 3552 1661 3617 cerebri
1683 3552 1734 3616 sui
1752 3551 1869 3615 incude
1888 3550 2076 3617 fabricavit.
2103 3554 2164 3617 De-

146 3636 270 3714 Porro,
307 3657 409 3717 quum
446 3635 526 3699 ham
554 3636 759 3719 hypostasis,
787 3637 842 3701 vel
870 3640 940 3720 ipsc
969 3652 1066 3719 teste,
1095 3642 1130 3704 in
1185 3659 1251 3701 uuo
1279 3636 1358 3702 dicit
1378 3638 1554 3715 Irenacus,
1587 3638 1782 3721 sapientiam
1810 3636 1874 3701 Dei
1903 3659 2038 3720 semper
2070 3639 2164 3703 fuisse

147 3720 264 3786 muudi
287 3722 450 3785 creatione
472 3723 629 3803 eoeperit,
659 3721 720 3786 hec
742 3722 838 3787 modo
861 3722 1041 3789 destruitur
1063 3748 1131 3792 ser·
1184 3723 1296 3787 tilium.
1343 3724 1518 3799 Serretes,
1552 3725 1608 3806 qui
1640 3744 1755 3789 verum
1786 3722 1892 3786 filium
1924 3745 1993 3787 non
2024 3724 2165 3807 agnoseit

148 3808 255 3872 monis
288 3808 474 3872 aeternitas.
524 3807 654 3871 Decimi
685 3808 745 3872 loci
779 3808 915 3889 perinde
948 3811 1053 3876 facilis
1081 3820 1131 3877 est
1185 3808 1250 3885 nisi
1270 3830 1311 3872 ex
1336 3810 1464 3893 virgine
1487 3812 1645 3893 genitum,
1669 3829 1782 3874 seems
1805 3808 1869 3872 ulio
1890 3809 2089 3887 transvolat,
2112 3812 2163 3874 fie-

148 3893 333 3975 explicatio.
380 3892 547 3973 Quorsum
572 3895 660 3956 enim
683 3894 789 3958 tendit
810 3893 985 3971 Servatus,
1009 3899 1073 3962 nisi
1095 3908 1132 3961 ut
1184 3896 1291 3959 titiam
1322 3917 1415 3960 suam
1445 3898 1481 3959 in
1505 3897 1665 3961 creat-uris
1681 3895 1851 3958 deitatem
1878 3895 2058 3960 ventilans.
2101 3898 2163 3961 De·

149 3978 285 4045 Sabellii
315 4000 459 4043 errorem
488 3988 628 4055 asserat,
658 4001 699 4043 ue
727 4000 791 4062 qua
819 3980 863 4044 sit
889 3981 978 4046 iuter
1004 3990 1131 4064 patrem
1184 3982 1283 4062 nique
1306 3981 1464 4045 Irenaeus
1491 3983 1629 4047 verbum
1658 3992 1691 4045 et
1719 3981 1872 4063 spiritum
1900 3978 2025 4046 diserte
2048 3980 2163 4065 plurali

149 4074 182 4129 et
209 4065 313 4129 filium
344 4064 529 4129 distinctio?
573 4065 630 4129 Me
659 4072 771 4130 tamen
799 4074 931 4131 accusat
959 4069 1130 4149 mendacii,
1184 4087 1322 4130 numero
1352 4067 1535 4151 distinguit.
1581 4068 1654 4133 Hoc
1682 4087 1808 4148 quoque
1834 4074 2041 4149 postremum
2070 4066 2164 4134 surda

149 4159 184 4215 et
212 4150 423 4235 impudenter
454 4152 581 4233 fingere
604 4149 697 4227 dicit,
726 4173 826 4233 quum
861 4152 951 4217 loeus
974 4154 1017 4219 sit
1038 4176 1131 4237 aper·
1184 4173 1263 4216 aure
1286 4154 1446 4235 praeterit
1464 4156 1632 4223 Servetus.
1656 4155 1712 4234 qui
1733 4174 1840 4235 nuper
1861 4155 2005 4217 asseruit
2028 4154 2164 4220 eundem

148 4238 304 4303 tissimus.
351 4234 419 4301 Sed
447 4235 525 4318 quid
552 4238 645 4301 loeus
679 4237 846 4302 continet?
892 4239 1020 4304 Irenaei
1043 4243 1130 4305 enim
1184 4259 1255 4303 esse
1277 4261 1352 4303 eum
1374 4240 1493 4321 spiritu
1515 4261 1708 4303 sermonem.

149 4325 349 4389 sententiam
371 4320 529 4387 antbabus
551 4323 639 4387 ulnis
662 4324 802 4388 libenter
825 4325 1015 4405 arnplector:
1051 4326 1130 4391 Ser·
1155 4340 1159 4383 l
1269 4325 1322 4389 Dc
1343 4324 1423 4390 locis
1451 4346 1492 4389 ex
1514 4325 1722 4408 Clementc⁴)
1745 4322 1908 4399 atlductis,
1939 4326 2048 4389 multa
2069 4326 2163 4391 verba

148 4417 223 4474 veto
246 4408 463 4473 autem-mihil
487 4408 562 4472 irulc
584 4407 719 4473 aceedit.
764 4409 837 4472 Nisi
857 4410 939 4473 ferte
962 4413 1131 4476 victorium
1182 4412 1290 4476 fucere
1323 4432 1566 4494 supervacuum
1599 4414 1689 4475 foret.
1742 4411 1908 4485 Primum,
1942 4432 1982 4474 ea
2010 4420 2063 4477 est
2094 4411 2162 4475 libri

149 4496 183 4559 in
217 4516 254 4559 eo
287 4502 426 4573 statuat,
458 4494 543 4575 quod
567 4495 723 4559 Christus
757 4504 892 4559 vocatur
917 4497 981 4561 Dei
1012 4498 1130 4581 imago.
1183 4497 1365 4571 insulsitas,
1395 4498 1488 4563 cuitus
1511 4497 1564 4560 vel
1587 4518 1705 4579 pueros
1728 4497 1816 4580 ipses
1838 4496 1996 4562 mediocri
2020 4498 2161 4563 doetrinu

148 4581 195 4644 Et
216 4602 309 4657 saue,
338 4596 376 4644 ut
396 4579 508 4659 video,
537 4581 572 4644 in
595 4602 692 4645 sumn
713 4579 796 4645 illud
819 4581 970 4645 delirium
992 4583 1131 4648 subinde
1183 4584 1302 4648 tinctos
1320 4585 1437 4648 merite
1455 4585 1579 4666 pigeat:
1603 4582 1721 4647 deinde
1740 4583 1824 4646 nihil
1841 4583 1919 4646 iudo
1937 4584 2161 4666 pretulitn'er-

149 4667 347 4745 revolvitur,
381 4667 483 4731 verbo
517 4667 617 4731 fluisse
649 4668 829 4731 increatam
864 4669 1017 4750 effigiem.
1063 4667 1130 4734 Sed
1183 4678 1288 4747 vetus,
1308 4669 1395 4752 quod
1412 4670 1580 4735 doctrinae
1598 4678 1727 4734 nostrae
1746 4691 1812 4734 nen
1831 4682 2001 4754 congruat.
2031 4670 2162 4737 Summa

150 4772 252 4832 quum
293 4753 443 4815 omnium
482 4758 627 4816 aetatum
666 4774 828 4818 consensu
862 4755 996 4837 agnitus
1029 4754 1132 4819 fuerit

150 4837 238 4899 filius
260 4837 367 4918 imago
393 4837 469 4913 Dei,
499 4837 561 4903 hoc
589 4839 714 4904 bestiae
736 4840 899 4904 somnium
922 4841 1045 4904 nemini
1069 4864 1130 4905 un·
1503 4910 1509 4922 ‚

148 4922 307 5004 quam-in
328 4932 473 4986 mentem
493 4926 592 4988 venit.
637 4926 750 5002 Porro,
772 4924 930 5007 quidquid
947 4927 1129 5006 cavilletur,
1254 4911 1283 4971 lt
1301 4910 1422 5005 MCC
1440 4916 1522 5003 l⁰¹,¹.¹¹l
1540 4910 1752 4989 ⁰⁰b¹³⁵1³l¹f¹¹¹⁰¹
1891 4998 1896 5011 Ι
2085 5002 2089 5009 ¹

149 5009 288 5073 lectores
317 5006 428 5071 videre
457 5009 610 5073 existimo
639 5032 739 5093 quam
767 5012 931 5076 contraria
956 5014 1000 5077 sit
1020 5014 1131 5095 impiis
1253 4977 2134 5114 {3¹1¹}2¹c¹⁸g,”,„,qn¹{,¹ld{{}y¹{¹,¹,{lfflumdantS‘lnsnunegm‘

146 5096 220 5161 eius
237 5093 432 5160 commentis
448 5093 580 5160 Irenaei
598 5097 766 5161 autoritas.
810 5097 1016 5164 Pronuneiat
1036 5120 1130 5165 sauc-
1155 5088 1159 5165 l
1253 5115 1284 5181 4)
1304 5117 1409 5184 Nempe
1425 5133 1459 5170 ea
1479 5085 1745 5186 Reecyuittaaituss

1184 4829 1313 4836 ——---—
1322 4828 1388 4833 —.
