4590 5902
132 259 196 323 685
995 259 1060 325 AD
1083 256 1293 326 INTERIM.
2088 265 2152 329 686
2188 274 2194 283 ’

131 445 277 513 traducti
306 448 339 529 (2
359 445 442 530 Reg.
463 445 526 527 17).
572 446 684 513 Tertio
706 447 768 514 fuit
788 445 871 512 illud
894 447 1022 513 facinus
1049 447 1117 511 sin·
1142 468 1145 551 J
1170 454 1209 510 ut
1229 445 1340 511 Deum
1358 447 1467 529 ipsum
1490 447 1694 514 crudelitatis
1715 448 1893 514 insimulet.
1937 449 2007 515 Neo
2026 472 2080 516 me
2101 451 2150 517 la-

131 531 258 617 gulare,
280 529 367 615 quod
388 531 425 596 in
446 531 636 618 exemplum
657 533 744 598 male
761 533 914 598 trahitur.
954 531 1009 598 Ad
1027 533 1116 612 haec,
1142 554 1145 637 ι
1170 539 1232 610 tet,
1265 530 1342 615 quid
1371 531 1529 600 hocloco
1555 533 1745 600 fabulentur
1771 533 1897 600 Iudaei.
1941 535 2010 602 Res
2037 545 2151 603 tamen

133 637 295 701 nusquam
321 616 554 684 sacerdotibus.
572 618 713 701 speciale
740 617 995 687 circumcidendi
1022 640 1116 683 man·
1169 616 1259 683 clara
1291 625 1357 683 est:
1396 619 1574 685 foeminam
1606 620 1801 704 impotentia
1833 621 1936 686 animi
1969 620 2150 703 ardentem,

132 702 249 770 datum
282 702 424 788 legimus
457 702 572 770 datum
604 725 684 771 esse.
734 706 861 788 Aperta
894 713 1004 771 antem
1038 711 1118 770 sunt
1167 701 1242 768 Deo
1264 711 1298 768 et
1319 704 1439 771 marito
1459 704 1657 789 obstrepere,
1680 705 1768 790 quod
1787 704 1849 771 filii
1862 706 2058 791 sanguinem
2079 709 2153 793 ipsa

132 788 261 857 Ohristi
278 788 393 857 verbe:
422 788 490 866 Ite,
518 787 632 858 deceta
653 811 768 857 omnes
789 798 920 876 gentes,
949 811 987 856 ac
1008 790 1116 873 bapti·
1167 787 1306 854 fundere
1340 789 1477 876 cogitur.
1521 792 1686 875 Denique,
1725 813 1768 858 ne
1799 811 1986 858 sermonem
2019 792 2152 878 longius

131 884 214 942 sate.
259 874 360 943 Certe
381 872 512 941 eosdem
534 876 707 942 constituit
735 885 769 943 et
790 876 954 961 evangelii
981 896 1115 960 praeeo·
1166 875 1374 957 protraham,
1403 875 1550 944 breviter
1570 876 1741 944 ostendam
1770 898 1870 945 sensu
1892 880 2059 944 communi
2080 900 2152 947 osse

132 982 207 1041 nes,
240 969 274 1028 et
300 959 456 1046 baptismi
488 961 708 1029 administres.
754 960 792 1029 Si
825 984 922 1029 nemo
955 962 1116 1028 honorem
1168 960 1352 1041 destitutos,
1374 962 1431 1046 qui
1453 963 1602 1047 regulam
1619 984 1662 1029 ex
1683 965 1770 1032 facto
1787 960 1958 1048 Sephorae
1974 963 2152 1064 petendam

132 1045 197 1113 sibi
218 1048 284 1113 rite
305 1048 341 1113 in
366 1046 504 1114 ecelesia
530 1056 683 1133 usurpat,
714 1056 799 1117 teste
827 1049 973 1133 apostolo
996 1048 1114 1132 (Hebr.
1167 1047 1379 1114 contendunt.
1424 1049 1604 1115 Praesente
1630 1050 1767 1129 marito,
1799 1049 2004 1116 circumoidrt
2034 1050 2150 1118 filium.

133 1136 164 1213 b,
181 1134 232 1216 4),
261 1133 326 1200 nisi
347 1135 404 1219 qui
424 1143 562 1203 vocatus
584 1142 643 1215 est,
667 1143 707 1200 ut
727 1137 855 1200 Aaron:
877 1135 1024 1219 quisquis
1046 1134 1116 1200 sine
1167 1135 1216 1199 Et
1235 1133 1388 1217 quisnam
1410 1144 1461 1200 est
1477 1134 1531 1200 vir
1548 1135 1626 1201 ille?
1661 1135 1785 1202 Moises
1802 1136 1981 1219 primarius
1992 1136 2058 1203 Dei
2073 1157 2152 1221 pro-

132 1218 282 1306 legitima
303 1221 472 1287 vocatione
493 1221 646 1304 baptizat,
670 1241 747 1286 eum
769 1229 892 1286 temere
910 1219 1059 1286 involare
1081 1220 1117 1285 in
1167 1218 1278 1303 pheta,
1301 1241 1365 1303 quo
1387 1220 1499 1286 nullus
1520 1241 1668 1306 unquam
1689 1220 1974 1288 maiorinlsraele
1996 1224 2150 1289 surrexit

133 1305 275 1373 alienam
307 1307 509 1372 functionem
544 1306 624 1372 dieo.
670 1305 761 1389 Quid
793 1305 904 1373 enim?
939 1327 1042 1391 quum
1074 1328 1116 1372 ne
1168 1304 1406 1389 Respondeant
1436 1306 1519 1372 mihi
1552 1307 1876 1392 gynaeeobaptistae,
1917 1329 1959 1373 au
1989 1308 2151 1376 foeminae
2278 1308 2281 1313 ’

131 1390 198 1458 Dei
219 1391 353 1476 quidem
375 1393 463 1459 filius
484 1414 520 1459 se
541 1392 693 1478 ingerere
715 1392 867 1471 voluerit,
892 1415 935 1459 an
957 1393 1019 1458 sibi
1042 1413 1116 1458 nes·
1169 1392 1279 1457 daturi
1317 1393 1386 1458 sint
1417 1412 1527 1459 coram
1566 1394 1716 1476 episeopo
1748 1393 1938 1477 baptizandi
1970 1391 2149 1460 licentiam

133 1478 183 1546 oio
205 1478 279 1563 quis
300 1486 409 1545 terrae
431 1477 519 1544 filius
540 1501 576 1544 se
597 1477 766 1563 publicum
783 1480 869 1545 tanti
881 1478 1033 1564 mysterii
1051 1477 1117 1543 dis·
1168 1476 1281 1556 Certe,
1320 1475 1479 1561 pudorem
1509 1478 1576 1544 illis
1613 1480 1752 1544 incutiet
1783 1487 1914 1544 tantum
1950 1487 2150 1563 portentum

132 1573 341 1649 mnsatorem
362 1564 455 1631 nulla
477 1565 652 1632 autoritate
674 1564 818 1632 creabit?
851 1565 894 1630 In
906 1565 1005 1630 rebus
1016 1565 1117 1630 etiam
1168 1563 1283 1647 Neque
1295 1564 1437 1629 frontem
1454 1565 1655 1649 typographi
1667 1564 1748 1630 adeo
1768 1565 1958 1648 perhictam
1975 1586 2047 1632 esse
2061 1574 2150 1650 puto,

132 1651 379 1730 minutissimis,
412 1658 451 1717 ut
475 1651 513 1716 in
540 1652 611 1718 cibo
640 1660 674 1717 et
700 1658 797 1735 potu,
830 1650 988 1735 quidquid
1017 1649 1118 1716 dubia
1167 1649 1247 1732 quin
1264 1651 1374 1732 ipsum
1386 1651 1495 1716 ebriae
1505 1670 1663 1717 censurae
1673 1651 1804 1735 pudeat,
1827 1650 1883 1716 ubi
1895 1650 2103 1735 evigilaverit
2113 1653 2149 1737 ¹).

132 1738 332 1805 conscientia
359 1735 571 1822 aggredimur
598 1744 632 1803 et
653 1737 826 1816 audemus,
853 1736 980 1802 Paulus
1002 1748 1116 1821 aperte
1253 1735 1387 1801 Interea
1409 1737 1533 1802 sobrios
1542 1737 1679 1802 lectores
1701 1735 1854 1815 obtestor,
1876 1745 1915 1801 ut
1936 1737 2068 1820 qualem
2089 1758 2150 1823 ego

131 1831 304 1908 peccatum
326 1844 398 1890 esso
419 1824 547 1891 elamat
592 1824 698 1889 Porro
719 1825 755 1888 in
776 1822 931 1888 muliebri
953 1821 1115 1906 baptismo
1166 1820 1361 1906 religionem
1387 1822 1569 1889 tractandis
1590 1822 1655 1888 Dei
1677 1823 1818 1889 oraculis
1840 1822 1958 1902 affero,
1984 1823 2049 1906 ipsi
2092 1844 2151 1889 uo·

132 1929 215 2063 &⁰⁸⁰
247 1907 325 1975 fidei
354 1908 515 1976 certitudo
547 1929 620 1975 esse
651 1917 775 1993 potest,
808 1930 908 1992 quum
942 1906 1064 1974 tradita
1095 1927 1116 1972 a
1166 1928 1230 1989 que
1251 1905 1448 1973 modestiam
1470 1908 1620 1993 legendis
1638 1910 1770 1993 scriptis
1793 1913 1853 1988 [fot
1872 1914 1927 1989 22]
1950 1909 2033 1975 meis
2055 1844 2150 1975 alhi-

160 1995 268 2062 hristo
294 1995 410 2081 regula
438 1995 601 2062 violetur?
646 1994 734 2061 Nam
761 1994 847 2079 quod
876 1993 1039 2078 evangelii
1062 1995 1114 2060 sui
1166 1993 1275 2059 beant
1315 1990 1406 2060 Sane
1427 1993 1510 2060 mihi
1532 1994 1626 2061 testis
1645 2003 1698 2061 est
1718 1995 1926 2074 eonsoientia‚
1948 2001 2149 2075 reverenter,

131 2082 292 2149 ministris
318 2102 441 2148 munus
467 2081 628 2166 iniungit,
655 2081 810 2147 mulieres
838 2080 879 2145 ad
907 2102 942 2146 se
972 2080 1113 2164 rapiunt.
1166 2087 1201 2143 et
1221 2100 1286 2162 qua
1307 2079 1401 2145 decet
1421 2079 1618 2159 humilitate,
1641 2087 1798 2164 tanquam
1820 2082 1856 2145 in
1877 2079 1942 2145 Dei
1964 2089 1998 2146 et
2015 2081 2147 2166 angelo·

130 2166 342 2254 Respondeat
362 2167 446 2233 mihi
460 2189 584 2246 censor,
607 2187 651 2231 an
672 2166 799 2232 homini
820 2167 869 2232 fas
891 2165 1114 2245 sit'divellere,
1166 2186 1243 2230 rum
1271 2174 1449 2250 conspectu
1476 2166 1549 2232 aliis
1575 2166 1721 2247 tradere,
1756 2165 1842 2250 quod
1871 2166 1954 2231 mihi
1983 2186 2005 2230 a
2029 2166 2151 2232 siritu

132 2274 215 2339 quae
246 2253 412 2321 Dominus
444 2252 637 2338 coniungit?
683 2254 715 2318 A
742 2252 877 2319 Christo
911 2253 1000 2317 enim
1033 2252 1114 2318 haec
1166 2249 1294 2316 Ohristi
1317 2250 1432 2317 datum
1460 2260 1526 2318 est:
1555 2274 1616 2319 neo
1643 2263 1711 2318 tem
1741 2252 1828 2336 quod
1856 2251 1941 2316 mihi
1969 2187 2152 2319 cdlulescit

133 2344 191 2420 [sot
210 2344 267 2420 21]
288 2339 463 2407 coniuncta
485 2359 557 2406 esse
579 2338 729 2419 ostendo,
757 2338 921 2422 evangelii
945 2337 1114 2422 praediea·
1166 2335 1267 2420 sequi,
1290 2357 1389 2420 quam
1411 2347 1557 2404 mentem
1580 2358 1688 2404 meam
1709 2338 1745 2403 in
1758 2338 1821 2404 Dei
1844 2337 2037 2421 obsequium
2056 2336 2150 2404 addi-

131 2426 255 2493 tionem
275 2433 309 2492 et
328 2423 517 2527 baptizandi
538 2425 770 2491 ministerium.
817 2422 865 2491 Os
885 2443 973 2509 ergo,
996 2431 1113 2489 contra
1165 2443 1247 2488 cere.
1292 2423 1349 2488 Me
1378 2445 1456 2490 vero
1490 2424 1605 2508 procul
1639 2423 1752 2491 abesse
1781 2423 1821 2489 ab
1856 2444 1972 2489 eorum
1999 2443 2148 2504 numero,

132 2511 287 2579 disertam
308 2513 443 2595 spiritus
488 2512 733 2590 rohibitionem,
761 2510 954 2576 mulieribus
977 2508 1112 2592 aperiat,
1165 2528 1247 2592 quos
1275 2508 1316 2574 ad
1344 2508 1539 2592 captandam
1565 2508 1758 2594 dogmatum
1785 2509 1982 2588 novitatem,
2011 2509 2148 2575 ambitio

150 2598 186 2663 ni
213 2597 370 2678 altorum,
397 2533 487 2682 quel
510 2597 588 2663 inde
616 2598 778 2680 sequitur,
806 2596 872 2661 illis
899 2594 975 2662 vult
1003 2595 1111 2660 licere.
1165 2594 1328 2673 sollicitat,
1352 2604 1422 2661 tota
1434 2597 1523 2661 vitae
1534 2617 1626 2661 meae
1644 2596 1729 2661 ratio
1751 2603 1900 2662 testatur.
1932 2596 1980 2660 Et
2000 2594 2148 2662 inlibris
2216 2623 2227 2633 ·

175 2684 333 2750 dmirari
355 2687 435 2751 satis
457 2705 582 2767 nequeo
597 2691 665 2748 tem
686 2681 821 2748 hebetes
841 2704 922 2761 esse,
945 2682 1002 2764 qui
1023 2681 1112 2746 hunc
1164 2682 1264 2760 meis,
1298 2692 1336 2745 ut
1362 2683 1495 2765 opinor,
1528 2681 1620 2746 nulla
1647 2682 1834 2747 ostentatio:
1868 2681 2008 2765 simplex
2035 2690 2146 2748 autem

133 2769 273 2836 colorem
295 2769 495 2849 obtendunt,
524 2779 562 2835 ut
584 2791 650 2835 non
672 2769 873 2852 perspiciant
894 2767 979 2832 nihil
1001 2767 1113 2832 minus
1164 2765 1362 2833 aedificandi
1383 2767 1528 2833 studium
1548 2768 1669 2851 ubique
1688 2768 1821 2833 eminet.

134 2852 301 2941 Sephorae
322 2856 423 2922 fuisse
444 2855 657 2939 propositum,
686 2876 785 2937 quam
807 2864 846 2918 ut
867 2852 941 2918 Deo
961 2853 1111 2918 ministe-

133 2942 215 3007 rium
246 2952 438 3027 praestaret
480 2941 642 3007 Fremens
671 2949 705 3006 et
733 2938 984 3025 indignabunda
1015 2959 1112 3037 prae·

134 3028 257 3111 putium
286 3027 322 3093 in
345 3037 468 3094 terram
496 3029 633 3111 proiicit.
677 3027 801 3092 Marito
823 3026 871 3093 sio
896 3025 1111 3104 conviciatur,
1234 3041 1264 3109 1)
1282 3040 1348 3096 Duo
1363 3047 1501 3112 postrata
1518 3042 1600 3096 cerco
1617 3040 1716 3096 desem
1733 3056 1778 3109 ap.
1796 3039 1899 3094 Boram
1916 3046 1941 3095 er
1960 3041 1991 3093 s'n
2008 3040 2095 3094 Aac.

710 3532 927 3589 APPENDIGIS
952 3529 1144 3587 ADVERSUS
1162 3529 1322 3585 INTERIM
1344 3528 1453 3601 FINIS,
1475 3533 1565 3586 1550.
