4590 5902
141 245 204 307 489
963 244 1064 313 OUM
1085 241 1335 312 ANTIDOTO.
2093 254 2158 316 490

141 431 306 514 reliqionis
324 433 545 496 incrementum
564 435 712 514 prosequi
725 434 902 499 intendens:
924 439 959 497 ut
979 435 1122 516 sequitur
1173 433 1319 512 tionibus,
1336 434 1531 516 pricilepiis,
1558 440 1586 498 et
1615 435 1863 517 exemptionibus
1891 443 1964 516 [pag.
1991 442 2066 516 259]
2088 439 2158 520 qui-

140 517 341 583 adhucdum
373 518 508 596 caisuit,
540 519 631 583 sulca
656 540 777 601 semper
809 521 844 583 in
871 519 1012 585 ansibus
1038 521 1122 584 sedis
1174 518 1356 599 ascirique,
1379 521 1473 583 etiam
1495 540 1565 584 cum
1588 521 1731 585 iudicum
1761 522 1893 603 speciali
1906 522 1930 605 ¹)
1953 523 2158 604 deputatione,

143 603 342 684 Apostolicae
363 604 537 669 autoritate.
1174 604 1353 668 stillarum
1376 605 1624 685 inhibitionibus,
1647 608 1681 671 in
1697 608 1890 689 praunissis
1901 611 2018 672 nemini
2039 611 2158 691 suffra·

231 688 288 754 Ad
326 689 552 755 cathedralium
584 689 799 755 Ecclesimm
830 693 982 775 reqimen,
1014 691 1124 756 nnhns
1172 689 1327 773 pontibus.

141 774 207 840 nisi
229 796 270 839 cc
292 775 429 858 lepitim
448 776 647 841 matrimonio
674 782 782 857 notus,
812 782 842 842 et
868 782 968 842 aetate
987 782 1123 854 matura,
1271 775 1405 840 Unrones
1432 781 1618 859 perpetuae,
1656 799 1677 842 a
1709 777 1783 843 XL.
1812 779 1909 843 arinis
1936 781 2018 844 citro
2044 780 2157 863 sactae,

139 863 296 946 pravitate
316 881 451 941 morum,
469 861 692 944 literarumque
710 864 849 942 scientia,
869 865 959 927 iusta
980 864 1125 929 coristitu-
1149 876 1152 995 Ι
1176 863 1356 926 examinari
1378 862 1417 927 ab
1439 863 1628 941 ordinariis,
1655 869 1805 945 tanquam
1834 885 1855 928 a
1883 865 1954 930 sede
1975 866 2158 947 Apostolica

143 948 258 1011 timeon
276 947 460 1013 Alexandri
479 946 551 1011 ΙΙΙ.
570 969 650 1030 quae
667 950 794 1031 incipit:
815 955 934 1030 Quum
955 949 997 1013 in
1013 969 1125 1013 cunc·
1177 947 1335 1030 deleqatis,
1351 950 1494 1028 possint:
1515 953 1640 1030 etquae
1652 971 1712 1032 per
1733 949 1968 1032 subreptionem,
1991 951 2039 1017 ael
2055 952 2158 1034 obrep-

144 1034 215 1097 tis:
237 1034 273 1097 in
297 1032 434 1098 &nodio
457 1033 666 1099 Laterancnsi
681 1034 930 1118 promulqotam,
948 1033 1123 1117 praeditus,
1177 1035 1290 1097 tionem
1325 1033 1458 1098 obterctae
1489 1035 1623 1116 fuerint,
1662 1036 1774 1100 irritae
1813 1036 2016 1102 declarentur.
2072 1037 2160 1105 Illas

139 1124 334 1185 assumatur.
1177 1138 1247 1183 uero
1268 1139 1351 1200 quae
1374 1142 1394 1183 a
1415 1119 1495 1184 dicto
1516 1126 1650 1203 ternpore
1670 1123 1753 1187 citro
1771 1141 1942 1203 caucssae,
1964 1123 2102 1188 nondum
2121 1124 2158 1188 in

231 1204 334 1270 Nemo
352 1225 536 1286 quacunque
546 1207 809 1290 etiomdiqnitate,
825 1206 939 1290 produ
961 1212 1017 1271 aut
1027 1227 1125 1287 prae-
1177 1210 1236 1269 toto
1257 1204 1305 1268 ael
1331 1205 1365 1269 in
1383 1210 1476 1288 parte
1497 1207 1624 1272 sortitae
1650 1212 1725 1272 suat
1745 1207 1896 1288 doctum,
1923 1213 2052 1292 etquas
2071 1209 2158 1275 dein·

141 1290 311 1355 minentia
326 1290 547 1374 prachclqcns,
570 1292 682 1374 plures
704 1292 978 1374 Metropolitanus,
1001 1312 1056 1357 seu
1077 1312 1126 1358 co-
1150 1314 1153 1423 q
1177 1310 1248 1370 ceps
1270 1291 1313 1355 ad
1334 1293 1475 1356 cuiusuis
1501 1292 1689 1358 instantiam
1711 1293 1800 1374 dent:
1828 1294 1896 1357 nisi
1916 1315 1970 1360 ecs
1999 1315 2037 1359 coc
2058 1295 2158 1378 leqiti-

141 1374 300 1441 thedralcs
321 1375 497 1455 Ecclesias,
524 1378 561 1441 in
582 1379 709 1443 titulum
729 1379 795 1442 siae
816 1378 1039 1455 seminandam,
1068 1384 1126 1443 aut
1177 1376 1247 1454 mis,
1270 1381 1327 1440 aut
1347 1376 1431 1442 olias
1451 1378 1692 1443 rationabilibus
1713 1380 1834 1457 causis,
1863 1398 1967 1444 coram
1989 1381 2050 1446 loci
2071 1380 2156 1446 ordi·

141 1463 252 1543 quocr's
274 1461 338 1526 alio
359 1463 497 1541 nomine,
524 1469 631 1528 contra
657 1483 820 1528 sacrorum
844 1462 1008 1529 Oanonum
1036 1465 1127 1528 insti·
1149 1434 1153 1533 l
1176 1464 1285 1541 nario,
1319 1464 1438 1528 vocatis
1469 1483 1601 1544 quorum
1633 1465 1773 1545 interest,
1806 1466 2020 1546 verificandis,
2052 1466 2157 1548 factas

142 1551 212 1612 tuta
243 1549 396 1630 recipere,
428 1553 484 1612 aut
513 1549 613 1614 umal
639 1551 772 1614 retinere
795 1555 995 1632 prasumat:
1027 1570 1126 1631 quum
1173 1547 1275 1629 fuisse
1288 1550 1469 1613 constiterit:
1483 1570 1545 1630 per
1561 1549 1931 1631 siorepriuiuioonnae
1946 1571 2158 1633 praesuman-

143 1633 238 1699 valde
246 1633 329 1715 felic
339 1634 382 1697 sit
392 1632 446 1697 die
456 1635 632 1714 censendus,
644 1636 696 1699 cui
706 1656 804 1699 ursam
815 1634 1124 1701 Ecehuambeneac
1176 1639 1242 1698 tur:
1263 1655 1301 1699 ac
1318 1639 1498 1717 propterea,
1520 1636 1586 1699 nisi
1606 1635 1699 1701 aliter
1720 1658 1741 1701 a
1760 1637 1831 1701 sedc
1853 1636 2036 1717 Apostolica
2057 1637 2156 1704 decla·

140 1719 310 1801 fructuose,
332 1724 451 1784 etcum
468 1721 651 1786 animarum
674 1721 736 1786 sibi
757 1723 994 1786 commissarum
1014 1723 1124 1801 salide,
1175 1725 1282 1784 ratum
1301 1721 1407 1801 fund,
1429 1719 1551 1785 uiribus
1573 1723 1698 1787 omnino
1719 1727 1853 1786 careant.

140 1825 247 1888 repere
269 1806 349 1869 cont'
369 1805 435 1870 crit.
484 1806 546 1886 Qui
568 1811 671 1871 antem
686 1807 798 1887 plures·
819 1806 993 1883 Ecclesias,
1016 1812 1123 1872 contra
1261 1804 1423 1887 Beneficia
1432 1805 1655 1872 Ecclesiastico
1672 1812 1792 1883 amato,
1814 1828 1895 1889 quae
1915 1807 2155 1888 cathedralibus,

134 1891 318 1974 praesectis
381 1893 473 1956 arcti
499 1897 633 1955 tenorem
662 1897 736 1971 [pag.
763 1897 838 1971 257]
871 1912 954 1957 nunc
979 1894 1122 1969 detinent,
1174 1890 1352 1974 colleqiatis,
1372 1913 1428 1956 seu
1449 1891 1526 1957 aliis
1547 1892 1712 1972 Ecclesiis,
1741 1894 1790 1959 cel
1812 1893 2026 1973 Monosteriis,
2045 1892 2155 1975 berceti

139 1996 207 2040 una
229 1997 327 2059 quam
347 1977 518 2042 maluerint
537 1983 668 2056 retenta,
690 1979 833 2059 reliquas
853 1980 940 2059 irifra
963 1998 1019 2042 sss
1040 1999 1123 2043 men-
1175 1977 1242 2055 ciis,
1264 1997 1319 2042 seu
1343 1976 1496 2061 Coilepiis,
1519 1984 1575 2043 ant
1596 1980 1668 2060 piis
1693 1979 1768 2044 locis
1795 1979 2028 2060 quibuscunque
2043 2001 2157 2063 perpe-

138 2082 198 2143 scs,
219 2063 251 2126 si
272 2062 317 2127 ad
337 2062 468 2127 liberum
486 2064 783 2146 sedisapostolicae
804 2065 1036 2146 dispositionem
1050 2085 1123 2145 per-
1174 2066 1227 2128 tuo
1247 2065 1340 2128 unita
1366 2070 1394 2128 et
1421 2084 1545 2128 annexa
1570 2067 1787 2147 reperiuntur:
1815 2065 1855 2130 ab
1882 2065 2058 2130 ordinariis
2079 2066 2156 2133 locc-

139 2149 268 2225 tineant,
289 2147 376 2213 alias
397 2148 486 2230 infra
507 2170 629 2214 aurium
646 2150 799 2215 dimittere
820 2155 989 2215 teneantur.
1033 2150 1122 2214 Alio
1174 2168 1256 2228 rum,
1278 2151 1374 2214 annis
1394 2150 1530 2232 unquis
1553 2155 1627 2228 [pag.
1653 2156 1728 2230 260]
1751 2152 1925 2229 visitentur,
1948 2153 2004 2232 qui
2024 2152 2155 2219 sollicite

139 2235 196 2316 qui
218 2232 381 2299 Ecclesiae
401 2236 504 2315 ipsas,
530 2235 645 2300 ultima
666 2236 784 2301 obtima
811 2237 968 2300 duntaxat
987 2242 1120 2319 mcepta,
1168 2235 1333 2316 procidere
1348 2240 1524 2318 procurent,
1546 2242 1582 2300 ut
1597 2258 1658 2319 per
1673 2237 1799 2302 muscos
1819 2237 1963 2303 Vicarios
1980 2242 2154 2319 perpetrm,

137 2340 173 2385 eo
195 2320 266 2401 ipso
287 2339 400 2383 cacare
421 2328 610 2386 cerrseantnr.
1173 2321 1238 2383 nisi
1263 2322 1342 2403 ipsis
1365 2322 1544 2386 ordinariis
1564 2343 1626 2403 pro
1648 2322 1722 2386 bono
1750 2322 1966 2388 Ecclesiarum
1993 2322 2153 2406 reqimine,

229 2404 394 2488 Irifeiiora
416 2405 575 2487 uneheim
595 2409 786 2489 praesertim
807 2427 917 2473 curam
938 2409 1121 2471 quintorum
1173 2406 1265 2470 aliter
1293 2407 1438 2488 expedire
1466 2406 1635 2488 uidebitur,
1667 2408 1706 2472 ab
1728 2410 1789 2488 cis,
1818 2429 1888 2473 cum
1915 2409 2023 2473 tertiae
2044 2410 2154 2491 partis

138 2490 296 2570 haberitis,
312 2495 460 2574 personis
481 2493 589 2575 diqnis
610 2497 639 2557 ct
658 2493 829 2573 habilibus,
852 2500 881 2558 et
902 2513 981 2574 quae
1002 2495 1036 2556 in
1058 2493 1120 2557 loco
1169 2492 1337 2573 triestinum,
1360 2499 1416 2557 aut
1436 2493 1553 2558 maiori
1574 2494 1620 2558 uel
1642 2495 1766 2573 minori,
1790 2495 1920 2560 arbitrio
1941 2496 2084 2577 ipsorum
2105 2514 2154 2559 or-

135 2578 284 2655 residere,
308 2583 399 2659 atque
414 2598 531 2659 perse
553 2580 639 2660 ipsos
660 2599 769 2644 curam
786 2581 891 2661 ipsam
912 2599 1050 2644 escrcem
1065 2599 1120 2643 aa·
1171 2578 1378 2657 dinariorum,
1396 2581 1547 2661 portione,
1565 2581 1661 2644 etiam
1677 2601 1773 2661 snper
1794 2586 1930 2645 certare
1947 2581 2152 2664 assipnanda,

135 2663 232 2741 leant,
257 2666 347 2728 luchs
369 2665 613 2729 constitutionem
636 2665 817 2730 Alexandri
835 2664 908 2729 ΙΙΙ.
930 2667 963 2728 in
988 2665 1120 2729 Latera
1172 2664 1285 2728 ibidem
1306 2666 1513 2748 deputandos,
1536 2667 1718 2731 anirnarum
1740 2687 1817 2731 cura
1838 2665 2041 2732 landabiliter
2067 2687 2153 2731 ecer-

137 2750 240 2829 nensi,
263 2769 343 2831 quae
364 2750 490 2831 incipit:
516 2751 616 2831 Quia
643 2750 849 2816 scannulli:
870 2755 899 2816 et
918 2752 1019 2816 aliam
1043 2752 1120 2816 (irc-
1169 2755 1293 2814 ceatnr:
1338 2750 1613 2833 appellationibus,
1650 2752 1847 2835 pricilepiis,
1896 2752 2149 2835 exemptionibus,

132 2836 221 2919 qorii
247 2834 290 2901 X.
312 2836 347 2900 in
368 2835 509 2919 qeneroli
531 2834 737 2920 Luqdunensi
761 2835 912 2918 Concilio,
940 2857 1021 2919 quoe
1043 2838 1120 2901 inci·
1171 2836 1266 2900 etiam
1288 2856 1359 2902 acne
1380 2838 1521 2902 iudicum
1542 2838 1746 2919 deputatione,
1768 2839 1942 2904 stillarum
1960 2837 2152 2903 inhibitioni-

126 2923 200 3005 pit:
222 2920 336 2987 Licet
357 2942 495 3001 canon,
524 2924 653 3002 editam,
675 2923 885 3005 conferantur.
929 2923 1036 2988 Aliter
1064 2943 1119 2988 ou·
1172 2921 1229 2986 brus
1257 2923 1503 3005 quibuscunque,
1537 2925 1572 2987 in
1595 2925 1787 3006 praemissis
1818 2925 1948 2989 minime
1975 2925 2153 3007 suffraqan·

134 3012 199 3074 tem
218 3007 306 3091 facta
331 3008 463 3085 collatio,
486 3010 551 3074 sice
566 3011 726 3091 provisio,
756 3010 880 3074 omnino
902 3010 1061 3088 irritetur,
1091 3014 1120 3074 et
1170 3007 1262 3073 tibus.

135 3094 327 3160 ordinarius
348 3094 474 3159 cadaloc
489 3115 609 3176 pocrras
630 3096 857 3160 constitutionis
881 3094 1012 3161 Consilii
1031 3070 1147 3180 pene-l
1258 3094 1412 3159 Locorum
1443 3096 1613 3161 Ordiuorii
1640 3096 1801 3161 Ecclesias
1830 3115 2045 3177 quascunque,
2077 3116 2151 3176 quo-

136 3181 231 3260 rolis,
250 3202 330 3262 quac
351 3181 480 3262 incipit:
506 3181 637 3246 Gracc
663 3183 703 3245 ni
709 3183 796 3261 mis,
821 3202 854 3246 se
875 3184 993 3246 nocuit
1015 3183 1120 3246 inacc-
1143 3150 1147 3227 l
1171 3180 1333 3246 modolibet
1355 3188 1521 3264 ermiptas,
1544 3182 1710 3246 assimitate
1731 3181 1913 3261 Apostolica
1937 3180 2074 3263 sirspalis
2096 3200 2152 3244 an·

133 3286 258 3331 sunem.
1143 3236 1147 3337 l
1171 3266 1223 3330 nis
1250 3267 1380 3332 uisitare
1406 3273 1581 3345 arceantur,
1618 3273 1645 3330 et
1673 3268 1853 3348 opportunis
1887 3267 1971 3331 iuris
2001 3266 2151 3331 remediis

227 3352 410 3435 Quicunque
429 3353 467 3417 dc
487 3358 604 3418 caetero
620 3352 721 3435 plura
742 3357 861 3431 curata,
882 3359 939 3417 aut
965 3353 1049 3417 alias
1071 3354 1120 3417 in·
1143 3344 1147 3451 ἰ
1165 3352 1338 3433 prosilere,
1362 3358 1397 3416 ut
1418 3374 1498 3433 quac
1520 3354 1716 3434 reparatione
1738 3353 1878 3436 indiqent
1898 3357 2101 3435 reparentur,
2123 3356 2151 3416 et

133 3439 350 3521 compatibilia
390 3439 536 3520 mucida
569 3438 806 3517 Ecclesiastico,
845 3440 910 3503 sioe
942 3459 1002 3521 per
1033 3438 1120 3502 uiam
1144 3462 1147 3501 l
1171 3457 1248 3503 uera
1270 3439 1459 3517 animarum,
1482 3440 1512 3503 si
1530 3460 1592 3520 qna
1611 3439 1680 3503 iilis
1694 3440 1861 3518 immineat,
1883 3439 2017 3519 aliisque
2039 3438 2151 3503 debitis

135 3527 270 3591 sotionis
290 3526 334 3589 ad
353 3526 460 3605 adam,
482 3528 548 3591 sice
569 3526 764 3590 commendas
775 3530 954 3606 perpetuae,
977 3529 1034 3587 ant
1054 3525 1119 3590 allo
1170 3524 1325 3604 obsequiis
1341 3526 1470 3590 minime
1491 3526 1724 3607 defrarrdentur.
1769 3525 2053 3608 Appellationibus,
2077 3524 2151 3605 pri·

138 3616 216 3692 [pag.
241 3616 319 3689 258]
342 3631 522 3694 quoeunque
545 3613 668 3676 nomine
689 3617 717 3676 et
736 3612 835 3690 titulo,
855 3616 963 3675 contro
982 3613 1120 3692 sumam
1169 3610 1303 3692 aileqiis,
1325 3611 1614 3689 cassaturlinibus,
1637 3612 1731 3677 etiarn
1752 3613 1792 3676 ab
1813 3610 2053 3677 immemorabili
2075 3616 2150 3675 tens-

136 3717 305 3765 sacrorum
329 3698 500 3795 Caranum,
523 3703 551 3763 et
564 3699 757 3778 pramatim
777 3697 1002 3763 constitutionis
1024 3695 1119 3762 [rino
1164 3715 1245 3776 pore
1264 3699 1487 3777 praescriptis,
1511 3698 1653 3763 iudicum
1675 3698 1944 3780 deputationibus,
1973 3702 2048 3778 [pag.
2072 3701 2149 3776 261]

135 3786 232 3850 centii
254 3782 328 3862 ΙΙΙ,
350 3804 431 3865 quae
452 3785 579 3867 incipit:
606 3783 663 3849 De
689 3783 830 3848 multa:
858 3784 1056 3863 reciperem
1076 3784 1120 3847 si·
1170 3781 1218 3846 oel
1237 3781 1365 3848 illorum
1386 3782 1632 3863 inhibitionibus,
1648 3785 1779 3864 penitus
1799 3785 1943 3850 seclusis.

134 3870 206 3935 mid
225 3871 358 3934 retinere
372 3871 640 3953 praesumpserit:
660 3869 816 3950 beneficiis
835 3869 930 3950 ipsis,
958 3868 1050 3933 iusto
1071 3870 1119 3950 ip
1257 3868 1313 3932 Aa
1340 3870 1475 3935 maiores
1502 3869 1662 3935 Ecdcsias
1683 3871 1822 3950 prunoli
1851 3891 1969 3935 munus
1994 3886 2150 3932 consecra·

134 3958 210 4023 sius
245 3954 482 4021 Constitutionis
520 3957 753 4037 dispositionem
792 3957 863 4037 ipso
902 3956 987 4035 iure,
1025 3955 1119 4020 etiam
1170 3955 1266 4018 tionis
1286 3956 1373 4036 infra
1395 3960 1515 4036 tempus
1537 3957 1639 4020 aiure
1657 3961 1807 4021 cauum
1828 3956 2011 4038 susscipiant,
2035 3957 2063 4015 ct
2074 3972 2150 4034 pro-

127 4043 317 4126 praesentis
338 4040 478 4107 Cononis
498 4044 611 4126 aiqore,
627 4043 778 4124 micatus
798 4043 935 4107 exsistat.
1171 4040 1441 4123 roqationesultro
1458 4060 1644 4107 scanienses
1660 4041 1911 4107 concessoenulli
1925 4041 2145 4121 srffrapentur.

229 4127 399 4195 Ordinorii
419 4127 553 4193 lacuum
575 4148 772 4209 quoscumque
788 4128 889 4209 plura
910 4133 1036 4205 arata,
1065 4130 1120 4191 aut
1259 4127 1333 4191 Non
1361 4127 1452 4192 liceat
1478 4128 1628 4209 capitulis
1655 4127 1885 4205 Ecclesiarum,
1913 4127 1983 4192 sede
2011 4128 2147 4202 amante,

133 4214 223 4283 alias
251 4213 498 4295 incompatibilia
528 4214 675 4295 beneficia
696 4213 919 4279 Ecclesiastico
946 4213 1118 4291 obtincntcs,
1171 4213 1261 4294 infra
1288 4233 1421 4291 annum,
1450 4235 1471 4277 a
1499 4212 1550 4277 die
1575 4214 1750 4280 vacationis
1780 4211 1950 4278 ordinandi
1979 4209 2147 4288 licentiam,

133 4301 388 4385 dispensationes
407 4320 486 4366 suas
507 4299 647 4366 exhibere
668 4300 867 4382 compedum,
894 4306 923 4364 ct
945 4299 1030 4365 alias
1045 4318 1120 4381 pro·
1170 4303 1227 4363 aut
1248 4298 1358 4363 literas
1378 4298 1588 4378 dimissorias,
1610 4320 1666 4365 seu
1687 4299 1871 4364 ieremias
1901 4298 1950 4379 (ut
1971 4295 2074 4376 ah'qm
2095 4314 2146 4359 oa-

132 4390 246 4455 cedant
275 4389 368 4451 iuato
395 4388 640 4452 constitutionem
672 4386 820 4470 Greqorii
845 4384 889 4449 X.
916 4386 952 4450 in
978 4384 1118 4468 qenerali
1169 4385 1252 4464 cant)
1275 4389 1339 4448 tom
1360 4405 1400 4449 eu
1419 4386 1503 4449 iuris
1520 4386 1692 4451 conimunis
1709 4384 1919 4464 dispositione,
1940 4400 2037 4463 quam
2054 4380 2147 4445 etiam

227 4474 342 4539 unensi
357 4471 501 4553 Concilio,
523 4495 602 4555 quae
619 4474 746 4555 incipit:
772 4471 1002 4538 Ordinarii:
1022 4491 1117 4552 qnam
1168 4470 1309 4535 ariusois
1329 4471 1510 4555 pricileqii,
1545 4477 1602 4536 aut
1629 4470 1861 4537 consuetudinis
1886 4469 2004 4552 uipera
2038 4466 2146 4546 aliani,

191 4580 243 4626 cin
264 4564 463 4625 sacrosancta
485 4559 629 4642 Synodus
650 4558 862 4625 innovandam
883 4561 994 4636 censet,
1018 4561 1046 4621 et
1069 4558 1117 4621 in·
1168 4556 1223 4636 qui
1245 4555 1382 4637 bmcpieii
1399 4556 1612 4622 Ecclesiastici
1628 4557 1750 4639 recepti,
1772 4555 1838 4619 sice
1859 4554 2041 4637 ramundi,
2063 4572 2147 4619 ccco·

127 4650 233 4713 nord.
278 4645 409 4711 Addcns
435 4646 580 4729 insuper,
608 4646 690 4728 quod
717 4645 783 4726 ipsi
815 4642 995 4722 ordinarii,
1022 4643 1116 4708 diam
1150 4643 1254 4707 sione
1281 4646 1420 4708 arctatus
1445 4663 1506 4708 non
1532 4642 1645 4724 sicud,
1678 4641 1845 4707 concedere.
1899 4639 1938 4705 Si
1964 4659 2053 4706 sceris
2078 4637 2146 4720 liat,

122 4732 386 4819 peridonconrm
404 4731 892 4815 Vieariorumdeputationem,ot
908 4748 1076 4812 conpruam
1090 4728 1114 4813 ¹)
1166 4729 1339 4808 capitulum
1360 4730 1606 4808 mnuacenicns,
1629 4728 1846 4795 Ecclesiastico
1868 4727 2025 4792 subiacuit
2052 4725 2147 4790 inter·

118 4819 287 4906 portianis
306 4817 466 4901 fricetrucm
556 4820 561 4832 '
603 4819 752 4895 alionum
780 4817 904 4881 ormino
919 4815 1114 4895 provideant,
1166 4814 1255 4892 dicta,
1278 4819 1306 4879 et
1326 4815 1372 4879 sic
1389 4816 1539 4893 ordinati,
1562 4816 1592 4880 si
1614 4816 1650 4878 in
1662 4811 1839 4879 minoribus
1856 4812 2019 4879 ordinibus
2036 4811 2147 4876 condi·

125 4909 167 4971 ια
187 4906 374 4969 animarum
400 4925 476 4970 cura
495 4840 684 4970 waterus
704 4903 892 4986 neptiqatur,
921 4900 1115 4982 etbcneficia
1165 4899 1233 4980 tuti,
1243 4901 1271 4982 ²)
1294 4899 1380 4966 nudo
1397 4901 1567 4984 pricileqio
1593 4900 1747 4978 clericali,
1770 4901 1961 4982 praesertim
1981 4899 2018 4963 iu
2039 4895 2146 4963 crism-

129 4994 224 5077 mssa,
245 4989 358 5057 debitis
378 4990 532 5073 obsequiis
551 4992 682 5056 minime
702 4987 947 5072 defraudatur,
974 4986 1114 5072 appella·

123 5115 336 5131 ·-···“-
1233 5104 1263 5172 1)
1282 5106 1437 5176 specialium
1463 5105 1552 5160 sun.
1569 5110 1596 5163 ct
1614 5103 1687 5161 (lost.

201 5181 546 5251 laciniosissimo
566 5179 639 5236 con.
1231 5175 1263 5243 α)
1282 5179 1370 5232 sun.
1386 5181 1412 5230 n
1432 5149 1504 5231 bau
1521 5174 1587 5231 aaa
1605 5175 1713 5231 menni.
