4620 5894
1904 40 2077 65 ''flu‘'
2093 40 2146 63 9¹·
2158 44 2166 59 ο
2188 50 2215 67 5.

136 216 199 286 en
264 269 266 272 .
933 211 1000 278 DE
1028 210 1252 279 huruuua
1278 210 1363 278 DEI
2097 210 2156 274 312

134 403 297 491 quidquid
318 409 371 470 est
391 404 427 469 in
449 401 540 470 coelo
559 408 594 468 et
616 402 651 468 in
674 407 765 467 terra
793 400 929 467 ordinis.
942 398 967 550 ’Β
1012 399 1125 482 Quum
1176 398 1310 465 fortuito
1332 398 1397 466 huc
1418 398 1499 467 illuc
1520 400 1655 482 raptari,
1678 398 1732 466 vel
1754 418 1852 465 moa
1871 397 2066 463 temeritate
2085 419 2156 463 eum

135 511 218 576 ergo
239 491 277 555 in
293 510 463 557 summum
483 487 624 573 gradum
643 487 815 553 evehimus
826 487 891 552 Dei
906 507 948 552 vo
962 492 1124 565 untatem,
1176 485 1284 551 facere
1306 485 1392 569 quod
1409 485 1498 564 facit,
1520 486 1696 568 qnisquam
1713 506 1755 550 ex
1774 484 1884 551 verbis
1901 484 1987 549 meis
2005 482 2155 569 colliget?

136 584 177 643 ut
198 579 243 641 sit
263 576 354 641 omni
376 576 506 641 ratione
535 574 694 657 superior,
728 572 817 639 absit
848 579 888 638 ιι
919 592 996 637 eum
1030 569 1125 655 quid-
1176 570 1250 636 Imo
1271 570 1369 654 paulo
1392 578 1466 653 post
1488 572 1589 637 verba
1609 590 1685 636 mea
1705 572 1795 647 citat,
1828 570 1949 654 quibus
1970 570 2064 648 satis,
2096 571 2157 637 nisi

137 682 240 746 quam
266 661 331 727 nisi
364 681 495 727 summa
529 660 657 724 ratione
684 659 769 725 vello
796 658 1033 743 imaginemur:
1067 655 1126 723 sed
1176 656 1282 735 fallor,
1305 655 1447 722 dilucide
1468 656 1642 722 refellitur:
1664 677 1765 739 quum
1778 656 1851 721 Deo
1863 654 2156 741 semperinoperi·

24 824 29 831 ¹
137 747 334 832 simpliciter
355 747 529 825 sentimus,
562 765 639 810 eum
665 745 737 810 iure
764 763 824 810 suo
851 750 982 809 tantum
1002 740 1126 809 habere
1175 741 1238 808 bus
1266 741 1448 825 quamlibet
1473 743 1603 808 areanis
1629 743 1834 825 propositum
1865 761 1938 808 esse
1970 740 2055 821 dieo,
2069 743 2094 824 ¹)
2123 749 2159 808 ut

136 833 329 918 potestatis,
366 838 407 897 nt
439 831 507 897 solo
539 830 611 896 eius
643 836 727 911 nutu
759 835 929 897 contentos
961 849 1033 894 esse
1064 848 1126 893 nos
1176 828 1321 893 nominis
1342 828 1394 893 sui
1415 828 1554 912 gloriam
1575 827 1736 892 illustret:
1768 828 1833 892 nisi
1860 826 1949 911 quod
1969 847 2159 977 repugnan-

138 925 296 1002 oporteat.
341 917 430 983 Nam
461 919 490 983 si
524 935 603 982 vere
637 915 763 981 dictum
793 921 859 980 est:
895 912 1023 981 Iudicia
1055 919 1125 994 tna,
1177 914 1244 978 tiae
1266 912 1407 979 colorem
1435 913 1470 977 in
1492 933 1532 979 ιο
1556 912 1733 978 lectoribus
1753 921 1905 993 ostentat,
1938 913 2029 996 qnod
2079 914 2158 980 ivini

139 1005 280 1089 abyssus
305 1002 411 1070 multa
432 1002 535 1087 (Psal.
557 1004 608 1081 36,
632 1000 681 1087 7):
711 1000 810 1066 simul
831 1006 930 1083 atque
951 1020 991 1065 eo
1011 1020 1126 1084 super·
1177 998 1376 1084 beneplaciti
1408 1000 1568 1064 rationem
1603 998 1824 1083 quaerendam
1853 1018 1954 1084 nego:
1993 1006 2030 1064 ιι
2062 999 2158 1065 simul

139 1089 213 1156 biae
240 1089 428 1172 prorumpit
455 1108 550 1153 mons
579 1087 733 1166 hominis,
768 1093 806 1151 ut
834 1086 871 1150 in
899 1085 1040 1169 simplici
1061 1085 1126 1150 Dei
1177 1091 1290 1149 tamen
1312 1082 1409 1150 doceo
1433 1105 1594 1168 quaenam
1615 1085 1673 1150 illa
1694 1085 1747 1151 sit
1791 1082 1903 1166 Quam
1930 1084 1973 1149 fri
2000 1085 2075 1151 'dae
2095 1085 2159 1151 sint

138 1173 345 1258 beneplacito
369 1194 437 1239 nou
460 1174 655 1257 acquiescat,
677 1169 863 1239 cavendum
887 1179 947 1247 est,
970 1192 1012 1236 ne
1034 1177 1127 1235 tanta
1177 1191 1287 1254 nugae
1325 1169 1418 1250 istae,
1458 1169 1644 1236 accuratius
1683 1178 1866 1235 monstrare
1903 1170 1979 1235 nihi
2032 1170 2158 1236 attinet

137 1259 232 1326 illam
258 1258 469 1344 profunditas
497 1258 679 1326 absorbeat.
723 1257 794 1322 Neo
822 1276 902 1323 sane
933 1257 1006 1322 fieri
1029 1255 1126 1321 ahter
1178 1255 1315 1323 Gloriae
1337 1277 1416 1322 suae
1437 1256 1599 1322 rationem
1622 1258 1659 1320 ιιι
1679 1257 1775 1322 iactis
1795 1256 1864 1322 suis
1882 1256 2039 1322 omnibns
2062 1255 2159 1322 habet

181 1351 260 1411 test:
303 1352 403 1427 atque
443 1345 526 1412 haec
567 1344 643 1428 plus
684 1364 784 1427 quam
826 1344 915 1408 iusta
949 1349 1001 1408 est
1033 1342 1124 1407 ultio.
1177 1340 1349 1407 Dominus.
1399 1342 1528 1425 Nempe
1559 1342 1616 1408 hio
1644 1342 1841 1408 universalis
1873 1350 1926 1408 ιιι
1958 1342 2048 1406 finis.
2093 1342 2159 1407 Ex·

137 1365 252 1511 &aare
274 1451 446 1514 nunquam
468 1431 628 1495 memoria
644 1428 776 1496 excidat
790 1427 874 1493 illud
891 1428 945 1494 Au
993 1428 1124 1503 stini:²)
1178 1427 1301 1505 citavit,
1334 1434 1418 1493 teste
1446 1428 1551 1493 Paulo
1580 1428 1692 1509 (Rom.
1715 1433 1745 1507 9,
1768 1426 1834 1579 ΙἝ,
1868 1427 2094 1507 Pharaonem,
2125 1434 2160 1493 ut

137 1514 224 1601 Quis
245 1515 341 1582 Deus
363 1517 415 1595 sit,
452 1524 485 1581 et
511 1517 584 1598 quis
613 1515 727 1592 tusis,
762 1512 903 1580 attende.
980 1513 1010 1580 le
1032 1514 1126 1578 Deus
1176 1532 1298 1577 nomen
1331 1535 1428 1579 suum
1458 1514 1494 1578 in
1525 1520 1595 1578 tota
1624 1521 1714 1579 terra
1735 1512 1924 1580 celeraret
1969 1514 2029 1578 An
2051 1534 2160 1580 secum

138 1608 200 1680 est,
229 1607 268 1666 tu
297 1601 405 1667 homo.
451 1598 490 1667 Si
511 1600 674 1665 iustitiam
702 1599 761 1666 tibi
783 1600 872 1683 loqui
894 1597 1027 1677 videris,
1051 1603 1126 1677 [pag.
1179 1597 1318 1664 dissidet
1344 1599 1480 1678 Paulus,
1509 1620 1611 1682 quum
1640 1598 1758 1665 deinde
1787 1599 1961 1676 exclamat,
1999 1599 2160 1665 inscruta-

138 1691 216 1766 110]
252 1707 297 1752 an
324 1687 398 1752 fons
424 1686 570 1752 iustitiae
597 1687 738 1753 siccatus
765 1685 837 1753 est?
888 1685 941 1751 vu
974 1684 1072 1750 homo
1106 1705 1126 1749 a
1178 1684 1259 1751 bilia
1280 1706 1352 1751 esse
1372 1684 1496 1751 iudicia
1517 1685 1589 1749 eius
1612 1685 1722 1767 (Rom.
1750 1683 1904 1770 11‚33)?
1948 1684 2057 1762 Dicit,
2086 1705 2161 1750 vasa

135 1791 192 1837 me
212 1778 385 1854 exspectas
404 1792 610 1857 responsum.
656 1772 740 1837 Ete
765 1792 784 1836 o
806 1791 881 1836 anm
903 1770 1011 1836 homo.
1056 1770 1126 1835 Ita·
1177 1771 1248 1835 irae
1270 1792 1290 1836 a
1311 1769 1456 1835 Domino
1483 1770 1646 1836 destinata
1667 1769 1708 1834 ad
1730 1770 1911 1847 interitum,
1938 1770 2102 1836 sustineri
2127 1772 2160 1836 in

135 1878 201 1942 que
223 1855 320 1923 ambo
343 1857 516 1923 audiamus
535 1856 714 1922 dicentem:
738 1792 769 1923 ὃ
787 1857 895 1935 homo,
919 1867 958 1921 tu
976 1857 1049 1940 quis
1068 1854 1125 1921 es?
1178 1856 1284 1922 multa
1306 1856 1475 1941 patientia,
1496 1863 1535 1921 ut
1555 1857 1737 1940 potentiam
1760 1876 1855 1922 suam
1873 1856 1908 1920 in
1926 1855 1996 1921 illis
2013 1856 2160 1922 ostendat

134 1943 257 2009 Melior
277 1949 328 2009 est
348 1943 456 2009 fidelis
478 1943 679 2027 ignorantia,
703 1963 802 2025 quam
823 1943 999 2008 temeraria
1020 1943 1126 2008 soien—
1181 1943 1290 2018 (Rom.
1314 1947 1344 2021 9,
1367 1942 1440 2026 22):
1464 1963 1506 2007 an
1528 1943 1608 2007 huic
1627 1944 1811 2007 sententiae
1838 1942 2008 2007 contraria
2034 1952 2088 2007 ιιι
2108 1942 2159 2006 ad·

134 2029 190 2094 tia.
236 2027 369 2109 Quaere
396 2029 526 2109 merita,
549 2046 617 2094 non
639 2029 789 2094 invenies
809 2028 874 2094 nisi
899 2048 1049 2111 poenam.
1095 2025 1125 2092 Ο
1178 2029 1311 2093 ιιιιιιιι
1333 2049 1416 2110 quae
1438 2049 1516 2093 mox
1539 2027 1707 2110 sequitur?
1741 2026 1772 2094 Ο
1799 2027 1954 2093 altitudo!
1988 2031 2067 2106 [pag.
2092 2032 2159 2106 ιιι]

136 2113 293 2180 altitudo!
338 2115 461 2180 Petrus
493 2124 602 2199 negat,
636 2114 723 2179 latro
755 2113 869 2180 credit.
914 2111 1123 2177 Oaltitudol
1178 2113 1285 2193 Adde,
1308 2113 1394 2197 quod
1415 2115 1449 2178 in
1475 2112 1604 2180 Causae
1623 2115 1757 2179 nomine
1778 2115 1890 2179 fucum
1907 2112 2057 2196 Pighius
2078 2113 2158 2189 facit,

135 2198 281 2280 Quaeris
298 2207 335 2264 ιι
355 2198 543 2265 rationem?
566 2201 640 2283 Ego
664 2219 883 2283 expavescam
906 2197 1124 2263 altitudinem.
1179 2220 1313 2265 causam
1342 2199 1477 2264 finalem
1507 2220 1567 2283 pro
1599 2199 1727 2264 formali
1759 2200 1794 2264 in
1826 2197 1976 2264 medium
2010 2199 2158 2264 afferens

136 2285 189 2350 vu
210 2285 420 2362 ratiocinare,
445 2304 506 2368 ego
528 2285 646 2350 miror:
671 2292 710 2348 tu
733 2284 875 2368 disputa,
898 2305 959 2368 ego
979 2283 1125 2349 credam:
1177 2286 1253 2350 Etsi
1275 2286 1373 2364 enim,
1402 2305 1559 2369 quorsum
1582 2293 1707 2367 spectet
1728 2286 1830 2363 Deus,
1863 2304 1931 2349 non
1961 2292 2013 2350 cst
2046 2286 2158 2352 obseu-

136 2368 348 2435 altitudinem
366 2368 471 2447 video,
496 2369 538 2434 ad
560 2369 762 2452 profundum
783 2390 852 2434 non
868 2369 1034 2453 pervenio.
1058 2368 1126 2433 Re·
1179 2392 1267 2436 rum:
1290 2391 1358 2436 non
1377 2370 1451 2435 ideo
1474 2380 1584 2436 tamen
1606 2371 1757 2453 protinus
1781 2377 1925 2453 apparet,
1950 2391 2011 2435 our
2027 2370 2079 2435 ita
2094 2369 2159 2436 fieri

136 2456 266 2539 quievit
282 2454 421 2533 Paulus,
454 2456 530 2538 quia
552 2455 806 2520 admirationem
833 2455 973 2519 invenit.
1019 2453 1127 2520 Vocat
1180 2456 1301 2522 deceat.
1346 2456 1440 2522 Haeo
1462 2464 1573 2522 autem
1591 2457 1773 2540 praesentis
1790 2456 1935 2522 instituti
1952 2476 2090 2521 summa
2106 2463 2158 2521 est.

136 2540 194 2606 ille
215 2541 447 2607 inscrutabilia
463 2541 530 2607 Dei
552 2540 689 2607 iudicia:
712 2548 746 2604 et
767 2549 804 2606 ιι
825 2541 964 2607 scrutari
981 2539 1124 2606 venisti?
1179 2542 1321 2608 Etiamsi
1343 2540 1442 2607 claris
1464 2543 1669 2626 argumentis
1691 2543 1850 2608 iustitiam
1868 2539 1964 2606 nobis
1982 2561 2082 2606 suam
2099 2561 2158 2607 non

135 2626 200 2692 Ille
220 2624 309 2704 dicit,
327 2626 576 2710 investigabiles
594 2647 667 2692 esse
685 2627 754 2692 eius
768 2627 856 2692 vias:
869 2624 1125 2712 ettuvestigas‘l
1179 2628 1296 2712 probet
1316 2628 1420 2707 Deus,
1454 2628 1667 2694 statuendum
1687 2635 1798 2693 tamen
1820 2648 1901 2706 esse,
1929 2626 2096 2711 quidquid
2122 2626 2159 2691 ab

136 2710 201 2777 (lui
235 2711 343 2776 simile
369 2718 421 2777 est
449 2711 536 2794 quod
559 2711 622 2777 alio
654 2713 725 2778 loco
758 2711 914 2796 tradittl)
947 2712 1009 2777 Dis
1032 2719 1127 2778 utare
1180 2734 1218 2779 eo
1240 2715 1287 2792 fit,
1310 2714 1395 2780 iuste
1416 2715 1504 2779 fieri:
1527 2714 1601 2780 ideo
1624 2715 1657 2777 in
1681 2713 1750 2779 sola
1771 2715 1841 2778 eius
1862 2712 2040 2779 voluntate
2057 2713 2158 2796 quies·

136 2798 188 2863 vis
210 2797 362 2862 meeum?
384 2797 458 2862 Imo
477 2799 600 2864 mirare
611 2819 742 2864 meeum
755 2804 790 2863 et
810 2797 974 2864 exclama:
998 2733 1031 2864 ὅ
1052 2797 1126 2862 alti·
1179 2799 1321 2866 cendum
1344 2820 1428 2865 esse:
1452 2808 1492 2864 ut
1508 2800 1593 2882 quod
1612 2800 1661 2865 illi
1677 2799 1806 2882 placere
1823 2798 2054 2882 intelligimus,
2072 2801 2158 2866 cuins

135 2882 235 2947 tudol
289 2883 399 2948 Ambo
432 2884 469 2947 in
502 2903 625 2967 pavore
658 2884 762 2950 simus
795 2882 981 2962 concordes,
1015 2904 1057 2948 ne
1089 2885 1126 2948 in
1179 2906 1240 2951 nes
1261 2906 1360 2952 eausa
1380 2886 1475 2970 fugit,
1498 2886 1604 2950 instar
1624 2885 1716 2949 mille
1732 2885 1898 2950 rationum
1920 2885 2075 2950 sufficiat
2103 2885 2157 2949 Ni·

137 2987 251 3033 errore
272 2988 455 3051 pereamus.
1179 2973 1242 3037 mis
1265 2992 1342 3056 ergo
1364 2972 1475 3055 inepte
1497 2971 1671 3037 cavillatur
1692 2971 1843 3055 Pighius,
1871 2969 1950 3035 dum
1972 2991 2029 3035 me
2048 2972 2156 3037 incon·

224 3053 353 3118 Acutus
375 3055 437 3119 sibi
459 3053 605 3138 Pighius
626 3054 770 3133 videtur,
798 3074 898 3137 quum
921 3053 1043 3120 iudicia
1061 3054 1126 3119 Dei
1179 3057 1321 3122 stantiae
1341 3058 1521 3136 insimulat,
1545 3059 1623 3140 quia
1648 3056 1811 3122 rationem
1830 3055 1963 3121 divinae
1980 3056 2157 3121 voluntatis

133 3138 336 3223 prodendam
369 3138 528 3224 abyssum
562 3140 631 3205 fore
664 3147 774 3223 negat,
808 3139 836 3205 si
869 3139 1023 3205 voluntas
1056 3141 1125 3206 eius
1178 3142 1401 3226 quaerendam
1437 3162 1509 3208 esse
1543 3164 1677 3228 negans,
1712 3142 1894 3225 pronuncio
1926 3149 2044 3206 tamen
2079 3138 2157 3206 nihil

134 3245 269 3292 summa
290 3225 335 3289 sit
352 3225 452 3290 ratio:
475 3225 554 3307 qnia
575 3224 661 3289 nihil
678 3224 808 3290 facilins
826 3225 870 3290 sit
882 3225 936 3291 vel
949 3225 1056 3309 magis
1068 3247 1125 3291 ex·
1179 3249 1256 3294 eum
1284 3228 1379 3306 velle,
1413 3229 1477 3293 nisi
1509 3229 1596 3311 quod
1628 3228 1782 3310 expedire
1815 3234 1935 3293 censet
1988 3227 2078 3292 Nam·
2100 3227 2157 3292 hoo

134 3308 296 3394 peditum,
319 3330 417 3392 quam
439 3311 513 3375 fieri
532 3311 653 3389 omnia,
676 3314 831 3392 quoniam
855 3310 902 3376 sic
915 3311 988 3376 Deo
1006 3311 1125 3396 placet,
1178 3314 1343 3397 posterius
1381 3333 1499 3378 causae
1539 3312 1759 3379 redditionem
1798 3334 1879 3390 esse,
1919 3333 2023 3396 quam
2068 3313 2157 3378 nobis

135 3393 194 3459 ubi
217 3394 407 3460 dominatur
430 3395 500 3461 sola
525 3395 596 3461 eius
618 3396 779 3462 voluntas.
825 3397 927 3479 Atqui
950 3397 1126 3480 sophistice
1179 3406 1329 3466 constare
1356 3399 1435 3464 alibi
1455 3419 1550 3483 nego.
1594 3400 1697 3482 Atqui
1729 3399 1834 3481 qualis
1869 3399 1934 3463 ista
1963 3406 2017 3463 est
2045 3417 2158 3464 causae

136 3479 325 3564 garriendo,
348 3480 434 3562 quod
456 3501 563 3545 unum
585 3482 622 3545 in
652 3483 842 3564 quaestione
864 3483 1016 3560 vertitur,
1045 3481 1126 3547 ridi·
1178 3485 1305 3561 notitia,
1335 3486 1363 3551 ιι
1385 3486 1496 3550 Deum
1517 3485 1667 3550 consulto
1695 3485 1801 3551 facere
1830 3484 1916 3567 quod
1943 3484 2026 3549 facit
2048 3484 2157 3549 audia-

138 3565 212 3631 oule
233 3566 402 3647 praeterit,
426 3587 530 3649 quum
551 3566 677 3650 liqueat
699 3566 745 3633 ιιι
765 3568 847 3646 fieri,
870 3568 949 3650 quia
965 3569 1037 3633 Deo
1054 3568 1125 3651 pla
1178 3592 1261 3647 mus,
1296 3578 1329 3635 et
1361 3571 1447 3654 quod
1479 3572 1527 3634 ita
1559 3569 1714 3653 expedire
1745 3577 1891 3635 censeat:
1930 3570 2072 3635 interim
2102 3590 2158 3633 nos

139 3657 206 3716 cet:
231 3669 290 3714 eur
311 3649 362 3714 illi
384 3653 495 3733 potius
516 3652 564 3716 ito
584 3651 722 3735 placeat,
744 3673 842 3734 quam
864 3674 965 3719 secus.
1008 3654 1126 3738 Pergit
1180 3657 1285 3740 fugiat
1306 3665 1396 3722 certa
1414 3664 1447 3721 et
1464 3656 1615 3738 specialis
1633 3657 1741 3739 operis
1759 3655 1951 3738 consiliique
1970 3654 2079 3720 ratio?
2108 3652 2158 3719 Ad

139 3733 260 3799 deinde
282 3736 489 3818 ineptiendo:
527 3744 625 3820 atque
657 3744 695 3801 ut
724 3737 877 3804 ostendat
898 3759 1031 3804 oausam
1054 3741 1126 3804 Deo
1178 3740 1269 3819 haee,
1310 3742 1388 3826 quid
1423 3743 1510 3806 inter
1541 3741 1619 3807 fidei
1652 3742 1871 3806 reverentiam
1905 3748 1939 3805 ιι
1972 3739 2156 3824 inquirendi

140 3842 213 3886 esse
235 3822 271 3885 in
290 3822 359 3886 suis
380 3822 534 3901 consiliis,
553 3842 749 3906 responsum
768 3823 853 3905 quod
871 3823 1041 3907 discipulis
1057 3825 1127 3890 suis
1180 3826 1347 3892 audaciam
1370 3828 1511 3905 intersit,
1543 3848 1603 3910 pro
1625 3827 1729 3892 nihilo
1751 3824 1886 3900 ducens,
1914 3826 2003 3908 quod
2025 3824 2156 3891 creden·

142 3905 234 3972 dedit
255 3894 421 3986 Christus,
446 3911 521 3986 [pag.
547 3913 621 3987 111]
644 3908 784 3987 adducit,
808 3908 974 3974 hominem
995 3929 1127 3975 caecum
1180 3912 1258 3977 dum
1281 3934 1352 3979 esse
1375 3913 1481 3992 donee,
1505 3912 1547 3977 ad
1566 3913 1748 3996 vulgarem,
1770 3933 1854 3994 quae
1871 3912 2067 3977 humanitus
2084 3931 2156 3977 con·

142 3993 244 4057 fuisse
288 4000 414 4070 uatum,
469 4002 508 4056 ut
560 4013 659 4075 opera
701 3993 767 4058 Dei
819 3995 855 4058 in
909 3994 966 4060 illo
1020 3997 1126 4060 mani·
1180 4000 1309 4082 cipitur,
1338 4000 1491 4064 notitiam
1510 4008 1720 4082 praepostere
1741 3998 1837 4080 rapit.
1858 3998 1949 4081 Ergo
1979 3998 2080 4063 simul
2109 4004 2154 4060 at

140 4079 344 4143 festarentur
366 4076 496 4160 (Ioann.
518 4082 546 4156 9,
570 4079 614 4161 3).
658 4079 753 4144 More
761 4078 791 4164 ⁴)
813 4101 872 4146 suo
893 4080 1034 4165 Pighius
1054 4103 1127 4146 um·
1179 4104 1242 4167 que
1264 4085 1478 4151 affirmaverit
1498 4085 1670 4168 quispiam,
1697 4084 1857 4165 optimum
1887 4103 2020 4165 semper
2042 4080 2156 4167 agendi

141 4162 261 4228 bratilo
294 4168 462 4228 certamen
496 4162 559 4228 sibi
586 4165 692 4247 fingit.
737 4165 792 4228 An
825 4165 909 4230 mihi
938 4174 1128 4249 portentum
1179 4172 1280 4234 finem
1298 4191 1369 4236 esse
1387 4171 1473 4236 Deo:
1493 4191 1604 4237 secum
1621 4172 1691 4253 ipse
1709 4168 1889 4246 dissentiet,
1907 4169 1936 4234 ιι
1954 4178 2071 4251 postea
2086 4187 2156 4234 oum

141 4248 205 4313 hoo
227 4269 375 4331 unquam
398 4249 546 4313 venitin
567 4258 723 4328 mentem,
752 4250 878 4314 nullam
900 4250 974 4317 Deo
1001 4252 1127 4318 consilii
1178 4255 1285 4321 Paulo
1307 4255 1477 4336 exclamet,
1505 4256 1676 4322 recondita
1696 4275 1767 4320 esse
1788 4253 1853 4318 Dei
1875 4252 2008 4333 iudicia,
2036 4264 2071 4319 et
2090 4253 2156 4320 vias

143 4334 195 4399 sui
218 4333 380 4398 rationem
403 4334 576 4400 constare?
611 4333 704 4398 Dum
726 4355 786 4418 ego
809 4335 919 4400 Deum
942 4338 1127 4419 praesidem
1179 4341 1251 4406 eius
1272 4342 1627 4424 incomprehensibiles.
1650 4347 1723 4421 [pag.
1748 4345 1821 4418 113]
1860 4338 2064 4422 Quanquam
2074 4339 2103 4423 ²)
2124 4338 2156 4401 iu

141 4420 243 4483 totius
265 4417 383 4483 mundi
405 4427 524 4498 statuo,
559 4420 615 4502 qui
638 4420 957 4503 incomprehensibili
981 4430 1022 4487 ιι»
1035 4425 1126 4488 miri·
1180 4448 1218 4491 eo
1235 4427 1361 4492 fallitur
1372 4428 1524 4512 Pighius,
1543 4429 1630 4512 quod
1647 4447 1722 4491 mea
1739 4425 1842 4509 ipsius
1859 4425 1962 4490 verba
1980 4441 2156 4509 agnoscere

140 4504 203 4570 fico
221 4504 359 4570 oonsilio
377 4505 541 4589 gubernet
557 4506 812 4588 moderaturque
830 4507 955 4573 omnia:
977 4509 1126 4574 anilium
1178 4532 1232 4577 me
1254 4513 1344 4578 iubet
1366 4534 1449 4596 quae
1471 4535 1512 4578 ex
1535 4513 1722 4598 Augustino
1741 4510 1928 4576 retuleram.
1970 4512 2038 4578 Ubi
2063 4529 2155 4594 qnae·

1178 4598 1273 4675 ritur,
1295 4600 1402 4682 inquit
1423 4608 1557 4665 sanetus
1577 4601 1640 4664 ille·
1651 4599 1712 4676 vir,
1722 4600 1750 4673 ³)
1773 4619 1832 4662 our
1852 4597 1900 4660 ita
1920 4597 2040 4662 fecerit
2056 4597 2154 4671 Deus,

1178 4683 1443 4766 respondendum
1466 4694 1529 4750 est:
1557 4684 1644 4767 Quia
1670 4683 1783 4750 voluit
1828 4681 1926 4762 Quod
1955 4685 1984 4747 si
2012 4679 2155 4767 rogando

143 4673 349 4685 ——u—

212 4773 242 4840 1)
260 4774 334 4830 Ado.
354 4790 457 4831 comme
477 4777 631 4832 ordonnant
647 4777 708 4834 bien
734 4784 762 4833 et
780 4779 924 4834 deuement
941 4788 1001 4836 tout
1025 4799 1055 4837 ce
1080 4786 1125 4852 qui

143 4847 187 4898 ιιι
204 4857 238 4896 en
254 4849 359 4898 natiue.

211 4908 243 4977 2)
262 4912 304 4965 De
321 4911 410 4967 verbis
426 4911 524 4981 Apost
541 4927 620 4968 serm.
638 4912 681 4968 20.
1247 4923 1276 4986 1)
1296 4940 1329 4978 ιι
1346 4941 1409 4979 mon
1425 4925 1588 4980 Institution.

213 4977 230 5032 3
261 4978 303 5033 De
322 4979 410 5033 verbis
428 4983 524 5049 Apost
542 4997 622 5038 serm.
641 4982 682 5036 11.
1247 4991 1278 5057 2)
1297 4990 1480 5062 Quanquam.
1500 5034 1507 5048 .
1525 5033 1532 5047 .
1551 5033 1559 5047 .
1578 4993 1739 5048 retuleram:
1763 4989 1837 5045 G‘est
1860 5006 1891 5046 oe
1916 5007 1968 5058 que
1994 4991 2034 5045 dit
2056 4990 2082 5045 S.
2104 4990 2153 5042 Au·

212 5046 231 5100 4
263 5063 338 5102 more
367 5063 416 5101 ιιι
435 5088 442 5102 .
461 5089 468 5102 .
488 5086 494 5099 .
511 5089 518 5103 .
536 5053 685 5107 constare?
715 5049 773 5106 Pro
799 5053 842 5107 bie
863 5052 976 5110 Gallus.-
1006 5056 1046 5112 Le
1064 5065 1124 5113 tout
1175 5060 1275 5130 gastim

142 5115 249 5171 revient
265 5115 293 5171 ta
310 5130 363 5184 que
380 5114 450 5171 Dieu
467 5131 502 5172 ne
518 5117 570 5173 fait
585 5120 644 5175 rien
662 5135 725 5176 sans
741 5121 841 5177 raison.
1245 5129 1276 5192 3)
1294 5129 1352 5183 Lib.
1373 5130 1387 5181 l
1407 5129 1440 5185 de
1458 5130 1558 5185 Genea
1577 5140 1671 5184 contra
1689 5129 1867 5184 Manichaeos
1887 5145 1947 5198 cap.
1966 5128 1992 5182 3.
