4620 5894
144 250 207 313 287
946 244 1011 311 DE
1032 244 1255 311 huuanba
1274 245 1358 311 DEI
2097 244 2158 311 288

142 435 295 515 cesserit,
329 438 399 502 fore
431 454 490 499 vas
522 434 557 501 in
579 435 823 501 contumeliam.
868 436 917 501 At
937 454 1041 518 quum
1062 454 1122 499 suo
1260 430 1438 499 Concludit
1459 432 1591 499 demum
1613 434 1754 501 Paulus:
1779 432 1818 501 Si
1835 434 1930 501 Deus
1952 434 2041 499 iram
2062 454 2152 499 snam

143 523 282 609 quisquo
304 520 449 599 arbitrio,
471 520 584 587 divina
606 524 680 601 [pag.
704 526 758 601 65]
842 522 890 587 tia
910 542 994 604 quae
1016 520 1122 584 omni·
1174 518 1290 584 volens
1312 520 1498 599 ostendere,
1521 526 1556 585 et
1577 528 1692 587 notam
1713 521 1819 587 facere
1841 542 1939 587 suam
1961 518 2150 604 potentiam,

143 608 207 675 bus
235 605 421 675 eommunis
454 613 488 671 et
514 613 630 689 parate
658 614 723 687 ost,
800 606 889 673 'utus
916 612 1120 689 perseveret:
1174 605 1332 671 sustinuit
1358 604 1394 669 in
1423 605 1529 671 multa
1549 606 1709 691 patientia
1736 627 1816 674 vasa
1843 606 1914 673 irao
1936 612 2098 689 apparata
2118 606 2151 669 ιιι

144 694 278 759 demum
307 691 493 770 constituit,
526 712 587 757 nos
613 692 738 759 invicta
764 690 955 757 fortitudine
981 712 1063 759 vasa
1085 690 1123 754 in
1173 690 1362 771 interitum,
1394 698 1434 755 ut
1465 698 1561 757 notas
1589 710 1719 777 qnoque
1746 691 1880 759 divitias
1911 692 2042 777 gratiae
2078 710 2153 756 suae

144 779 303 846 honorem
329 778 410 845 ficri.
460 777 536 843 Non
565 777 636 843 dieo
670 798 769 862 quam
800 778 926 845 insulso
957 776 1022 842 duo
1054 784 1123 841 tam
1173 776 1297 841 faceret
1317 797 1398 861 erga
1417 796 1498 844 vasa
1519 776 1762 845 miserioordiae
1782 797 1867 863 quae
1888 777 2103 862 praepararit
2121 776 2155 841 in

145 864 276 931 diversa
293 864 512 942 commisceat,
532 864 614 948 fingi
638 884 706 943 vas,
728 872 761 929 et
782 864 930 947 probari:
944 864 969 946 ¹)
991 870 1123 927 tantum
1173 861 1327 945 gloriam:
1356 882 1424 927 non
1445 883 1517 929 esso
1539 884 1598 929 our
1617 862 1712 929 litem
1731 864 1784 929 illi
1804 865 1981 949 quisquam
2002 862 2153 928 intentet

145 950 233 1031 dieo,
272 950 359 1033 quod
392 970 467 1015 suos
504 949 606 1014 variis
638 949 857 1015 certaminum
889 948 1123 1033 experimentis
1174 946 1279 1012 Ludit
1309 947 1464 1032 Pighius,
1504 956 1543 1013 ιιι
1575 949 1683 1015 solont
1724 950 1795 1016 eius
1825 948 1967 1029 similes,
2007 948 2046 1013 in
2078 968 2154 1013 vooa

143 1037 237 1103 Deus
258 1034 391 1119 probat,
424 1035 562 1099 minime
583 1034 729 1113 obstare,
762 1036 843 1118 quin
870 1035 958 1119 ipsos
988 1039 1123 1099 aeterno
1173 1034 1361 1117 patientiae.
1395 1034 1468 1098 Imo
1489 1034 1643 1101 ferociter
1664 1056 1699 1100 so
1720 1036 1831 1115 iactat,
1855 1034 1950 1120 quasi
1972 1034 2068 1099 Deus
2089 1054 2154 1099 non

144 1142 206 1189 suo
222 1120 364 1201 oonsilio,
383 1121 574 1203 priusquam
592 1128 815 1199 nascerentur,
832 1122 868 1185 in
886 1141 984 1205 quem
1002 1118 1124 1203 placuit
1173 1118 1269 1183 alitor
1290 1118 1445 1203 reprobos
1496 1140 1575 1185 uam
1603 1130 1741 1204 paterna
1760 1121 1979 1205 indulgentia,
2002 1124 2078 1199 [pag.
2101 1123 2153 1197 ov]

144 1228 251 1287 usum,
274 1204 503 1273 destinaverit:
533 1207 613 1289 quin
634 1214 749 1289 postea
774 1226 830 1272 eos
856 1206 970 1289 qualos
991 1204 1124 1269 volebat
1174 1202 1322 1269 obduret.
1367 1205 1442 1269 Non
1506 1205 1580 1285 ter,
1608 1207 1730 1290 inquit,
1756 1228 1837 1274 vasa
1858 1207 1901 1273 ad
1918 1202 2154 1273 contumeliam

142 1293 222 1373 fore,
245 1293 389 1358 timorit.
433 1291 504 1357 Neo
525 1291 704 1375 quidquem
730 1292 779 1356 illi
801 1294 1004 1376 suffragatur
1026 1290 1122 1356 Pauli
1172 1289 1294 1355 format
1315 1288 1418 1369 Deus,
1441 1312 1541 1375 quam
1562 1292 1704 1377 benigne
1723 1293 1894 1359 tolerando
1915 1292 1973 1377 qui
1994 1290 2154 1375 patientie

144 1376 283 1445 dictum:
312 1378 350 1447 Si
393 1378 499 1443 uisse
520 1376 748 1443 emundaverit
769 1378 810 1443 ab
832 1378 992 1443 eiusmodi
1015 1376 1122 1456 malis,
1174 1376 1246 1441 eius
1283 1374 1457 1441 abutentes
1496 1376 1691 1443 thesaurum
1729 1379 1797 1444 irae
1837 1380 1899 1445 sibi
1932 1376 2152 1445 accumulant.

143 1484 203 1532 vas
225 1464 289 1529 erit
314 1464 353 1529 in
372 1398 539 1529 bonorem
561 1464 596 1547 (2
615 1463 699 1529 Tim.
724 1466 760 1541 2,
784 1463 850 1547 21).
896 1464 1011 1547 Neque
1034 1462 1122 1527 enim
1174 1460 1241 1527 Ubi
1270 1482 1306 1527 or
1379 1462 1469 1528 inter
1501 1462 1621 1529 fratres
1647 1463 1794 1531 nondum
1827 1472 1922 1531 natos
1952 1460 2152 1530 discnmen?

143 1549 305 1635 quomodo
325 1546 477 1615 homines
502 1570 544 1613 ex
566 1547 716 1615 sordibus
736 1550 805 1615 suis
832 1551 918 1614 eruti
940 1570 1020 1616 vasa
1041 1550 1123 1613 liant
1173 1547 1294 1613 Praevi
1318 1547 1394 1613 ebat
1410 1546 1513 1627 Deus,
1536 1549 1695 1634 siPighio
1717 1550 1871 1630 ereditur,
1893 1550 2048 1615 futuram
2065 1549 2154 1615 Esau

143 1635 339 1713 honorifica,
368 1632 427 1701 sed
454 1634 614 1718 quomodo
642 1634 769 1714 fideles,
798 1636 855 1717 qui
883 1634 979 1701 electi
1000 1636 1067 1699 iam
1090 1640 1124 1697 et
1174 1631 1337 1697 duritiem.
1384 1631 1558 1715 Quomodo
1579 1636 1627 1699 itu
1648 1656 1690 1701 ue
1711 1638 1747 1701 in
1768 1636 1867 1703 Iacob
1890 1636 2017 1703 eminet
2039 1634 2153 1701 electio

144 1722 252 1787 vocat-i
276 1730 370 1799 sunt,
394 1740 430 1785 se
451 1718 698 1787 accommodent
717 1722 753 1785 in
774 1742 875 1805 puros
899 1722 1034 1805 usus,²)
1056 1718 1123 1784 illic
1174 1717 1311 1801 gratiae,
1334 1718 1363 1783 si
1384 1719 1419 1783 in
1437 1719 1552 1785 eodem
1569 1656 1673 1805 grvida
1695 1720 1820 1789 locatus
1840 1722 1905 1788 fuit
1924 1722 2029 1803 Esau,
2052 1721 2153 1789 donoc

145 1806 328 1873 disseritur.
372 1808 423 1872 Ao
444 1804 521 1871 vide
543 1826 641 1888 quam
663 1806 747 1872 bene
768 1807 856 1873 inter
877 1826 953 1872 eum
981 1814 1014 1871 et
1034 1806 1122 1871 Pau·
1175 1824 1210 1869 se
1239 1804 1379 1887 ipsoex
1411 1804 1556 1871 filiorum
1587 1828 1726 1873 numero
1752 1806 1981 1893 expungeret?
2027 1806 2154 1874 Verum

144 1892 215 1958 lum
238 1890 422 1959 conveniat.
453 1890 565 1956 Verba
586 1892 656 1956 eius
678 1900 770 1957 sunt:
794 1890 891 1973 Quod
913 1892 991 1957 alibi
1013 1902 1123 1958 tacue-
1147 1846 1151 1943 l
1175 1890 1307 1972 saepius
1326 1890 1364 1953 in
1385 1891 1579 1957 brevissima
1591 1892 1688 1958 Pauli
1710 1894 1875 1959 sententia
1892 1893 2059 1959 refellitur
2075 1894 2153 1961 baec

144 1986 199 2043 rat
219 1977 356 2056 Paulus,
380 1978 434 2043 hic
456 1978 631 2061 expressit:
665 1999 726 2045 cur
747 1978 839 2043 Deus
862 1976 1022 2059 quosdam
1044 1998 1123 2043 vasa
1175 1976 1421 2059 tergiversatio,
1454 1998 1553 2060 quam
1579 1986 1617 2042 ut
1644 1978 1778 2044 aliunde
1804 1980 1950 2045 rationes
1972 1980 2153 2045 contrarias

143 2065 181 2129 in
201 2064 362 2130 honorem
383 2063 482 2129 faeiat
498 2064 606 2146 potius
623 2084 721 2146 quam
739 2064 829 2129 alios.
851 2064 900 2129 Ut
917 2064 1006 2129 enim
1023 2062 1123 2129 Iacob
1175 2081 1342 2127 accersere
1374 2083 1454 2144 opus
1488 2063 1540 2127 sit.
1590 2062 1680 2129 Vasa
1709 2076 1766 2130 aut
1799 2084 1925 2150 organa
1956 2085 2023 2148 quo
2056 2086 2154 2133 sensu

143 2170 203 2215 vas
224 2150 309 2214 foret
329 2148 586 2223 misericordiae,
609 2150 718 2214 anima
736 2150 807 2216 eius
829 2149 1067 2217 emundaverat
1088 2169 1124 2213 so
1175 2154 1294 2213 vocent
1314 2146 1474 2226 Hebraei,
1508 2148 1656 2232 quisquis
1688 2150 1897 2217 mediocriter
1926 2151 1962 2215 in
1991 2152 2155 2236 scriptura

144 2236 266 2318 ipsam:
308 2254 373 2317 quo
405 2234 537 2299 nomine
565 2240 599 2297 et
628 2236 747 2299 morito
775 2236 882 2301 factus
915 2242 964 2299 est
997 2254 1057 2301 vas
1090 2235 1123 2297 in
1175 2233 1374 2297 exercitatus
1396 2242 1447 2299 est
1473 2254 1540 2299 non
1567 2236 1707 2319 ignorat
1752 2234 1889 2320 Organa
1910 2237 1967 2302 ubi
1990 2237 2153 2315 audimus,

145 2320 315 2386 honorem.
356 2318 410 2383 Ad
431 2320 517 2383 hano
538 2319 807 2385 emundationem
825 2320 1003 2403 respiciens
1020 2320 1122 2399 Deus,
1174 2326 1248 2382 tum
1273 2318 1383 2383 Deum
1415 2319 1601 2402 praesidem
1629 2321 1769 2387 aetionis
1797 2324 1899 2387 totius
1931 2328 1966 2387 et
1995 2330 2153 2402 autorem,

146 2426 244 2489 quom
265 2404 451 2488 praescivit,
474 2405 573 2469 etiam
596 2404 704 2489 elegit.
749 2404 875 2471 Paulus
898 2412 1022 2471 autem:
1044 2403 1124 2469 dum
1175 2412 1248 2467 tum
1270 2424 1405 2468 manum
1425 2405 1496 2471 eius
1515 2404 1719 2473 directricem
1733 2406 1929 2492 praecedere
1947 2429 2084 2475 neeesse
2096 2416 2152 2475 est.

145 2490 260 2557 fideles
282 2489 323 2555 ad
345 2490 613 2555 emundationem
635 2491 794 2571 hortatur,
817 2500 855 2556 ut
871 2490 980 2557 locum
997 2498 1125 2557 sternat
1176 2488 1246 2555 Our
1273 2498 1384 2555 autem
1416 2500 1578 2557 vocantur
1604 2512 1686 2559 vasa
1713 2495 1795 2572 irae,
1830 2494 1896 2559 nisi
1927 2494 2007 2578 quia
2033 2495 2155 2561 iustam

145 2576 225 2641 huio
247 2576 428 2655 doetrinae,
462 2576 646 2659 praefatur,
680 2577 791 2642 Deum
811 2578 944 2643 novisse
971 2578 1028 2661 qui
1057 2576 1125 2642 sint
1176 2576 1396 2655 severitatem,
1419 2598 1485 2659 qua
1506 2576 1668 2644 abstinuit
1685 2600 1764 2664 erga
1786 2579 1877 2660 alios,
1898 2581 1935 2644 in
1957 2580 2041 2645 istos
2062 2600 2153 2647 exer·

146 2662 199 2729 sui
221 2662 354 2745 (urim.
369 2665 399 2740 2,
426 2662 493 2746 19):
518 2662 794 2746 quemadmodum
816 2671 851 2728 et
868 2664 946 2730 alibi
968 2662 1124 2729 admonet
1176 2660 1265 2726 cuit?
1314 2662 1361 2726 Et
1392 2683 1453 2728 cur
1483 2663 1562 2729 facti
1595 2672 1674 2730 sunt
1709 2687 1791 2731 vasa
1822 2664 1912 2731 irae?
1962 2666 2155 2750 Respondet

146 2747 285 2833 (Ephes.
308 2750 343 2826 2,
375 2748 445 2833 10),
472 2768 532 2813 nos
555 2768 626 2815 osso
653 2750 724 2815 eius
752 2750 964 2835 figmentum,
998 2756 1123 2815 creatos
1174 2747 1316 2825 Paulus,
1344 2754 1383 2812 ut
1408 2748 1493 2813 iram
1521 2758 1555 2815 et
1582 2752 1766 2834 potentiam
1793 2753 1828 2817 in
1857 2750 1924 2817 illis
1945 2773 2044 2817 suam
2063 2750 2154 2818 Deus

145 2832 188 2899 ad
210 2854 310 2935 opera
330 2835 425 2913 bona,
449 2854 533 2917 quae
553 2834 626 2917 ipsa
646 2837 862 2918 praeparavit.
886 2836 960 2903 Hoc
981 2840 1055 2915 [pag.
1068 2838 1123 2913 66]
1176 2832 1371 2899 ostenderet.
1416 2834 1508 2899 Dioit
1528 2844 1687 2919 apparata
1708 2838 1743 2901 in
1765 2838 1953 2903 interitum:
1989 2834 2080 2904 undo
2101 2844 2154 2904 aut

145 2919 262 2986 salutm
283 2919 535 2986 fundamentum
558 2921 595 2984 in
618 2922 764 3005 gratuita
785 2920 850 2987 Dei
872 2921 1031 2988 eloctione
1051 2920 1123 2985 ubi·
1176 2919 1347 3003 quomodo,
1370 2919 1434 2985 nisi
1452 2940 1472 2985 a
1493 2922 1600 3005 prima
1613 2922 1740 3008 origine
1762 2922 1951 2989 etnatura‘l
1973 2922 2154 3008 utquidem

144 3026 209 3089 que
241 3007 359 3071 statuit
387 3006 532 3086 Paulus,
573 3008 629 3090 qui
662 3029 729 3072 non
761 3014 885 3073 temero
918 3028 954 3073 so
980 3007 1124 3091 paritum
1176 3006 1293 3072 vitiata
1320 3014 1371 3071 est
1397 3006 1433 3069 in
1450 3026 1592 3089 persona
1613 3008 1706 3073 Adae
1734 3010 1836 3075 totius
1864 3010 1996 3093 generis
2018 3008 2154 3075 humani

144 3090 361 3159 architectum
371 3092 401 3177 ⁸)
442 3112 514 3159 esse
553 3092 723 3192 gloriatur.
773 3092 914 3178 Pighius
952 3106 1066 3159 eontra
1105 3112 1125 3157 a
1177 3098 1310 3156 natura:
1334 3112 1401 3155 non
1423 3091 1510 3174 quod
1528 3092 1627 3159 altius
1645 3093 1711 3159 Dei
1729 3094 1903 3161 consilium
1920 3117 1990 3161 non
2007 3116 2154 3180 praeees-

144 3179 318 3261 superiioie
347 3178 533 3244 aedificium
558 3178 702 3244 inchoat.
711 3178 740 3264 ⁴)
784 3180 1022 3263 Intempestive
1043 3199 1124 3263 quo·
1178 3178 1270 3242 serit:
1312 3176 1370 3241 scd
1402 3179 1480 3259 quia
1512 3199 1553 3243 or
1582 3178 1645 3245 hac
1684 3180 1884 3265 scaturigine
1917 3181 2060 3266 emergit
2094 3180 2155 3247 Dei

98 3272 105 3284 '
144 3284 209 3347 qne
236 3264 272 3329 in
298 3264 470 3330 tractando
497 3264 658 3330 Ieremiae
685 3266 756 3332 loeo
784 3266 926 3332 multum
948 3266 1125 3332 verborum
1177 3262 1372 3341 maledictio,
1391 3272 1425 3327 ot
1444 3264 1576 3347 generis
1594 3265 1733 3331 humani
1751 3267 1913 3333 interitus.
1934 3267 2155 3351 Praeparasse

145 3350 322 3415 consumit:
356 3350 414 3415 ubi
437 3371 504 3416 non
538 3349 734 3416 describitur
760 3351 966 3417 formationis
994 3358 1125 3417 noemae
1177 3350 1266 3414 enim
1286 3347 1396 3414 Deum
1414 3370 1494 3416 vasa
1515 3351 1759 3417 misericordiae
1783 3358 1857 3433 [pag.
1881 3357 1935 3432 68]
1956 3353 1994 3418 in
2016 3352 2154 3438 gloriam

144 3435 293 3513 initium,
324 3436 360 3499 in
387 3435 580 3520 frangendis
609 3446 642 3501 et
670 3436 877 3503 conterendis
904 3439 1007 3517 rasis,
1041 3457 1124 3521 quae
1177 3442 1326 3501 testatur.
1373 3432 1411 3500 si
1440 3435 1503 3501 hoo
1530 3437 1670 3519 speciale
1703 3447 1754 3504 est
1782 3438 1909 3518 electis,
1943 3439 2090 3523 reliquos
2116 3436 2155 3503 ad

145 3521 214 3585 iam
235 3521 375 3585 formata
395 3521 561 3604 politaque
584 3532 675 3601 sunt,
697 3543 758 3589 sua
779 3524 852 3590 Deo
873 3532 1018 3607 potestas
1036 3543 1123 3588 asse·
1176 3520 1346 3587 interitum
1369 3528 1497 3603 aptatos
1527 3544 1598 3588 osso
1624 3532 1767 3603 constat,
1804 3525 1882 3608 qnia
1910 3532 2051 3590 naturae
2079 3543 2154 3591 suae

145 3606 241 3671 ritur.
272 3606 466 3671 Tenendum
487 3608 589 3690 igitur
610 3608 709 3672 Pauli
731 3609 903 3675 consilium
925 3618 989 3674 ost:
1012 3608 1124 3673 Deum
1176 3606 1298 3685 relicti,
1327 3614 1414 3671 corto
1441 3606 1508 3672 iam
1536 3610 1635 3674 exitio
1666 3608 1775 3675 devoti
1804 3618 1891 3675 sunt.
1937 3609 2038 3691 Quod
2069 3612 2154 3676 enim

144 3690 320 3757 hominum
349 3692 513 3769 fictorem,
539 3712 581 3757 er
609 3692 724 3757 eodem
751 3703 936 3777 assumptos
958 3694 1046 3773 luto,
1083 3692 1124 3759 ad
1176 3700 1345 3777 nugentur
1366 3692 1517 3775 quidam,
1545 3696 1651 3777 aptari
1673 3716 1728 3761 eos
1750 3697 1881 3779 propria
1902 3696 2047 3775 malitia,
2077 3696 2155 3761 adeo

144 3776 306 3843 honorem
345 3776 399 3842 vel
437 3778 670 3843 contumeliam
709 3799 770 3844 suo
809 3778 943 3845 arbitrio
981 3782 1124 3846 formare
1176 3778 1342 3844 insulsum
1363 3786 1427 3857 est,
1456 3788 1494 3843 ut
1521 3781 1644 3845 referre
1671 3783 1791 3866 pigeat.
1835 3782 1965 3846 Verum
1993 3790 2046 3848 est
2067 3778 2155 3848 istud

145 3862 258 3945 (Rom.
279 3867 309 3943 9,
328 3863 400 3946 21):
424 3864 501 3947 quia
522 3863 603 3929 alios
623 3862 665 3929 ad
687 3866 790 3930 vitam
812 3867 955 3950 gratuito
977 3866 1124 3931 nondum
1177 3864 1318 3946 quidem,
1341 3864 1495 3946 reprobos
1517 3866 1602 3930 iram
1623 3867 1688 3931 Dei
1711 3888 1771 3933 sua
1791 3869 1955 3951 pravitate
1978 3887 2153 3945 accersere,

145 3956 241 4015 natos
268 3948 375 4034 eligit,
406 3948 497 4023 ,alios
528 3950 627 4015 exitio
655 3972 730 4030 suo,
764 3952 818 4016 cui
849 3959 967 4015 natura
993 3952 1125 4017 obnoxii
1177 3958 1212 4015 et
1233 3951 1269 4015 in
1291 3949 1360 4014 dies
1383 3950 1594 4017 accelerando
1614 3952 1749 4018 tandem
1772 3955 1813 4018 in
1834 3964 1934 4037 caput
1956 3974 2059 4018 suum
2082 3975 2155 4021 eon·

146 4044 225 4101 sunt
237 4056 360 4113 omnes,
374 4036 573 4119 relinquens.
595 4036 681 4101 Nam
695 4037 783 4121 quod
794 4037 988 4104 electionem
998 4038 1126 4122 gutiae
1177 4056 1301 4120 gerere.
1353 4033 1422 4101 Sed
1448 4035 1503 4101 hio
1536 4036 1714 4103 discrimen
1746 4040 1832 4122 quod
1866 4060 1907 4103 ex
1939 4060 2063 4106 arcano
2093 4038 2156 4105 Dei

144 4120 288 4205 Pighius
315 4120 357 4187 ad
386 4120 601 4205 reproborum
629 4122 740 4188 odium
770 4129 918 4207 spectare
944 4132 1058 4208 negat:
1091 4123 1126 4187 id
1177 4121 1298 4189 iudicio
1322 4130 1437 4187 manat
1472 4143 1492 4185 a
1519 4122 1624 4189 Paulo
1664 4126 1814 4203 tractari,
1855 4126 1891 4190 in
1919 4125 2070 4193 confesso
2099 4134 2153 4191 est.

145 4226 208 4356 ego
235 4228 351 4273 vorum
380 4228 453 4274 esse
479 4208 528 4274 ita
554 4208 673 4287 fateor,
702 4217 742 4274 ut
769 4209 914 4294 gratuito
937 4211 1041 4274 emori
1063 4230 1126 4293 quo
1177 4208 1271 4274 Dicit
1291 4208 1406 4287 etiam,
1430 4207 1562 4274 divitias
1583 4210 1709 4294 gratiae
1731 4210 1796 4276 Dei
1818 4210 1985 4294 patefieri,
2014 4210 2096 4279 dum
2115 4231 2155 4277 ax

146 4302 265 4359 eeetos
287 4293 529 4377 complectitur,
557 4294 645 4361 iusta
666 4295 702 4359 in
724 4294 880 4379 reprobos
909 4296 1068 4361 severitas
1090 4295 1126 4359 in
1178 4295 1326 4378 opposito
1343 4314 1424 4359 vasa
1440 4294 1509 4359 irae
1531 4294 1567 4359 in
1587 4296 1728 4361 exitium
1749 4304 1862 4361 ruunt.
1890 4296 1957 4361 Hic
1980 4306 2071 4364 oerte
2093 4319 2156 4363 non

146 4398 247 4444 eausa
267 4379 341 4463 pari
362 4386 396 4445 et
417 4380 585 4447 communi
606 4381 810 4464 respondeat.
1179 4380 1332 4445 audimus
1362 4378 1447 4462 quod
1469 4380 1609 4465 Pighius
1631 4383 1751 4480 garrit,
1779 4382 1950 4466 aequalem
1975 4403 2050 4449 esse
2080 4404 2156 4468 erga

148 4502 152 4507 -
198 4502 351 4511 —---——
1179 4486 1293 4532 omnes
1313 4467 1469 4550 gratiam:
1493 4467 1549 4532 sed
1570 4467 1689 4533 melius
1708 4468 1771 4534 Doi
1789 4469 1969 4535 bonitatem
1985 4470 2155 4547 illustrari,

217 4548 246 4613 1)
266 4548 340 4603 Add.
367 4548 404 4605 Or
422 4551 508 4605 sainct
526 4550 594 4605 Paul
612 4566 645 4605 ne
664 4552 761 4606 traiote
778 4566 827 4621 pas
845 4553 887 4622 icy
906 4558 1040 4607 comment
1056 4568 1126 4608 nous
1179 4551 1258 4616 dum
1286 4572 1366 4617 vasa
1397 4552 1466 4616 irae
1492 4552 1684 4619 sustinendo
1718 4553 1759 4619 ad
1788 4575 1884 4620 suum
1911 4556 2014 4623 finem
2042 4557 2155 4623 venire

147 4620 1126 4759 ὀωᾞῗζιξξέξὲξξῃῗζῗΒιζᾶᾞζιῃζῖιηξξέᾚΰξωξξὲωὴεΘΜ
1178 4639 1311 4721 patitur.
1357 4636 1453 4718 Quod
1482 4638 1523 4703 ad
1551 4640 1744 4722 patientiam
1771 4648 1911 4726 spectat,
1938 4642 1975 4709 in
2003 4650 2154 4728 promptu

147 4762 222 4810 estre
239 4754 397 4876 pleisantlt
413 4754 483 4811 Dieu
508 4766 538 4810 et
560 4756 727 4812 convenable
751 4760 856 4813 teeux
878 4759 925 4829 qui
948 4767 1011 4814 sont
1027 4760 1125 4815 ιιιιιιιι-
1177 4724 1381 4875 ffiffiutff
1404 4746 1574 4876 megum
1593 4727 1739 4877 Pgtffitia
1756 4727 1934 4880 θθῃὲἓῖῗὲ
1941 4734 2060 4881 utngn
2071 4730 2155 4880 siff

147 4836 248 4955 11101183)
260 4837 324 4946 ιιι
337 4839 447 4973 beliardo
464 4909 574 4974 messor
591 4900 620 4950 st
637 4910 672 4950 ex
686 4900 741 4977 ert.
789 4966 795 4977 ι
1178 4893 1276 4976 Quod
1297 4901 1331 4960 et
1352 4830 1665 4980 Aebsgbstinugugoite
1687 4834 1848 4967 (ιιιὲἓξιῦι,
1862 4900 1885 4982 ι)
1955 4834 2012 4881 mo
2035 4836 2092 4882 ero
2144 4861 2152 4878 ⁸

217 4958 248 5025 4)
267 4958 341 5014 Ceux
359 4976 404 5029 qur
425 4977 479 5016 una
524 4970 571 5017 ent
588 4978 641 5033 qne
684 4981 728 5020 reu
746 4964 809 5021 esht
825 4981 862 5021 un
880 4965 984 5020 chacun
1002 4963 1080 5019 selon
1097 4964 1124 5018 le

148 5028 210 5083 bien
229 5026 294 5096 qu’il
312 5030 419 5096 prevoit
437 4980 534 5101 enlmy
552 5040 738 5090 commoneant
750 5036 768 5090 b
779 5032 977 5104 bastirparles
989 5033 1124 5089 fenestras
1176 5071 1259 5080 --
1272 5070 1379 5077 -—--

148 5101 177 5151 et
193 5096 254 5152 font
275 5095 345 5151 aller
366 5096 392 5153 le
414 5098 547 5167 planoher
568 5102 668 5157 devant
690 5103 716 5158 le
739 5103 903 5159 fondament
938 5102 1015 5160 Nous
1037 5116 1124 5158 arone

147 5164 219 5222 dono
236 5168 253 5222 t
269 5171 350 5221 noter
367 5165 516 5224 l’inteution
533 5169 567 5226 de
584 5170 612 5226 S.
629 5172 698 5227 Paul
715 5171 806 5239 (cetu.
824 5174 898 5239 om.).
1246 5168 1275 5237 1)
1294 5169 1376 5226 Libro
1394 5177 1488 5227 eontra
1506 5170 1637 5228 lulianum
1654 5172 1672 5227 5
1691 5190 1749 5243 cap.
1768 5172 1793 5227 5.
