4620 5894
146 202 209 265 eet
943 196 1073 265 VERA
1095 196 1357 265 EOOLESIAE
2092 202 2157 269 1136

144 387 263 455 nefioia
287 392 466 470 coeperunt
496 386 710 470 episcopatus.
760 384 837 452 Huc
864 385 990 453 11111111
1018 385 1125 452 mani·
1176 386 1227 452 vis
1249 405 1348 452 11111
1375 392 1410 450 11
1436 386 1632 453 truculenta.
1679 386 1764 468 Quis
1785 388 1851 452 iam
1869 393 2053 472 tyrannum
2074 390 2160 459 ferat

144 475 231 540 festa
252 471 410 537 simoniae
432 470 578 537 foeditas.
623 468 699 551 Qua
720 471 809 535 enim
830 471 1123 551 commendatione,
1176 471 1357 540 consularis
1385 480 1444 538 1111
1470 473 1607 538 alterius
1635 472 1776 557 legitimi
1802 473 2029 558 magistratus,
2059 497 2159 560 quem

145 566 184 625 ut
205 558 400 642 plurimum,
429 578 516 623 nunc
537 556 579 622 ad
608 556 765 622 honorem
791 557 1007 640 pervenitur?
1052 559 1125 642 Ego
1176 559 1246 640 ipso
1268 559 1451 636 sustulerit,
1466 559 1491 642 ¹)
1513 560 1646 624 nomine
1668 557 1887 642 gloriantem?
1918 559 2032 627 Nihilo
2047 568 2159 628 autom

146 665 228 710 sane
255 643 354 727 longa
380 642 574 709 recitatione
601 641 681 707 adeo
710 663 777 706 non
803 641 962 722 delector,
990 652 1125 709 uttam
1177 643 1284 707 minor
1305 651 1356 709 est
1376 644 1515 709 istorum
1541 642 1760 728 impudentia,
1787 643 1845 726 qui
1872 653 2045 728 postquam
2066 668 2161 716 sanc-

145 729 308 814 flagiticsa
336 727 509 794 christiani
546 728 689 792 nominis
721 728 840 810 probra
877 729 930 794 111
963 731 1125 813 attingere
1177 735 1249 793 tum
1271 728 1355 794 illud
1371 730 1528 813 regimen,
1551 751 1653 812 quum
1671 728 1798 795 Ohristi
1820 729 1912 795 iussu
1933 738 2007 797 tum
2029 740 2161 817 aposto-

144 816 266 965 pigeat.
312 815 405 879 Bene
438 821 550 878 tamen
582 812 684 878 habet
715 812 804 895 quod
832 834 885 878 me
913 821 1043 879 tacente
1072 834 1125 879 res
1177 813 1285 878 lorum
1313 836 1376 880 usu
1402 816 1631 894 constitutum,
1660 813 1916 895 labefactarunt,
1946 818 2017 883 eius
2046 826 2160 885 tamen

158 911 306 984 oquitur,
329 898 414 963 nihil
435 898 475 964 ab
498 898 612 963 ordine
635 897 855 980 apostolorum
876 900 981 983 magis
1003 899 1126 965 discre-
1178 899 1419 965 successionem
1451 921 1530 966 suae
1564 897 1736 984 tyrannidi
1769 900 1961 967 obtendunt.
2005 903 2095 969 Nam
2123 911 2163 971 ut

145 1005 240 1070 pare,
269 983 494 1068 quamtulam
522 981 695 1068 grassandi
721 983 902 1062 licentiam,
937 1006 1002 1067 qua
1028 984 1126 1050 hodie
1178 985 1323 1050 maxime
1352 987 1509 1052 continua
1535 986 1634 1051 fuerit
1661 987 1818 1069 temporis
1846 987 1963 1068 series,
1992 989 2021 1054 si
2049 998 2161 1056 tamen

147 1072 356 1155 episcopatus
376 1076 588 1154 occupantur.
633 1068 746 1150 Quum
769 1069 948 1152 Apostolus
970 1069 1125 1153 disputat,
1178 1070 1384 1137 interciderit
1414 1071 1615 1154 apostolatus
1652 1071 1754 1154 (quod
1786 1071 1929 1137 lacerato
1960 1074 2025 1138 Dei
2058 1075 2161 1154 cultu,

146 1157 287 1240 qualiter
308 1154 488 1223 secundum
517 1154 667 1220 ordinem
687 1154 909 1220 Melehnedec
932 1157 1128 1222 constitutus
1179 1155 1307 1239 sepulto
1329 1156 1453 1222 Christi
1474 1158 1588 1234 officio,
1611 1157 1774 1223 exstincta
1795 1156 1961 1222 doctrinae
1982 1158 2067 1239 luce,
2089 1160 2162 1244 pol·

146 1243 192 1308 sit
207 1242 355 1327 pontifex
376 1241 464 1306 filius
487 1241 562 1318 Dei,
585 1240 763 1324 diligenter
783 1240 1031 1306 similitudinem
1053 1262 1126 1324 per·
1178 1241 1257 1307 lutis
1287 1243 1502 1308 sacramentis
1531 1263 1662 1308 necesso
1685 1240 1750 1326 est)
1778 1263 1861 1325 quae
1889 1264 2025 1310 manere
2051 1252 2164 1329 potest

146 1329 309 1412 sequitur,
332 1328 403 1392 sine
425 1347 490 1409 qua
512 1347 579 1391 non
601 1335 768 1391 constaret
796 1326 853 1390 illa
876 1327 1127 1410 1911111111-
1179 1327 1362 1393 successio?
1407 1327 1482 1392 Nisi
1508 1328 1607 1403 forte,
1642 1325 1728 1410 quod
1757 1327 1855 1393 sicuti
1884 1340 2015 1395 mortuo
2042 1329 2163 1397 haeres

145 1413 210 1480 sita
220 1412 429 1497 comparatio.
461 1412 535 1478 Nisi
555 1412 662 1477 velint
682 1411 844 1496 singulari
865 1411 1006 1494 quodam
1025 1431 1127 1478 novo·
1179 1411 1332 1491 succedit,
1359 1413 1407 1477 ita
1428 1412 1484 1478 isti
1505 1412 1638 1495 pietatis
1659 1413 1797 1477 interitu
1818 1420 1949 1495 partam
1971 1414 2035 1480 sibi
2057 1415 2163 1482 domi-

167 1520 208 1565 ue
229 1498 402 1583 privilegio
425 1518 461 1563 se
482 1497 638 1564 extollere
660 1518 760 1580 supra
782 1497 887 1561 filium
909 1498 991 1574 Dei,
1015 1505 1127 1563 osten·
1180 1499 1348 1563 nationem
1369 1505 1499 1581 putant.
1545 1496 1612 1563 Sed
1635 1519 1737 1581 quum
1758 1503 1863 1563 totam
1885 1498 2092 1583 gubernandi
2109 1521 2162 1567 ra-

145 1519 227 1650 dant
257 1583 419 1667 quomodo
452 1583 494 1648 ad
521 1584 681 1648 rationem
714 1582 927 1665 apostolicam
957 1583 1127 1666 compositi
1180 1583 1304 1648 tionem
1332 1584 1465 1666 penitus
1491 1585 1708 1662 mutaverint,
1741 1583 1848 1668 magis
1877 1583 2079 1667 profundum
2112 1593 2164 1652 est

144 1670 213 1735 sint
233 1669 387 1735 hodierni
399 1670 615 1753 episcopatus.
652 1668 780 1751 Nempe
801 1668 959 1733 interhos
981 1675 1015 1733 et
1034 1667 1127 1732 illam
1179 1668 1398 1734 1111110111
1425 1668 1588 1752 apostolos
1615 1669 1764 1746 chasma,
1792 1690 1891 1752 quam
1917 1678 1957 1735 ut
1984 1671 2163 1739 1111111111

145 1754 270 1840 optime
291 1756 478 1834 conveniet,
506 1759 579 1834 [pag.
601 1758 674 1832 143]
704 1754 732 1817 si
754 1753 783 1818 is
809 1756 863 1835 qui
890 1754 1017 1837 plebem
1039 1774 1128 1819 com·
1180 1755 1432 1820 communicatio
1453 1753 1644 1820 intercedat.
1677 1754 1788 1836 Atque
1809 1760 1847 1819 ut
1868 1755 1976 1820 locum
1993 1756 2162 1824 huncuno

146 1841 281 1906 missam
304 1847 373 1905 tota
393 1841 464 1907 vita
485 1860 653 1923 nunquam
675 1836 781 1918 videt,
808 1841 835 1904 si
857 1860 942 1923 puer
964 1838 1127 1918 decennis,
1180 1840 1283 1904 verbo
1305 1839 1471 1918 claudam,
1500 1859 1586 1924 nego
1614 1860 1685 1905 csse
1713 1839 1965 1916 successionem,
1993 1843 2088 1908 cuius
2114 1842 2163 1908 rei

146 1927 175 1994 si
196 1925 281 2005 leno,
305 1928 334 1992 si
355 1926 436 2004 aleo,
460 1927 487 1990 si
512 1934 658 1999 venator,
681 1924 716 1988 in
739 1926 829 1989 omni
841 1924 990 2007 nequitia
1001 1925 1127 1989 1111111-
1179 1924 1273 1989 nulla
1304 1934 1354 1990 111
1386 1926 1487 2010 origo.
1537 1925 1631 2009 Nego
1672 1926 1753 1990 item
1785 1924 1992 1991 sacrificandi
2028 1948 2161 2007 munus,

145 2011 216 2089 tuti,
237 2013 344 2077 omnis
366 2019 400 2077 et
421 2011 551 2094 pietatis
572 2020 606 2075 et
626 2009 951 2076 liberalisdoctrinac
965 2017 1127 2094 expertes,
1180 2010 1268 2092 quod
1288 2010 1325 2074 in
1346 2032 1405 2075 suo
1428 2009 1609 2077 sacerdotio
1631 2011 1848 2092 praecipuum
1871 2019 2066 2091 numerant,
2098 2034 2163 2078 un·

145 2097 368 2181 apostolorum
389 2117 561 2180 personam
584 2097 799 2165 sustineant..
1180 2116 1278 2178 quam
1302 2096 1438 2160 fluxisse
1461 2095 1502 2160 ab
1524 2095 1689 2181 apostolis.
1735 2093 1847 2176 Quare
1868 2095 1950 2161 alios
1971 2097 2038 2162 iam
2060 2119 2163 2182 quae-

234 2181 334 2247 Aliud
354 2183 536 2248 etiamnum
555 2185 703 2248 exoritur
719 2181 826 2247 maius
843 2188 1025 2247 certamen:
1050 2202 1128 2246 nam
1179 2187 1256 2246 rant
1276 2179 1401 2245 ordinis
1422 2182 1475 2246 sui
1496 2191 1637 2247 autores.

147 2268 177 2334 si
198 2287 255 2332 eos
273 2274 401 2333 constet
422 2269 658 2333 infensissimos
679 2288 749 2332 esse
767 2268 837 2331 eius
860 2267 1028 2332 doetrinae
1051 2267 1127 2331 hos·
1267 2263 1364 2346 Quod
1392 2273 1518 2347 autem,
1553 2266 1666 2332 eodem
1700 2272 1890 2350 praetextu,
1923 2289 1959 2333 os
1985 2268 2163 2335 occludunt

146 2360 207 2432 tes,
230 2373 329 2436 quam
351 2353 489 2437 apostoli
510 2372 579 2417 non
601 2351 698 2416 modo
718 2350 942 2434 prodiderunt,
972 2350 1030 2418 sed
1052 2372 1127 2434 pro-
1179 2351 1243 2434 piis
1275 2351 1442 2430 omnibus,
1477 2353 1534 2434 qui
1567 2351 1722 2418 ecclesiae
1754 2352 1985 2418 instaurationi
2016 2353 2162 2435 student,

146 2439 218 2522 prio
244 2439 345 2504 etiam
373 2438 535 2524 sanguine
563 2438 793 2521 obsignarunt:
824 2437 852 2502 si
881 2439 992 2503 omnia
1014 2458 1125 2503 eorum
1180 2437 1273 2520 quasi
1295 2436 1336 2501 ad
1359 2436 1496 2502 docendi
1517 2458 1640 2502 munus
1669 2438 1732 2502 rite
1752 2458 1819 2502 non
1842 2437 1910 2503 sint
1930 2440 2093 2519 vocati:²)
2123 2460 2163 2506 10

146 2523 297 2603 consilia,
326 2531 464 2589 conatus
493 2543 623 2602 omnes,
652 2530 823 2604 totumque
850 2521 1039 2589 institutum
1060 2523 1127 2590 huc
1180 2522 1265 2587 nihil
1287 2528 1521 2606 assequuntur,
1549 2524 1615 2589 nisi
1642 2532 1681 2588 ut
1701 2530 1790 2589 totus
1817 2523 1961 2589 muudus
1986 2523 2161 2610 intelligat,

145 2609 283 2675 tendere
302 2609 413 2693 palam
433 2611 505 2688 fiat,
532 2615 571 2674 ut
592 2607 679 2692 quod
701 2608 840 2673 summis
861 2607 1027 2675 laboribus
1049 2630 1127 2676 con·
1180 2628 1247 2673 non
1270 2608 1366 2673 aliter
1388 2612 1462 2687 [pag.
1485 2614 1558 2688 145]
1582 2618 1669 2674 stare
1690 2630 1805 2674 eorum
1821 2610 2035 2694 tyrannidem
2055 2632 2162 2694 posse,

146 2696 327 2761 stituerunt
347 2694 498 2778 apostoli,
528 2716 570 2759 cx
597 2695 742 2778 professo
764 2700 928 2760 evertant:
956 2693 1035 2778 quid
1057 2715 1126 2759 am·
1180 2713 1278 2777 quam
1300 2693 1439 2761 veritate
1461 2715 1625 2777 oppressa.
1670 2695 1798 2759 Verum
1820 2695 2029 2778 estquidam,
2050 2696 2088 2762 in
2109 2717 2163 2764 ec·

145 2780 236 2865 plius
257 2779 431 2847 volumus?
464 2781 575 2846 Detur
596 2779 694 2845 modo
716 2778 810 2845 nobis
832 2779 1008 2860 audientia,
1031 2780 1127 2847 facile
1179 2779 1278 2846 olesia
1305 2779 1388 2845 bene
1414 2779 1580 2856 ordinata,
1615 2780 1723 2845 nullos
1751 2780 1793 2844 ad
1821 2779 1989 2862 publicum
2023 2780 2162 2849 docendi

145 2863 364 2946 ostendemus,
386 2866 444 2932 vix
464 2865 568 2931 ullam
585 2886 657 2932 esse
678 2886 779 2931 sanae
801 2863 969 2931 doctrinae
986 2873 1125 2949 partem,
1179 2886 1302 2930 munus
1314 2863 1626 2944 esseadmittendos,
1648 2866 1714 2930 nisi
1737 2866 1793 2948 qui
1810 2887 1870 2949 per
1889 2865 2073 2933 ordinarios
2086 2887 2163 2951 pas·

146 2972 248 3035 quam
264 2972 331 3017 non
353 2953 421 3018 suis
448 2973 546 3018 corru
570 2951 645 3017 telis
672 2951 855 3017 iniecerint.
898 2951 973 3017 Hoc
994 2949 1127 3036 quidem
1178 2958 1267 3017 tores
1294 2950 1402 3017 vocati
1428 2951 1559 3017 fuerint
1612 2951 1680 3018 Sed
1709 2950 1788 3034 quid
1815 2951 1877 3016 hoo
1912 2950 1954 3017 ad
1980 2950 2161 3035 papatum?

146 3038 380 3104 obtinebimus:
408 3057 531 3121 purum
587 3037 618 3102 ei
640 3037 766 3103 cultum
787 3035 897 3120 impiis
919 3037 1127 3121 superstitio·
1178 3036 1251 3102 Nisi
1280 3036 1322 3101 ad
1344 3037 1585 3103 Antichristum
1607 3037 1734 3104 Ohristi
1760 3044 1905 3119 potestas
1931 3038 2162 3105 transferatur.

146 3124 243 3189 nibus
265 3123 353 3207 ipsos
375 3124 629 3190 contaminasse:
657 3122 794 3189 infinitis
821 3122 988 3188 erroribus
1015 3123 1126 3207 impli-
1177 3121 1353 3187 Dederunt
1374 3123 1510 3206 apostoli
1533 3143 1676 3206 operam,
1698 3129 1736 3187 11
1753 3142 1813 3205 par
1830 3129 1911 3200 erat,
1928 3123 2164 3208 propagandae

146 3209 253 3275 cuisse
275 3207 443 3289 tumfidoi,
464 3207 770 3293 tumpoenitentiae
779 3206 978 3274 doctrinam:
1000 3208 1127 3274 Ohristi
1178 3207 1220 3273 ad
1241 3214 1389 3291 posteros
1410 3208 1573 3275 ecclesiae.
1606 3209 1649 3274 In
1671 3208 1762 3274 hunc
1783 3209 1884 3273 finem
1896 3216 2025 3276 creatos
2045 3210 2162 3295 populi

146 3294 305 3360 virtutem
331 3314 369 3360 ac
396 3296 537 3380 gratiam
564 3316 630 3360 non
658 3295 849 3360 obscurasse
875 3300 1004 3360 tantum
1025 3295 1126 3361 variis
1178 3294 1344 3378 suffragiis
1381 3299 1527 3377 pastores
1559 3294 1763 3360 ordinarunt.
1808 3293 1944 3374 Postea,
1983 3316 2052 3361 una
2084 3316 2162 3362 oum

146 3380 306 3458 tenebris,
336 3380 394 3446 sed
415 3379 652 3464 propemodum
679 3380 892 3446 exstinxisse:
922 3379 1127 3448 adulterasse
1178 3379 1346 3445 doctrinae
1367 3380 1520 3464 puritate,
1542 3381 1631 3445 iusta
1640 3378 1784 3462 eligendi
1800 3380 1885 3444 ratio
1897 3379 2068 3447 obsolevit
2105 3382 2163 3447 An

146 3463 292 3548 indiguis
315 3465 421 3532 modis
453 3472 665 3532 sacramenta.
710 3464 751 3530 Id
773 3466 840 3530 iam
870 3472 955 3531 totos
988 3467 1126 3550 triginta
1179 3487 1277 3532 nemo
1299 3465 1364 3531 erit
1384 3466 1491 3531 iustus
1514 3464 1641 3531 Ohristi
1662 3465 1822 3543 minister,
1844 3465 1909 3531 nisi
1930 3467 1986 3548 qui
2007 3487 2068 3550 per
2089 3486 2162 3533 cor·

146 3569 251 3614 annos
272 3560 412 3634 egemnt
427 3551 554 3616 Ohristi
571 3551 668 3617 11111.
710 3551 751 3615 In
774 3550 888 3615 eodem
907 3551 1005 3616 hodie
1027 3573 1127 3619 cursu
1177 3551 1342 3634 ruptelam
1374 3550 1618 3635 obrepserit?³)
1670 3548 1935 3630 successionem,
1969 3572 2070 3636 quam
2097 3553 2163 3619 sibi

145 3635 325 3785 pergimus.
369 3635 464 3700 Nihil
490 3637 575 3715 dico,
605 3637 698 3701 ouius
726 3636 802 3701 libri
829 3637 935 3701 nostri
962 3658 1030 3702 non
1058 3638 1126 3703 sint
1178 3644 1269 3702 tanto
1290 3636 1467 3720 supercilio
1495 3642 1665 3720 arrogant,
1693 3637 1758 3700 iam
1786 3636 1853 3702 illis
1880 3637 1994 3720 eripui.
2040 3638 2163 3705 Memi-

160 3719 307 3786 ueulsnti
328 3727 438 3787 testes.
482 3722 568 3786 Boni
589 3722 653 3786 1111
681 3720 737 3784 ubi
766 3742 801 3786 se
827 3721 902 3804 plus
929 3741 1028 3804 quam
1049 3744 1126 3787 con·
1177 3723 1324 3787 norimus
1341 3729 1518 3804 praeterea,
1541 3743 1643 3805 quum
1654 3722 1816 3787 sacrificos
1833 3743 1894 3787 sua
1907 3723 2166 3807 inauguratione

145 3807 258 3886 victos,
281 3813 315 3872 et
339 3806 483 3872 letaliter
504 3807 670 3872 confossos
692 3804 822 3883 rident,
851 3813 975 3889 negant
996 3813 1126 3889 aposto-
1178 3814 1306 3885 creent,
1334 3828 1401 3870 non
1428 3816 1593 3888 pastores,
1621 3807 1744 3890 illigari
1765 3807 1949 3891 sacrilegio,
1972 3808 2164 3893 quicunque

144 3891 254 3958 lorum
288 3892 529 3959 successoribus
568 3889 789 3956 exhibendam
821 3911 892 3956 esse
930 3890 1123 3956 molestiam.
1177 3891 1311 3957 illorum
1338 3889 1484 3956 ordinari
1510 3912 1611 3956 manu
1634 3893 1804 3958 sustinent
1849 3893 1955 3958 Nemo
1976 3894 2083 3977 igitur
2103 3915 2164 3978 po·

145 3979 265 4062 Atqui,
291 3978 392 4044 huius
414 3979 464 4043 rei
492 3977 635 4061 cognitio
663 3997 705 4042 ex
732 3975 902 4043 doctrinae
925 3976 1125 4044 dissuasione
1178 3977 1267 4053 terit,
1287 3977 1352 4042 nisi
1374 3977 1461 4041 malo
1483 3975 1778 4061 detestandoque⁴)
1801 3979 1953 4060 auspicio,
1976 3978 2164 4062 adpromo-

144 4062 288 4148 petenda
309 4071 388 4128 1111
434 4062 488 4128 Ad
510 4083 583 4129 eam
605 4062 692 4127 ultro
713 4063 812 4145 ipsos,
834 4062 910 4126 freti
930 4063 1036 4128 bonae
1050 4082 1125 4128 cau·
1178 4061 1325 4128 vendum
1346 4060 1475 4127 Christi
1496 4083 1638 4147 regnum
1660 4061 1836 4128 accedere?
1881 4064 1969 4141 Imo,
1992 4064 2161 4147 inquiunt,

144 4168 201 4215 sae
222 4149 351 4228 fiducia,
373 4169 597 4233 provocamus.
642 4147 694 4213 Ns
711 4147 938 4230 respondeant,
961 4147 1126 4230 praeiudi·
1176 4155 1345 4231 utcunque
1366 4168 1499 4230 pessum
1520 4155 1597 4214 eant
1625 4148 1750 4226 omnia,
1779 4170 1891 4226 nemo,
1918 4149 1983 4214 nisi
2012 4157 2161 4230 vocatus,

145 4235 233 4300 cium
255 4233 295 4300 de
317 4235 380 4302 hoc
401 4235 473 4318 ipso
494 4235 564 4299 fieri
586 4233 710 4311 volunt,
733 4233 821 4316 quod
842 4234 878 4297 in
900 4233 1125 4316 quaestionem
1177 4232 1318 4300 accedat
1352 4233 1425 4298 Iam
1446 4255 1520 4299 sum
1542 4232 1802 4316 praefatusnihil
1822 4236 2160 4317 esseoontroversiae,

146 4327 292 4385 vocatur.
342 4319 459 4386 Itane?
508 4319 556 4386 Ut
582 4319 638 4402 qui
669 4319 779 4384 omnia
815 4319 969 4401 apostolis
1002 4318 1125 4386 habent
1177 4319 1258 4402 quin
1279 4320 1464 4401 ubieunque
1484 4319 1667 4396 incolumis,
1691 4326 1748 4383 aut
1770 4319 1886 4384 saltem
1906 4319 2087 4387 tolerabilis
2109 4327 2164 4386 111

146 4407 322 4486 contraria,
346 4407 415 4471 sola
436 4406 594 4489 temporis
617 4404 862 4469 continuatione
884 4426 920 4469 se
940 4425 1053 4469 eorum
1076 4413 1124 4470 te·
1177 4404 1334 4472 ecclesiae
1356 4412 1477 4483 status,
1506 4403 1727 4487 exspectanda
1756 4406 1799 4468 sit
1824 4403 1990 4470 ordinaria
2016 4408 2160 4472 vocatio.

147 4509 228 4553 nere
250 4494 325 4569 [pag.
346 4495 418 4571 144]
439 4491 549 4557 locum
570 4490 724 4574 vicesque
742 4511 840 4574 agere
857 4489 1016 4572 probent?
1061 4492 1124 4556 At
1177 4488 1246 4556 Sed
1268 4513 1312 4556 an
1333 4496 1507 4574 propterea
1528 4489 1583 4554 lex
1604 4491 1675 4555 Deo
1697 4490 1851 4572 imposita
1875 4498 1939 4568 111,
1963 4491 2043 4573 quin
2064 4500 2163 4557 extra

148 4574 205 4657 qui
227 4574 341 4640 eodem
363 4577 478 4657 colore,
500 4577 557 4661 qui
576 4577 710 4642 homine
738 4575 888 4660 iugulato
909 4575 945 4639 in
974 4576 1044 4641 eius
1066 4576 1124 4641 do·
1177 4576 1337 4653 ordinem,
1360 4577 1416 4658 qui
1438 4575 1617 4657 collapsam
1638 4574 1846 4657 dirutumque
1868 4576 2041 4641 ecclesiam
2062 4578 2162 4643 resti-

147 4680 240 4724 mum
265 4660 476 4741 involaverit,
508 4684 544 4729 se
568 4663 658 4728 illius
691 4661 827 4727 iactabit
857 4681 927 4733 1111
954 4661 1122 4727 vicarium.
1177 4668 1287 4738 tuant,
1316 4661 1492 4744 prophetas
1519 4662 1589 4743 ipse
1616 4662 1736 4725 excitet
1762 4681 1821 4725 suo
1849 4661 1982 4744 spiritu,
2014 4681 2052 4727 ae
2080 4663 2162 4729 alios

147 4745 255 4811 Multo
283 4745 357 4828 plus
377 4766 397 4809 a
418 4749 546 4813 ratione
574 4749 632 4814 illa
657 4746 880 4832 gubernandi,
908 4767 1006 4829 quam
1031 4746 1124 4813 nobis
1179 4806 1384 4820 ...-...

146 4829 286 4914 apostoli
307 4832 545 4912 commendant,
567 4834 666 4901 dietat
688 4841 836 4917 papatus,
859 4853 959 4916 quam
980 4833 1124 4898 alibero

147 4917 1126 5005 11111111111)11111-
1247 4896 2093 5036 11111111111111111111111

1248 5034 1279 5099 3)
1299 5035 1372 5090 Add.
1391 5037 1428 5090 tel
1445 5051 1498 5104 que
1516 5044 1596 5105 porte
1614 5038 1641 5090 la
1659 5044 1799 5092 coustume
1818 5036 1854 5090 du
1871 5037 2014 5108 iourdhuy.

218 5103 247 5170 1)
267 5121 303 5158 un
322 5111 395 5159 estat
410 5105 472 5159 bien
492 5103 613 5160 ordonne
633 5122 665 5161 sn
684 5108 800 5177 quelque
817 5107 880 5162 ville
898 5106 1018 5163 tranche.
1245 5101 1277 5171 4)
1294 5103 1506 5172 destinandoque
1524 5105 1610 5160 Besa.
