4620 5894
146 214 208 276 335
946 209 1011 275 DE
1033 208 1257 275 AnuuRNA
1276 209 1360 274 DEI
2100 212 2165 275 333

144 398 231 482 Quia
259 397 321 463 hoc
354 397 402 462 illi
430 398 517 462 inter
549 396 741 463 fraterculos
767 396 918 462 licentiae
950 395 1126 462 reverendi
1176 396 1297 462 eleetos
1319 394 1455 460 destitui
1477 395 1583 479 gloria
1604 397 1677 463 Dei.
1722 397 1820 463 Unde
1841 396 1876 462 id
1898 395 2055 481 colliget?
2074 395 2165 479 Quis

142 485 269 551 abbatis
293 483 386 549 favor
405 481 547 562 dederat,
565 490 603 546 ut
621 481 780 633 99113913
804 483 1028 548 somniaverat
1052 502 1125 546 ora-
1176 483 1212 547 in
1234 501 1349 547 omnes
1370 482 1426 564 991
1447 490 1634 564 peccarunt,
1662 483 1778 565 inquit,
1813 481 2013 548 diffunditur
2035 481 2163 549 Christi

143 569 210 637 culi
232 570 339 634 instar
359 569 482 635 iactare
504 566 653 634 auderet:
687 570 775 633 iem
806 569 868 634 sibi
895 575 990 633 extra
1012 588 1125 631 mona·
1177 568 1293 651 gratia.
1306 569 1330 644 ¹)
1385 567 1491 650 Atqui
1518 587 1579 652 ego
1606 567 1653 632 sic
1681 568 1903 635 universalem
1924 569 1993 635 Dei
2021 571 2166 653 gratiam

144 654 281 721 sterium
304 653 461 736 permisit.
476 655 500 732 ¹)
544 653 613 718 Nos
647 675 735 733 vero,
769 674 837 719 non
870 674 911 718 ex
944 651 1034 718 nuda
1060 652 1126 718 Dei
1178 672 1250 717 esse
1272 653 1384 730 fateor,
1416 664 1452 716 9ι
1479 652 1515 716 19
1539 653 1600 716 hoc
1621 659 1735 718 tamen
1763 655 1863 719 situm
1886 675 1960 720 esse
1990 658 2164 734 [999155]

144 739 374 825 praescientia,
397 746 434 804 ut
455 740 524 822 ipso
546 739 663 805 stolide
684 741 854 818 mentitur,
882 739 1009 817 elicere,
1039 736 1125 820 quod
1178 737 1354 804 discrimen
1376 736 1509 802 addam:
1544 737 1630 822 quod
1661 761 1729 804 non
1756 760 1870 805 omnes
1891 739 2079 806 secundum
2100 739 2165 806 Dei

144 827 269 892 frustra
289 834 465 909 oppugnat,
500 825 588 889 inter
621 825 740 891 electos
768 834 802 890 et
828 826 983 909 reprobos
1010 823 1125 890 discri-
1178 823 1382 907 propositum
1403 828 1609 902 9999919993)

144 934 230 991 men,
260 910 317 977 sed
339 911 520 976 manifestis
542 908 718 992 solidisque
740 911 925 993 scripturae
946 909 1027 975 locis
1049 931 1126 992 pro·
1263 910 1394 993 Arguta
1417 931 1452 974 se
1474 910 1659 976 ratiocinari
1681 918 1786 993 putat,
1816 931 1918 994 quum
1940 910 2037 977 dicit:
2066 909 2165 976 Chri·

144 997 251 1064 ditum
269 996 451 1074 ostendere,
471 995 550 1079 quid
572 995 722 1080 pluribus
740 1017 829 1062 nunc
845 994 1033 1062 contester?
1056 995 1126 1059 Nos
1178 1003 1248 1060 stus
1268 994 1458 1079 propitiatio
1480 1002 1531 1060 ost
1554 1017 1612 1078 pro
1635 996 1776 1079 peccatis
1795 998 1897 1062 totius
1919 994 2047 1061 mundi
2072 996 2165 1080 Ergo

147 1105 189 1150 ex
217 1083 307 1149 nuda
334 1082 400 1148 Dei
432 1082 651 1164 praescientia
688 1103 839 1166 pugnare
873 1081 976 1165 fingit.
1023 1079 1126 1164 Atqui
1178 1089 1274 1145 extra
1296 1079 1458 1145 mundum
1479 1083 1634 1165 reprobos
1657 1082 1860 1148 constituant
1892 1089 2025 1166 oportet
2054 1082 2116 1165 qui
2145 1101 2166 1147 a

145 1180 276 1253 apertos
303 1168 484 1250 scripturae
515 1167 602 1233 locos
634 1167 709 1251 plus
743 1168 862 1252 viginti
895 1189 915 1231 a
947 1188 999 1231 me
1032 1167 1126 1248 prius
1179 1165 1306 1231 Christi
1327 1166 1576 1250 participatione
1598 1189 1710 1234 arcere
1732 1188 1788 1233 eos
1806 1168 1933 1233 volunt
1979 1168 2033 1233 Ne
2056 1166 2167 1234 valeat

146 1257 264 1320 citatos
298 1255 464 1336 reperient
499 1253 681 1331 lectores2).
715 1252 900 1337 Specialem
933 1251 1127 1317 electionem
1177 1252 1214 1315 in
1236 1272 1393 1333 praesens
1415 1252 1597 1318 communis
1625 1253 1683 1318 illa
1710 1253 1845 1319 solutio:
1873 1253 2049 1319 Christum
2073 1254 2165 1320 suffi-

144 1347 367 1406 commentum
400 1360 472 1405 esse
504 1350 655 1405 nostrum
678 1342 788 1404 iactat:
813 1339 888 1422 quia
908 1338 1017 1403 nullos
1033 1337 1126 1402 Deus
1179 1337 1304 1403 cientur
1325 1358 1384 1420 pro
1407 1337 1559 1404 omnibus
1581 1359 1715 1421 passum
1731 1360 1812 1418 esse,
1836 1339 2015 1406 efficaciter
2032 1346 2166 1406 tanturn

144 1440 250 1492 certos
283 1425 433 1490 homines
463 1424 608 1508 elegerit.
653 1425 701 1488 At
722 1423 877 1490 Christus
910 1444 952 1488 cx
985 1421 1125 1488 advorso
1178 1444 1238 1506 pro
1260 1422 1380 1489 electis.
1425 1424 1552 1507 Magna
1573 1423 1631 1489 illa
1649 1424 1842 1504 absurditas,
1870 1425 1912 1491 ob
1941 1446 2044 1509 quam
2071 1424 2166 1508 plau·

145 1511 275 1587 clamat,
298 1531 333 1576 se
355 1510 439 1575 scire
461 1529 542 1592 quos
565 1509 711 1592 elegerit.
757 1510 1058 1588 (Ioann.13,18).
1179 1530 1254 1574 sum
1277 1508 1337 1574 sibi
1366 1510 1453 1574 inter
1485 1530 1562 1575 euos
1595 1510 1746 1594 gregales
1773 1510 1953 1577 monachus
1987 1511 2165 1593 quaesivit,

231 1594 382 1660 Videatis
405 1606 524 1672 tamen,
558 1616 656 1677 quam
686 1594 803 1660 validis
829 1594 992 1661 machinis
1019 1604 1126 1660 aeter·
1179 1593 1267 1677 apud
1288 1614 1341 1658 me
1364 1594 1448 1658 nihil
1478 1595 1578 1660 habet
1604 1597 1808 1671 momentil)
1851 1597 1920 1661 Per
1947 1617 2167 1680 quascunque

146 1704 229 1747 num
250 1680 333 1746 illud
355 1681 419 1746 Dei
442 1679 614 1745 consilium
636 1681 819 1759 labefactet,
853 1702 916 1764 qno
939 1680 994 1744 alii
1016 1680 1051 1744 in
1074 1700 1126 1744 sa·
1177 1678 1294 1745 mundi
1334 1680 1448 1764 plagas
1487 1680 1627 1764 dispersi
1665 1682 1733 1746 sint
1770 1680 1892 1759 fideles,
1938 1681 2167 1764 expiationem

146 1768 253 1832 lutam
286 1766 380 1833 electi
409 1776 496 1844 suut,
530 1766 585 1830 alii
618 1765 719 1831 exitio
753 1764 914 1830 destinati.
959 1764 1127 1830 Iustitiam
1179 1763 1305 1830 Christi
1326 1775 1432 1831 morte
1454 1774 1583 1848 partam
1605 1765 1648 1832 ad
1675 1788 1730 1832 eos
1752 1767 1894 1833 Ioannes
1916 1766 2080 1833 extendit
2124 1765 2165 1832 Id

144 1853 210 1919 Dei
233 1873 274 1917 ex
296 1850 361 1916 fide
383 1851 511 1917 Paulus
533 1872 739 1916 communem
773 1851 852 1917 facit
886 1851 1039 1916 omnibus
1071 1850 1127 1933 qui
1179 1860 1267 1915 certo
1289 1873 1355 1915 non
1378 1851 1494 1929 obstat,
1519 1852 1694 1936 quominus
1716 1853 1847 1936 reprobi
1871 1854 1907 1917 in
1928 1852 2058 1917 mundo
2081 1853 2165 1919 eleo-

145 1936 297 2006 credunt:
339 1959 398 2004 noc
438 1936 681 2002 distinctionem
716 1936 870 2013 admittit,
903 1938 982 2018 quia
1014 1956 1127 2000 omues
1180 1936 1222 2000 119
1244 1937 1399 2018 permixti
1419 1938 1495 2002 sint.
1540 1938 1773 2003 Controversia
1800 1940 1899 2002 etiam
1921 1945 2022 2016 curet,
2047 1937 2165 2004 Chris·

143 2023 356 2108 peccaverint
400 2028 434 2087 et
473 2022 693 2088 destituantur
725 2021 831 2106 gloria
864 2023 929 2086 Dei
962 2022 1073 2100 (Rom.
1098 2025 1127 2099 3,
1180 2028 1253 2085 tum
1275 2021 1446 2104 expiandis
1475 2023 1575 2087 totius
1602 2023 1716 2088 mundi
1744 2025 1884 2105 peccatis
1907 2023 2050 2089 venisse.
2098 2022 2167 2090 Sed

106 2138 109 2144 ·
146 2114 212 2184 22).
246 2111 370 2174 Fateor
391 2130 470 2173 sano
501 2109 565 2174 Dei
595 2109 756 2174 iustitiam
790 2128 890 2191 super
922 2127 1037 2172 onmes
1069 2129 1128 2190 per
1180 2108 1352 2172 confestim
1373 2108 1516 2173 occurrit
1532 2109 1590 2173 illa
1611 2109 1743 2174 solutio:
1767 2110 1813 2175 Ut
1833 2109 1980 2192 quisquis
2000 2108 2110 2176 credit
2129 2109 2166 2174 in

144 2195 246 2261 fidem
268 2193 417 2259 diffundi.
463 2192 530 2258 Sed
552 2192 640 2259 uude
662 2193 851 2259 hominibus
872 2191 964 2272 fides,
996 2193 1126 2257 nisiex
1180 2214 1256 2257 eum
1275 2215 1339 2258 non
1357 2202 1479 2276 porcat,
1498 2193 1555 2258 aed
1574 2195 1694 2260 habeat
1710 2195 1814 2260 vitam
1832 2203 2012 2260 aeternam.
2031 2196 2164 2274 (Ioann

146 2281 293 2366 gratuita
315 2279 450 2363 spiritus
479 2278 742 2344 illuminatione?
787 2280 835 2343 Et
861 2299 942 2361 quos
970 2278 1006 2341 in
1029 2277 1127 2343 Chri·
1181 2282 1209 2357 3,
1235 2280 1299 2356 15).
1333 2279 1402 2343 Nec
1425 2300 1502 2345 vero
1525 2280 1631 2362 qualis
1653 2281 1697 2345 sit
1719 2280 1844 2346 Christi
1865 2282 1983 2360 virtus,
2006 2281 2066 2347 vel
2088 2281 2165 2365 quid

147 2374 236 2434 stum
258 2365 390 2430 credero
401 2364 526 2430 Paulus
547 2372 670 2443 censet,
693 2365 757 2428 nisi
778 2373 963 2447 quospater
980 2363 1127 2429 coelestis
1180 2386 1240 2448 per
1261 2386 1296 2430 se
1318 2365 1438 2444 valeat,
1460 2386 1549 2430 nunc
1572 2367 1757 2449 quaeritur:
1781 2366 1840 2432 sed
1856 2366 1974 2451 quibus
1997 2388 2034 2433 se
2053 2368 2166 2432 huen-

146 2451 287 2518 traxerit
308 2450 436 2529 (Ioann.
462 2454 490 2527 6,
514 2449 591 2527 teu?
648 2450 803 2516 Christus
835 2458 923 2516 certe
960 2450 1128 2515 neminem
1180 2449 1258 2515 dum
1281 2450 1446 2516 exhibeat.
1491 2450 1639 2532 Quodsi
1667 2453 1701 2516 in
1723 2450 1787 2518 fide
1814 2452 1964 2519 consistit
1990 2455 2163 2535 possessio,

146 2539 183 2603 in
206 2537 274 2602 suis
296 2543 438 2619 reputat,
461 2536 525 2600 nisi
548 2535 645 2601 datus
668 2536 711 2601 sit
732 2558 752 2601 a
773 2544 875 2621 patro.
921 2533 994 2601 Sibi
1017 2542 1128 2600 autem
1181 2544 1213 2601 ct
1232 2534 1314 2602 fides
1341 2558 1383 2602 ex
1411 2537 1530 2620 spiritu
1552 2535 1735 2621 adoptionis
1757 2546 1880 2619 manat,
1920 2544 2036 2617 restat,
2069 2539 2165 2605 utin

147 2629 221 2704 [pag.
243 2627 317 2702 154]
342 2621 435 2686 datos
457 2621 632 2704 praedicat,
667 2622 723 2704 qui
751 2631 827 2686 anto
861 2623 965 2704 patris
997 2622 1129 2686 fuerant
1180 2643 1355 2686 numerum
1378 2622 1520 2687 filiorum
1540 2624 1569 2687 is
1592 2622 1753 2688 duntaxat
1775 2625 1896 2691 ascitus
1917 2624 1970 2702 sit,
1995 2626 2055 2708 qui
2077 2626 2165 2690 futu·

148 2708 239 2788 (ibid.
266 2710 315 2786 17,
341 2714 383 2784 (5).
428 2707 595 2773 Delirium
617 2729 715 2772 suum
748 2707 877 2773 deiide
906 2706 1048 2772 naturali
1071 2707 1127 2772 ob·
1180 2730 1237 2772 rus
1259 2716 1309 2773 est
1331 2707 1457 2774 Christi
1487 2711 1658 2792 particeps.
1704 2710 1773 2775 Nec
1807 2733 1884 2775 vcro
1916 2709 2008 2775 aliud
2036 2710 2165 2776 Christi

147 2793 259 2859 trudet
280 2792 460 2877 Georgius:
497 2792 583 2876 quod
611 2793 759 2858 refellere
783 2813 849 2857 non
872 2803 923 2857 cst
944 2793 1128 2875 praesentis
1180 2793 1324 2857 officium
1346 2794 1555 2860 commendat
1585 2795 1788 2879 evangelista
1810 2797 1961 2875 Ioannes,
1988 2817 2095 2879 quam
2127 2803 2164 2862 ut

146 2879 299 2946 instituti.
344 2880 490 2944 Tantum
512 2878 594 2956 dico,
627 2880 663 2943 in
695 2899 807 2943 omnes
840 2887 873 2942 et
894 2899 993 2961 super
1014 2898 1128 2943 omnes
1181 2887 1287 2943 morte
1315 2901 1375 2945 sua
1401 2881 1437 2943 in
1465 2902 1570 2945 unum
1604 2889 1782 2965 congreget
1813 2880 1879 2947 Dei
1911 2882 1997 2946 filios
2031 2882 2161 2961 (Ioann.

147 2967 203 3050 qui
236 2965 375 3031 credunt
407 2965 444 3029 in
465 2964 639 3031 Christum
671 2984 742 3030 esse
764 2965 827 3029 Dei
858 2964 1036 3028 iustitiam:
1071 2961 1128 3028 scd
1182 2964 1232 3042 11,
1253 2969 1316 3042 52).
1351 2964 1448 3031 Unde
1466 2965 1650 3048 colligimus
1669 2967 1818 3049 quamvis
1836 2989 1896 3050 per
1914 2968 2026 3049 ipsum
2044 2970 2163 3035 offera-

147 3051 261 3118 eodem
282 3051 388 3117 Paulo
418 3058 505 3116 teste
538 3050 679 3135 excipio:
714 3057 753 3115 ut
780 3048 837 3114 alii
862 3070 943 3133 prae
970 3048 1042 3114 aliis
1070 3070 1127 3114 ex·
1180 3057 1235 3115 tur
1256 3055 1330 3130 [pag.
1353 3056 1426 3131 156]
1445 3051 1597 3116 omnibus
1615 3053 1844 3132 reconciliatio,
1863 3052 2030 3138 peculiare
2050 3062 2161 3121 tamen

146 3137 279 3217 cellant,
306 3158 374 3202 non
395 3137 459 3201 nisi
481 3158 500 3200 a
522 3137 591 3202 solo
610 3137 682 3201 Deo
705 3135 854 3213 discerni,
883 3157 925 3201 ne
955 3135 1028 3218 quis
1057 3134 1127 3217 glo·
1172 3157 1251 3225 ¹esse
1273 3136 1384 3202 electis
1406 3136 1609 3215 beneficium,
1634 3137 1726 3202 utin
1749 3139 1835 3203 vitae
1857 3139 2051 3205 societatem
2073 3140 2161 3207 colli·

146 3224 253 3290 rietur
276 3225 321 3299 (1.
345 3221 419 3287 Cor.
443 3228 473 3301 ⁴t,
498 3227 541 3301 7).
564 3223 660 3299 Item,
683 3229 721 3285 ut
743 3222 885 3288 sciamus
907 3242 991 3303 quae
1013 3243 1033 3285 a
1054 3218 1128 3285 Deo
1180 3227 1309 3305 gantur.
1355 3220 1552 3306 Quanquam
1574 3222 1653 3287 dum
1676 3225 1827 3291 omuibus
1849 3225 1962 3290 offerri
1985 3225 2069 3305 dico,
2093 3248 2161 3292 non

148 3309 270 3375 donata
292 3318 371 3374 sunt
392 3308 496 3387 nobis,
520 3329 595 3373 arra
617 3317 650 3373 et
671 3306 779 3392 sigillo
802 3306 939 3391 spiritus
959 3316 1128 3371 aeternam
1179 3309 1226 3371 ita
1248 3307 1381 3391 accipio,
1409 3309 1502 3391 quasi
1524 3309 1565 3373 ad
1587 3329 1703 3375 omnes
1729 3310 1851 3395 legatio
1885 3311 1942 3376 illa
1978 3314 2161 3394 pervoniat,

147 3393 385 3460 haereditatem
407 3393 443 3458 in
465 3393 617 3459 cordibus
639 3394 760 3460 nostris
783 3392 951 3476 obsignari
984 3392 1125 3469 (1099.
1180 3415 1244 3475 qua
1282 3393 1443 3458 mundum
1482 3395 1543 3460 sibi
1576 3396 1765 3462 reconciliat
1796 3398 1897 3475 Deus,
1937 3405 2022 3464 teste
2056 3399 2160 3465 Paulo

150 3482 266 3557 1,22).
301 3479 394 3556 Item,
415 3480 509 3545 nobis
532 3478 601 3543 dari
630 3488 668 3543 ut
696 3480 731 3543 iu
754 3478 926 3545 Christum
957 3477 1128 3543 credamus
1181 3480 1225 3559 (2.
1250 3463 1323 3546 Cor.
1350 3483 1469 3562 5,1a):
1505 3481 1561 3546 sed
1589 3481 1631 3545 ad
1658 3504 1740 3565 quos
1769 3484 1930 3567 pervenit,
1968 3507 2010 3549 ne
2047 3507 2160 3551 eorum

148 3565 285 3647 (Philip.
315 3566 343 3642 1,
379 3568 443 3642 29).
498 3564 595 3643 Iem,
629 3564 809 3629 illuminari
841 3564 962 3629 mentis
995 3570 1128 3628 nostrae
1181 3564 1312 3647 quidem
1340 3565 1491 3632 cordibus
1522 3566 1748 3632 indifferenter
1780 3568 1982 3653 obsignatur,
2016 3580 2056 3635 ut
2090 3579 2160 3636 rata

149 3650 268 3728 oculos,
291 3657 330 3713 ut
351 3651 493 3715 sciamus
514 3670 598 3732 quae
619 3652 662 3714 sit
689 3670 763 3732 spes
786 3651 967 3716 vocationis
994 3658 1128 3715 nostrae
1181 3650 1232 3715 sit.
1278 3649 1375 3731 Quod
1384 3656 1411 3728 ⁴)
1441 3652 1566 3717 nullam
1595 3674 1665 3718 esse
1693 3656 1914 3737 acceptionem
1941 3677 2161 3739 personarum

149 3735 286 3818 (Ephes.
312 3735 338 3812 1,
364 3736 427 3812 le).
472 3735 568 3813 Item,
599 3735 744 3799 fructum
766 3735 901 3817 spiritus
930 3757 1000 3800 esse
1028 3735 1128 3799 fidem
1180 3737 1299 3820 garrit:
1346 3737 1450 3803 discat
1489 3739 1632 3820 primum
1674 3739 1751 3821 quid
1790 3741 1954 3824 significet
1993 3743 2160 3808 Personae

150 3821 277 3901 (Colat.
303 3824 331 3899 5,
356 3822 421 3898 22).
450 3820 639 3885 Discrimen
656 3842 726 3885 esso
744 3838 842 3904 negat
859 3822 984 3886 Paulus
1017 3821 1126 3898 (Rom.
1152 3822 1155 3841 '
1180 3843 1317 3887 nomen:
1352 3834 1424 3887 tum
1456 3824 1540 3888 nihil
1571 3825 1708 3890 facesset
1741 3825 1832 3892 nobis
1865 3826 2039 3894 molestiae
2062 3851 2104 3894 ex
2123 3851 2161 3894 ca

66 3944 69 3950 ·
150 3911 179 3985 3,
199 3912 265 3984 23),
287 3926 406 3989 nempe
424 3905 537 3971 Iudaei
559 3914 592 3970 et
614 3905 749 3973 Graeci:
771 3907 848 3989 quia
864 3914 1020 3989 utrosque
1039 3907 1127 3988 pari·
1180 3909 1351 3973 sententia.

149 4000 200 4058 ter
222 3994 316 4057 Deus
337 3992 379 4056 ad
401 3991 542 4056 salutem
564 3993 693 4058 invitat.
738 3991 806 4058 Sed
835 3990 917 4056 duae
944 3993 1026 4057 istae
1054 4013 1154 4075 spe,
1266 3995 1313 4058 At
1343 3994 1470 4060 Paulus
1504 3994 1605 4074 docet,
1638 3995 1726 4062 velle
1758 3996 1870 4061 Deum
1902 4020 2018 4064 omues
2053 4000 2159 4067 salvos

148 4080 224 4157 cies,
247 4078 356 4159 inquit
377 4077 551 4161 Georgius,
575 4084 680 4142 totum
700 4099 807 4162 genus
833 4078 1017 4143 humanum
1040 4099 1125 4143 com·
1151 4082 1154 4171 )
1181 4154 1192 4159 -
1304 4154 1319 4159 ..

148 4162 370 4315 prehendunt.
415 4164 513 4228 Esto:
542 4185 609 4228 non
632 4171 743 4229 tamen
765 4161 842 4228 inde
861 4165 1004 4241 evincet,
1037 4163 1126 4247 sigil-

162 4252 244 4316 atim
265 4249 441 4331 unicuique
469 4249 639 4314 hominum
667 4249 814 4332 promitti
841 4249 1009 4314 iustitiam.
1054 4250 1128 4314 Hoc
1151 4174 1155 4277 l
1180 4302 1225 4356 n’v
1242 4232 1281 4354 ali}
1297 4232 1824 4372 duldlaiudlleuiaudurqllediuseclldlm
1843 4237 1935 4306 ⁰¹⁰¹&
1960 4256 1998 4293 ⁰1¹
2016 4239 2080 4294 bien
2099 4239 2158 4310 qu’il

1704 4374 1763 4441 aul,
1786 4375 1833 4441 qui
1852 4382 1975 4441 emporte
1995 4395 2032 4431 un
2052 4393 2158 4432 moure·

148 4356 276 4419 quoquc
298 4344 498 4418 postremum
527 4342 565 4399 ut
587 4335 712 4414 damus,
744 4335 810 4400 huc
843 4342 954 4400 tamen
987 4334 1128 4399 redeun·
1209 4361 1217 4371 ι
1250 4370 1279 4434 2)
1300 4370 1373 4424 Md·
1393 4371 1459 4424 (lent
1482 4373 1558 4438 parte
1578 4321 1702 4426 sainctl

150 4421 230 4486 dum
252 4421 323 4499 erit,
350 4421 518 4486 neminem
540 4419 618 4485 boni
639 4421 739 4485 oblati
758 4430 950 4504 compotem,
973 4421 1037 4485 nisi
1054 4419 1128 4500 fide,
1182 4445 1256 4493 ment
1273 4441 1375 4492 certain
1394 4439 1430 4493 du
1447 4441 1535 4493 sainct
1553 4441 1646 4508 aspra.

148 4508 231 4572 fieri.
275 4507 394 4572 Restat
415 4514 453 4571 ut
475 4507 657 4572 monachus
686 4506 788 4571 fidem
813 4508 964 4571 omnibus
990 4506 1129 4589 promis-
1251 4507 1280 4572 3)
1299 4508 1362 4561 Hoc
1379 4523 1482 4561 ceramo
1499 4524 1549 4562 om·
1568 4509 1747 4564 invasione.
1871 4579 1876 4589 ,

150 4612 247 4657 enam
269 4593 375 4656 faeiat.
421 4591 518 4672 Quod
541 4594 604 4657 iam
635 4593 716 4658 satis
741 4593 887 4674 probavi,
917 4613 1013 4675 quam
1041 4592 1131 4656 sita
1251 4574 1281 4639 4)
1306 4575 1383 4642 Quod
1411 4576 1511 4630 nullam
1538 4592 1599 4631 ⁰³⁸⁰
1623 4583 1700 4631 caat
1744 4576 1821 4646 ΨΜ
1845 4578 1910 4632 lmf
1936 4588 2091 4703 &uantur
2110 4597 2159 4651 W

1183 4648 1316 4713 integram
1328 4646 1391 4714 fere
1407 4647 1538 4712 paginam
1561 4647 1703 4714 archetypi
1719 4649 1812 4700 omnia
1829 4648 1930 4701 919991
2011 4651 2159 4719 ampuri

1183 4713 1296 4780 gallico,
1319 4716 1398 4767 cuiae
1415 4718 1504 4768 199199
1527 4715 1566 4767 sic
1583 4714 1718 4769 decurrit:
1743 4716 1779 4769 Ge
1799 4715 1935 4770 brouillon
1953 4735 2063 4774 amasse
2081 4722 2158 4774 beau-

1185 4799 1254 4850 coup
1273 4782 1307 4836 do
1325 4798 1458 4850 passages
1477 4783 1605 4852 ausquels
1621 4783 1640 4836 11
1658 4783 1729 4839 n’est
1745 4786 1773 4838 ia
1790 4783 1883 4838 besem
1903 4785 1936 4839 de
1947 4789 2100 4856 respondre
2111 4802 2158 4857 par

1184 4851 1209 4905 le
1227 4867 1320 4904 menu:
1340 4868 1387 4905 sur
1404 4857 1465 4905 tout
1483 4850 1603 4906 d’autant
1616 4868 1668 4919 999
1687 4868 1750 4908 sans
1763 4854 1845 4906 houte
1858 4853 1877 4906 il
1891 4860 1990 4910 tourne
2002 4863 2030 4911 91
2043 4855 2157 4911 raraude

223 4916 252 4980 1)
272 4916 382 4984 templir
400 4916 426 4970 le
445 4916 541 4972 monde
560 4917 593 4971 de
611 4933 772 4986 mensonges
791 4933 841 4987 par
858 4918 940 4971 livres
959 4917 1102 4986 imprimes.
1185 4919 1324 4973 tellement
1346 4918 1410 4987 qu'il
1434 4934 1463 4974 se
1482 4920 1599 4974 confond
1617 4935 1695 4975 assez
1713 4921 1747 4976 de
1766 4938 1829 4990 aoy,
1854 4938 1917 4977 sans
1935 4932 2009 4978 estre
2027 4925 2156 4994 redargue

221 4984 252 5049 2)
271 4985 379 5051 Atqui,
399 5027 404 5036 .
424 5027 430 5040 .
450 5025 457 5038 .
480 4987 605 5041 lectores.
641 4985 719 5042 11999
741 5002 847 5056 qaoque
868 4986 1132 5055 9199919991399
1185 4986 1330 5042 d’ailleurs.
1365 4988 2156 5063 1119999119)991191919111991919999991999399999.

152 5053 311 5176 exaugurari.
1185 5055 1341 5110 Seulcment
1357 5057 1381 5111 ie
1401 5057 1549 5124 toucheray
1566 5072 1600 5110 en
1619 5059 1690 5113 brief
1705 5074 1735 5113 oe
1754 5059 1800 5126 qui
1814 5061 1939 5126 pourroit
1953 5061 1979 5115 19
1994 5064 2057 5131 plus
2072 5071 2156 5118 eston·

239 5123 288 5190 )11
307 5121 411 5178 abiecte
429 5121 493 5191 qu'il
511 5120 690 5193 s’eusuyrroit
707 5139 759 5179 une
777 5123 879 5193 gande
898 5123 1044 5179 absurdite.
1185 5140 1234 5179 ner
1252 5126 1292 5179 les
1311 5127 1429 5194 simplas.
1466 5126 1488 5178 11
1506 5126 1611 5195 allcgue
1631 5144 1667 5182 un
1684 5142 1800 5195 passage
1819 5125 1929 5184 d‘Esate
1946 5136 1995 5186 919

150 4677 249 4741 Pauli
285 4686 397 4742 mente
435 4678 589 4743 alienum.
651 4679 778 4743 Verum
811 4681 1012 4761 aequaturi)
1045 4678 1130 4743 solos
