4620 5894
143 227 210 289 415
797 217 921 286 AO'PA
943 215 1124 287 SYNODI
1146 215 1467 282 remunerare
1752 247 1756 254 ·
2093 218 2160 281 416

143 410 257 493 Usque
278 428 342 491 quo
364 405 469 490 gloria
489 426 566 470 msa
585 403 628 470 ad
650 403 887 488 ignominiam?
931 405 999 472 Ubi
1016 402 1128 470 David
1178 404 1338 487 scriptum
1360 424 1431 470 esse
1453 404 1570 470 cidem.
1612 402 1700 485 Quia
1720 411 1831 468 autem
1853 424 1919 469 vox
1942 411 2015 470 erat
2035 404 2162 471 nullius

143 494 356 579 conqueritur
373 512 507 557 succum
526 512 624 557 suum
642 509 838 556 conversum
858 491 959 557 luisse
976 493 1011 555 in
1033 491 1127 556 sicci·
1179 490 1437 575 significationis,
1459 490 1654 572 interposita
1674 490 1772 555 litera
1792 489 1927 555 induxit
1948 511 2072 557 novam
2092 490 2161 557 lec-

143 590 231 648 tates
274 579 432 655 aestivas,
483 577 649 658 interpres
696 578 880 660 supposuit:
937 576 1127 643 Conversus
1178 577 1313 654 tionem,
1335 577 1475 658 quaein
1498 583 1566 640 teto
1587 582 1713 659 papatu
1735 596 1772 640 re
1796 583 1863 640 net.
1907 576 2048 642 Nullum
2069 576 2163 641 enim

98 690 105 700 ·
143 688 219 734 sum
248 665 286 731 in
307 683 468 730 aerumna
500 659 677 727 meadum
705 662 882 746 configitur
904 662 1000 745 spina
1022 661 1125 747 (Psal.
1179 669 1231 727 est
1251 661 1377 740 Italiae,
1397 661 1536 740 Galliae,
1554 661 1745 745 Hispaniae,
1799 662 1966 728 armeniae
1987 662 2161 746 templum,

145 757 197 829 32,
215 751 262 835 4).
306 750 393 815 Item
415 747 519 813 altero
539 766 655 813 versu:
678 747 721 813 In
743 747 856 830 lupato
879 754 912 812 et
933 749 1046 813 fraeno
1069 767 1128 813 ora
1179 748 1237 813 ubi
1258 768 1325 813 non
1347 768 1469 832 magno
1491 748 1634 814 clemoro
1656 749 1805 814 reboent:
1837 747 1977 814 Viduam
2003 749 2075 814 eius
2103 747 2163 813 be-

144 858 261 906 sorum
277 835 319 902 ed
337 831 562 911 coercendum,
586 855 627 898 ne
645 832 803 899 accedant
821 833 864 913 ad
881 843 914 899 te
934 832 1027 915 (ibid.
1039 856 1069 900 v.
1081 834 1125 918 9).
1180 833 1336 899 nedicens
1357 833 1559 900 benedicam.
1576 834 1600 919 ¹)
1632 834 1680 898 Et
1696 840 1766 899 tam
1788 840 1867 899 sunt
1885 833 1937 900 vel
1953 833 2082 913 attenti,
2104 833 2162 900 rel

144 924 317 1008 Interpres
348 940 428 987 vero
462 920 522 985 sio:
551 919 592 983 In
621 918 736 984 chamo
768 927 802 984 et
829 920 943 984 fraeno
974 919 1127 984 maxillas
1179 919 1399 1003 perspicaces,
1434 927 1472 984 ut
1505 941 1603 985 nemo
1631 926 1702 984 tam
1733 919 1907 985 ridiculam
1939 919 2163 1004 corruptelam

145 1031 260 1077 eorum
281 1006 480 1089 constringe,
503 1005 560 1088 qui
581 1025 649 1069 non
671 1005 906 1088 approximant
928 1003 971 1069 ad
993 1014 1036 1071 te.
1081 1005 1129 1069 Et
1181 1005 1463 1071 animadverterit.
1473 1006 1501 1088 ²)
1547 1004 1616 1071 Sed
1644 1005 1730 1070 nihil
1752 1007 1889 1085 mirum,
1916 1007 1945 1070 si
1967 1012 2081 1090 erepta
2102 1026 2163 1070 no-

145 1095 226 1182 quid
246 1092 470 1176 intelligemus
490 1110 550 1173 per
575 1090 705 1156 lumbos
726 1090 879 1173 impletos
900 1089 1127 1156 illusionibus?
1179 1091 1231 1157 bis
1257 1091 1352 1174 panis
1381 1111 1475 1170 voce,
1505 1113 1626 1157 nomen
1653 1091 1823 1157 viduitatis
1848 1089 2026 1157 inducant:
2057 1111 2163 1175 quum

145 1181 233 1267 quod
255 1180 377 1264 legitur
398 1177 485 1242 Psal.
511 1180 550 1239 38
575 1180 620 1259 (r.
644 1178 690 1256 8).
719 1175 919 1259 Quanquam
936 1174 1128 1259 impruden·
1180 1178 1214 1242 in
1237 1176 1300 1241 hoc
1320 1178 1389 1241 sint
1410 1178 1478 1258 toti,
1502 1184 1540 1242 ut
1557 1177 1685 1242 animas
1702 1199 1788 1261 pene
1809 1177 1960 1243 coelestis
1979 1178 2068 1244 vitae
2085 1196 2163 1241 cru-

145 1275 198 1333 ter
224 1267 325 1344 hnic,
358 1262 415 1346 qui
442 1261 574 1347 sylvam
599 1262 797 1327 immensam
823 1261 1000 1347 ingrediar.
1045 1262 1128 1327 Pro·
1181 1262 1299 1328 deliter
1320 1262 1465 1329 viduent.
1510 1261 1623 1344 Quid?
1664 1263 1847 1347 'Vulgatam
1869 1263 1948 1331 novi
1969 1261 2163 1329 testamenti

146 1351 225 1419 inde
257 1351 300 1417 ad
331 1349 479 1414 unicum.
499 1347 673 1412 Psalmum
704 1369 759 1413 me
791 1350 956 1431 recipiam.
998 1347 1034 1413 Is
1066 1348 1130 1412 erit
1181 1349 1368 1415 versionem
1391 1349 1619 1415 authenticam
1640 1350 1763 1428 facere,
1792 1369 1836 1419 au
1864 1369 1919 1414 eos
1945 1369 2013 1414 non
2036 1347 2161 1433 pudet‘l

146 1438 374 1522 sexagesimus
408 1441 553 1500 oetams
598 1433 665 1499 Ubi
693 1432 804 1499 David
829 1434 926 1499 ‘inter
955 1433 1036 1499 elias
1063 1432 1129 1499 Dei
1182 1455 1284 1518 quum
1305 1435 1342 1498 in
1364 1435 1514 1499 omnium
1535 1435 1688 1501 manibus
1710 1443 1886 1501 versentur
1908 1434 2038 1513 Valles,
2058 1434 2162 1500 Fabri

144 1524 260 1591 laudes
281 1523 368 1587 hanc
390 1539 518 1603 quoque
540 1527 705 1599 recenset,
733 1519 821 1603 quod
841 1519 956 1586 unicos
979 1518 1129 1584 habitare
1182 1528 1215 1584 et
1237 1520 1370 1586 Erasmi
1393 1521 1529 1604 scripta,
1558 1541 1643 1603 quee
1669 1521 1861 1586 innumeros
1883 1522 1919 1585 in
1941 1540 1980 1586 ea
2000 1520 2089 1587 locos
2111 1520 2164 1585 vi·

145 1611 246 1678 faciat
262 1609 299 1673 in
313 1605 425 1671 domo:
449 1605 515 1670 hoo
528 1614 586 1683 est,
602 1604 697 1670 orbos
712 1614 746 1670 et
762 1605 923 1671 solitarios
935 1605 1020 1670 ditat
1034 1604 1129 1669 fami·
1181 1607 1279 1671 tiatos
1302 1605 1404 1690 digito
1425 1607 1480 1672 vel
1501 1607 1613 1690 pueris
1631 1605 1867 1672 demonstrant
1902 1607 2016 1673 Prim0
2034 1605 2077 1670 ed
2094 1605 2164 1671 Re-

48 1702 51 1707 '
145 1696 201 1765 lia.
223 1695 396 1776 Interpres
411 1710 493 1757 vero
512 1692 679 1772 supponit,
696 1692 795 1758 unius
813 1692 923 1757 moris.
953 1689 1128 1774 Sequitur:
1181 1713 1297 1756 manos
1324 1693 1432 1775 eapite
1460 1694 1506 1777 (v.
1536 1696 1572 1776 4)
1605 1692 1770 1775 interpres
1803 1691 1978 1757 Christum
2010 1693 2163 1757 nominat

145 1780 302 1849 Rebelles
328 1783 439 1843 autam
465 1777 500 1840 in
528 1776 695 1841 siticuloso
722 1777 801 1843 loco.
846 1777 913 1842 Pro
940 1798 1004 1861 quo
1025 1777 1129 1842 inter·
1181 1775 1464 1860 praedestinatum
1486 1777 1552 1844 Dei
1573 1778 1688 1842 filium.
1732 1776 1904 1843 Laborant
1932 1779 1970 1842 in
1995 1777 2062 1843 ista
2082 1797 2164 1844 voce

38 1939 41 1945 ,
146 1888 237 1954 pres:
267 1864 431 1931 Similiter
452 1882 508 1926 eos
530 1862 587 1944 qui
608 1872 820 1945 exasperant,
842 1863 899 1945 qui
921 1861 1073 1928 habitant
1094 1863 1130 1926 in
1182 1863 1386 1947 explicanda,
1410 1865 1468 1947 qui
1491 1885 1643 1948 graecam
1671 1864 1821 1948 linguam
1843 1884 1909 1930 non
1932 1871 2061 1929 tenent:
2085 1864 2165 1947 quia

147 1952 316 2037 sepulcris.
361 1949 484 2014 Postea
504 1948 561 2012 ubi
584 1969 702 2013 sensus
724 1949 848 2030 optime
870 1949 943 2013 fluit
962 1949 999 2013 in
1021 1947 1130 2014 verbis
1181 1950 1329 2032 proprie,
1355 1970 1439 2032 quae
1461 1949 1610 2015 nondum
1633 1958 1726 2027 sunt,
1756 1970 1795 2015 ea
1816 1949 1957 2016 dicimus
1980 1948 2165 2032 praedesti·

146 2039 297 2116 Doridis,
320 2037 485 2117 interpres
507 2034 696 2117 aenigmata
711 2033 864 2114 involvit,
887 2034 976 2100 unde
998 2056 1033 2100 se
1056 2033 1130 2099 nul-
1182 2036 1264 2101 nari.
1309 2036 1430 2114 Porro,
1454 2034 1610 2102 Christus
1636 2036 1725 2101 filius
1747 2042 1798 2101 est
1820 2042 1975 2101 aeternus
1998 2036 2071 2100 Dei.
2117 2037 2166 2103 At

146 2127 199 2192 lus
228 2121 376 2205 Oedipus
405 2118 568 2203 expediat
613 2117 670 2185 Sic
698 2120 843 2204 loquitur
864 2119 991 2185 David:
1020 2121 1130 2270 Reges
1182 2141 1261 2187 vero
1283 2121 1320 2185 in
1341 2142 1461 2205 graeca
1482 2142 1570 2201 voce,
1593 2122 1678 2186 nihil
1701 2133 1752 2186 est
1770 2120 1981 2200 difficultatis,
2003 2142 2088 2272 guae
2107 2120 2164 2186 de·

147 2212 353 2279 exercituum
374 2207 547 2291 fugerunt,
574 2206 748 2290 fugerunt,
776 2212 811 2270 ct
837 2205 1050 2272 habitatrices
1095 2226 1130 2270 o·
1182 2206 1344 2273 claretum
1372 2207 1544 2292 significet.
1589 2208 1702 2274 Unum
1731 2209 1920 2290 exemplum
1941 2229 2001 2290 pro
2025 2207 2099 2273 uxi:
2128 2207 2166 2273 in

147 2319 222 2364 mus
250 2295 436 2361 diviserunt
462 2290 581 2374 spolia:
611 2292 673 2358 hoc
698 2296 773 2370 [pag.
795 2297 869 2371 101]
892 2301 952 2370 eet,
974 2291 1131 2356 mulieres
1182 2292 1319 2376 reliquis
1331 2297 1405 2376 [pag.
1420 2298 1495 2372 103]
1507 2314 1735 2377 supervacuus
1753 2303 1841 2359 esset
1852 2293 1953 2359 labor.
1964 2293 1994 2376 ⁸)
2022 2291 2165 2360 Summa

147 2404 232 2469 quac
260 2381 348 2446 domi
375 2377 596 2463 quiescebant.
641 2377 813 2460 Interpres
840 2399 934 2444 vero:
964 2379 1040 2443 Rex
1062 2377 1130 2444 vir-
1182 2379 1238 2444 sit:
1262 2400 1330 2443 non
1353 2379 1449 2444 aliter
1465 2388 1576 2444 ratum
1593 2380 1655 2446 hoc
1673 2381 1742 2444 iore
1760 2379 1913 2459 edictum,
1934 2380 2000 2445 nisi
2017 2379 2165 2445 efficiant

147 2478 261 2536 tutum
278 2466 389 2532 dilecti
401 2463 521 2542 dilecti,
541 2471 575 2528 et
592 2462 711 2547 speciei
727 2463 843 2529 domus
858 2462 1005 2530 dividere
1016 2463 1129 2546 spolia
1183 2464 1369 2530 Tridentini
1390 2474 1515 2548 patres,
1538 2474 1577 2530 ιιι
1598 2464 1756 2544 mundus,
1780 2467 1902 2548 apertis
1924 2465 2044 2545 oculu,
2071 2463 2164 2530 obla-

146 2555 253 2622 Paulo
281 2561 368 2636 post:
403 2551 449 2615 Et
476 2549 505 2616 si
529 2548 699 2614 dormistis
730 2549 819 2615 inter
847 2549 972 2615 medies
999 2549 1090 2628 ollas,
1106 2551 1131 2623 ¹)
1183 2558 1253 2615 tam
1274 2551 1336 2616 sibi
1357 2551 1464 2617 lucem
1486 2573 1552 2617 non
1575 2560 1697 2616 cernat.

147 2637 455 2722 interpres'vertit,
487 2635 612 2701 medios
641 2634 756 2700 eleros.
801 2633 972 2718 Suspioeri
1000 2645 1131 2700 montes
1270 2635 1373 2702 Venio
1395 2637 1437 2702 ad
1459 2638 1510 2702 ius
1531 2636 1774 2721 interpretandi
1795 2636 1881 2721 quod
1904 2637 1965 2703 sibi
1993 2643 2163 2723 arrogant,

148 2725 339 2810 coagulatos
366 2722 491 2806 posuit,
519 2740 596 2804 pro:
625 2720 782 2786 Invidere
808 2721 976 2787 montibus
1002 2721 1129 2804 opimis.
1182 2723 1309 2806 quoties
1337 2721 1378 2787 de
1406 2744 1506 2789 sensu
1535 2723 1713 2789 dubitatur.
1759 2721 1882 2802 Suum,
1910 2725 2063 2806 inquam,
2090 2743 2164 2790 esse

147 2813 216 2880 Ubi
243 2810 344 2876 habet
370 2807 525 2873 hebraica
556 2807 694 2873 veritae:
731 2808 843 2871 Etiam
870 2805 1065 2886 defectores,
1092 2814 1131 2871 ut
1183 2809 1292 2886 aiunt,
1322 2807 1363 2874 de
1392 2809 1576 2893 scripturae
1603 2831 1702 2876 sensu
1730 2809 1808 2874 dere
1835 2829 2010 2892 responsa,
2041 2810 2162 2892 quibus

147 2897 311 2965 inhabitet
339 2893 506 2960 Dominus
533 2893 641 2959 Deus:
677 2892 842 2977 interpres
865 2901 989 2958 mutet:
1016 2893 1131 2958 Etiam
1182 2895 1388 2977 acquiescere
1417 2903 1574 2978 oporteat
1622 2896 1708 2960 Nem
1735 2893 1892 2979 quidquid
1920 2895 2077 2962 ecclesias
2105 2895 2164 2962 de-

148 3006 216 3051 nen
237 2980 408 3050 credentes
429 2979 615 3045 inhabitare
636 2978 817 3043 Dominum
840 2979 998 3064 Deum.²)
1033 2978 1130 3057 Item,
1182 2979 1308 3060 femnt,
1338 2980 1400 3046 sibi
1427 2980 1580 3047 deferunt
1607 2983 1697 3066 ipsis.
1742 2981 1906 3064 Equidem
1928 2981 2043 3060 fateor,
2066 2980 2164 3048 sicuti

170 3090 254 3136 uum
271 3069 319 3133 ita
340 3068 385 3132 sit
407 3064 450 3131 ad
471 3063 625 3130 verbum:
656 3065 828 3130 Reducem
849 3085 892 3131 ex
913 3065 1052 3144 Baeam,
1079 3086 1131 3130 re·
1182 3086 1250 3130 non
1271 3066 1404 3150 privato
1425 3066 1600 3133 hominum
1623 3068 1759 3134 arbitrio
1788 3068 1889 3133 allata
1914 3073 1967 3132 est
1986 3068 2163 3151 scriptura,

148 3092 269 3223 ducam
297 3175 340 3219 cx
366 3149 541 3236 profundis
568 3151 686 3216 maris:
714 3151 877 3235 interpres
905 3171 947 3216 ex
974 3151 1129 3218 adverso:
1182 3152 1230 3216 ita
1250 3150 1428 3237 indignum
1448 3174 1529 3231 esse,
1552 3165 1590 3219 ut
1607 3152 1650 3218 ad
1667 3155 1834 3237 privatum
1851 3154 2008 3237 cuiusque
2025 3173 2165 3220 sensnm

147 3244 204 3309 Ex
237 3242 362 3308 Besum
394 3244 598 3315 convertam,
635 3245 826 3302 convertam
864 3237 901 3302 in
930 3236 1131 3321 profundum
1183 3237 1337 3303 trahatur
1363 3244 1408 3320 (2.
1435 3240 1525 3306 Petr.
1552 3242 1669 3324 1,21).
1727 3239 1819 3320 Quin
1848 3234 1949 3304 eham
1977 3239 2007 3306 si
2035 3237 2077 3304 de
2105 3238 2164 3306 ob·

148 3328 260 3394 maris.
304 3327 405 3391 Item:
439 3323 494 3388 Ibi
529 3322 690 3406 parvulus
729 3323 907 3389 Beniamin
945 3323 1131 3389 dominator
1182 3344 1278 3389 scuro
1300 3324 1371 3390 loco
1392 3326 1594 3410 ambigatur,
1625 3346 1767 3409 quonam
1788 3346 1888 3391 sensu
1910 3326 2014 3410 accipi
2033 3325 2164 3406 debeat,

149 3434 274 3480 eorum.
317 3411 488 3492 Interpres
516 3409 625 3474 nescio
654 3408 733 3492 quid
755 3410 918 3494 cogitans:
947 3409 990 3476 In
1009 3410 1131 3476 mentis
1182 3430 1250 3475 non
1271 3409 1336 3475 alie
1357 3410 1413 3477 via
1434 3411 1570 3477 meliore
1592 3410 1635 3477 ad
1656 3434 1769 3478 veram
1791 3411 2045 3496 intelligentiam
2067 3433 2165 3495 posse

149 3519 296 3564 excessu.
341 3494 524 3561 Dimidiam
545 3494 673 3560 Psalmi
695 3504 832 3578 partem,
855 3503 914 3561 aut
935 3495 1034 3579 paulo
1055 3496 1130 3580 plus
1181 3497 1362 3579 perveniri,
1391 3517 1489 3581 quam
1516 3499 1544 3564 si
1572 3498 1619 3581 pii
1646 3498 1795 3565 doctores
1824 3496 1978 3583 religiosa
1999 3498 2166 3583 discepta-

149 3583 309 3649 reoensui.
354 3579 449 3661 Quae
471 3588 584 3646 tamen
605 3591 755 3646 monstra
775 3580 829 3647 hic
858 3591 1043 3666 agnoscunt
1064 3581 1130 3648 lec·
1183 3583 1271 3647 tione
1291 3583 1329 3647 in
1346 3602 1520 3650 commune
1537 3585 1716 3667 inquirent.
1751 3584 1854 3667 Atqui
1876 3605 1943 3648 non
1964 3584 2163 3669 hoeagitur.

149 3667 259 3735 tores?
289 3666 497 3748 Quanquam,
514 3673 554 3730 ut
572 3667 818 3746 verumtatear,
836 3665 946 3731 dende
963 3679 1014 3732 est
1030 3669 1131 3732 venie
1183 3668 1311 3742 Volunt
1340 3669 1429 3734 enim
1457 3671 1634 3756 tyrannico
1657 3692 1716 3736 suo
1738 3670 1852 3749 edicto,
1881 3669 2071 3735 libertatem
2092 3690 2167 3737 om·

148 3756 253 3823 latino
279 3753 468 3834 interpreti,
502 3752 559 3834 qui
585 3771 737 3834 graecam
764 3753 1030 3830 translationem,
1066 3773 1131 3836 qua
1183 3775 1260 3818 nem
1281 3775 1324 3819 ex
1346 3755 1483 3821 ecclesia
1504 3756 1634 3820 tollere:
1657 3757 1721 3821 sibi
1739 3765 1849 3822 autem
1872 3777 2029 3840 arrogare
2050 3757 2166 3822 infini-

148 3840 258 3928 potuit
279 3837 467 3922 diligentia,
496 3837 670 3919 expressit.
713 3837 803 3902 Istos
825 3857 904 3903 vero
926 3839 1035 3903 asinos
1057 3838 1131 3921 quie
1184 3847 1253 3903 tam
1285 3839 1462 3906 licentiam.
1520 3841 1607 3907 Nem
1639 3843 1900 3925 qualemcunque
1932 3863 1992 3907 sua
2023 3841 2166 3908 libidine

148 3930 244 4006 ieret,
266 3925 347 3991 dum
364 3923 644 4006 interpretat-ionis
661 3922 786 3988 donum
802 3924 948 4005 eripiunt
964 3923 1130 4001 ccclesiae,
1183 3945 1318 3989 sensum
1348 3927 1539 3992 effinxerint
1566 3929 1762 4010 scripturae,
1799 3949 1876 3992 eum
1903 3949 1982 3993 mox
2008 3927 2166 4012 amplecti

150 4022 185 4081 et
206 4013 268 4078 hoc
289 4019 448 4093 tanquam
469 4008 540 4073 luto
561 4009 725 4092 opposito,
754 4008 882 4074 aditum
904 4009 1131 4092 praecludunt,
1184 4032 1317 4077 necesse
1344 4013 1415 4076 erit.
1467 4013 1605 4079 Praeter
1630 4016 1719 4098 ipsos
1745 4033 1826 4079 vero
1855 4014 1981 4079 nemini
2007 4014 2165 4093 feeerit,

150 4121 194 4168 ne
212 4099 254 4165 ad
271 4116 390 4182 puram
409 4093 548 4161 Davidis
566 4093 823 4178 intelligentiam
839 4093 994 4160 accedet?
1025 4094 1130 4174 Adde,
1183 4095 1362 4180 quidquam
1393 4119 1435 4163 ox
1468 4100 1641 4182 scripturis
1673 4101 1820 4185 probare.
1886 4101 1999 4183 Atque
2032 4101 2167 4166 utinam

149 4185 237 4271 quod
258 4204 326 4250 non
345 4181 568 4266 ignorantiam
597 4180 694 4245 modo
716 4181 893 4264 lapsusque
912 4182 1130 4264 interpretum
1182 4181 1398 4266 praestandae
1430 4193 1542 4251 tantae
1576 4187 1624 4251 rei
1656 4208 1752 4270 paros
1783 4186 1900 4252 forent
1962 4184 2031 4253 Sed
2063 4187 2167 4253 boves

149 4271 343 4356 praeferunt
364 4289 462 4333 verae
484 4266 625 4331 aliorum
646 4268 840 4352 cognitioni:
868 4266 926 4332 sed
948 4268 1040 4332 nulla
1067 4269 1131 4333 erit
1183 4269 1339 4352 ephippia
1366 4271 1428 4337 sibi
1454 4280 1632 4354 usurpent,
1667 4272 1721 4338 rel
1747 4273 1855 4356 potius
1888 4273 1971 4338 asini
2004 4272 2125 4357 lyram.
2133 4272 2165 4356 ⁴)

79 4374 81 4380 ·
151 4365 358 4422 temerasse
390 4352 620 4430 hallucinatio,
654 4374 738 4435 quae
767 4374 834 4417 non
869 4352 972 4417 divini
1007 4354 1131 4420 oraculi

151 4442 224 4507 vim
251 4441 382 4506 habeat.
425 4438 533 4520 Qurtle
560 4440 749 4522 exemplum
771 4438 904 4504 Psalmo
928 4445 986 4503 132
1010 4448 1128 4506 exstat.
1183 4463 1387 4471 ·---

152 4527 250 4604 Nem,
272 4547 374 4609 quum
394 4525 462 4592 illic
484 4523 649 4591 Dominus
674 4526 787 4590 victum
809 4545 845 4590 se
867 4525 979 4608 populi
1000 4528 1052 4592 sui
1073 4527 1130 4592 be·

153 4611 363 4677 nedicturum
385 4612 568 4693 promittet,
596 4611 800 4677 sacrificulus
829 4612 992 4694 quispiam
1013 4613 1131 4679 luscio·
1183 4594 1733 4723 tionbhbddelsloll'hidsiheschrdvm
1755 4616 1789 4654 ΠΕ
1807 4600 1885 4655 Βῑωθ
1909 4599 1943 4654 ‘¹⁰
1966 4599 2027 4654 ¹⁶¹¹?
2047 4599 2166 4655 md*

154 4701 249 4781 sual)
262 4697 345 4762 duas
358 4697 471 4763 literas
489 4698 690 4764 coniunctim
707 4697 832 4781 legens,
852 4719 878 4762 c.
895 4708 928 4761 et
943 4705 977 4776 t,
1004 4700 1133 4781 putavit
1253 4731 1284 4794 ρ)
1312 4734 1367 4787 Hir
1399 4750 1462 4788 vero
1496 4737 1586 4790 nimia
1615 4739 1709 4791 mm„
1735 4752 1869 4791 mmmm
1887 4739 2028 4805 ,am-qa,
2055 4736 2164 4859 spa&

496 4868 501 4880 Ι
1192 4802 1287 4856 Verrio
1304 4803 1477 4874 Hieronymi,
1495 4811 1526 4857 ut
1543 4822 1598 4859 non
1616 4806 1760 4860 laudanda
1778 4807 1826 4874 stt,
1844 4812 1933 4861 mmet
1950 4805 2067 4861 ᾱινιιιαιι
2090 4822 2110 4860 ιι
2127 4808 2167 4859 eet

223 4865 253 4932 1)
274 4866 415 4934 Interpres
432 4865 525 4921 addet:
548 4867 615 4923 c’est
637 4869 743 4937 adire,
767 4872 784 4925 a
807 4869 835 4923 la
852 4868 951 4937 sumta,
968 4886 1037 4926 vous
1056 4887 1133 4926 serez
1186 4871 1345 4938 simpliciter
1368 4888 1401 4925 ec
1423 4888 1522 4940 praeeo
1546 4873 1635 4940 Χηριὶν
1658 4875 1732 4945 quod
1755 4876 1834 4930 hebet
1857 4874 2083 4944 Alexandrinus,
2111 4889 2166 4944 pre

154 4937 289 4993 blanchiz.
1189 4937 1278 5007 Θηρᾰν
1302 4940 1436 4994 Vaticani.
1474 4942 1713 5013 Psazm.132,15.

223 5003 254 5068 2)
278 5002 374 5057 Τοιιιιιι
392 5004 442 5058 boe
458 5019 561 5085 cemma
579 5004 753 5060 &ederetur
770 5007 801 5059 r'n
818 5006 949 5060 emanue.
1257 5009 1287 5071 3)
1306 5025 1407 5076 pource
1430 5027 1482 5078 que
1506 5012 1546 5067 les
1570 5016 1741 5069 annotatione
1763 5013 1797 5068 de
1820 5029 1888 5069 ceux
1911 5029 1963 5082 que
1986 5012 2039 5083 i’ey
2060 5013 2166 5069 ditent

222 5072 253 5142 3)
270 5073 386 5142 quelque
410 5088 521 5127 mesura
539 5073 607 5127 Isau
624 5080 707 5142 ayant
730 5074 770 5128 les
792 5090 863 5143 yeux
886 5076 1030 5130 chassieux
1053 5092 1089 5130 ou
1107 5077 1135 5130 la
1185 5077 1247 5132 leur
1264 5093 1344 5132 roure
1361 5087 1436 5132 entre
1455 5088 1546 5136 toutes
1563 5099 1629 5150 gens
1648 5083 1681 5137 de
1699 5084 1802 5137 lettres.
2099 5092 2103 5097 '

153 5157 224 5198 reue
242 5160 278 5199 un
295 5158 350 5212 peu
368 5148 472 5196 courto.
1256 5144 1288 5211 4)
1306 5146 1348 5201 les
1371 5164 1451 5202 asues
1469 5151 1579 5205 veulent
1595 5153 1672 5207 iouer
1694 5152 1728 5207 de
1746 5152 1773 5205 le
1790 5153 1877 5220 harpa
1896 5167 1932 5206 ou
1949 5150 1983 5208 de
2001 5150 2165 5223 l‘espinette.
