4620 5894
194 204 235 267 bb
1015 197 1080 264 Du
1102 195 1377 266 SCANDALIS.
2165 201 2213 273 llo

191 392 271 459 bent
303 389 417 457 fideles
451 409 528 455 cum
556 387 705 466 Christe,
740 407 799 453 suo
833 385 954 470 eapite:
990 385 1068 468 quia
1098 386 1170 469 ipso
1244 408 1286 452 ue
1308 386 1351 452 ad
1371 385 1533 470 evangelii
1553 386 1722 453 fastidium
1739 407 1936 471 exasperare
1958 407 2018 453 nos
2035 384 2210 454 demant.

192 479 321 542 animae
349 484 483 541 nostrae
514 475 550 539 in
583 472 753 557 spirituale
778 472 975 538 alimentum
1008 473 1169 537 fruantur.
1223 408 1450 553 Cuantumvis
1467 472 1609 537 insulsas
1627 474 1764 538 naenias
1781 470 1946 538 blaterant
1961 472 2118 539 monachi
2131 474 2209 538 alii·

191 562 323 628 Horum
355 562 502 627 omniurn
537 566 758 624 consentanea
790 558 911 640 ubique
944 566 995 623 est
1027 557 1169 623 traditm.
1224 579 1287 641 que
1309 556 1460 642 magistri
1477 557 1603 640 papalis
1625 578 1825 642 synagogae,
1840 560 1863 637 ¹)
1886 557 2066 640 quamlibet
2087 558 2210 627 absur-

192 646 290 729 Quod
312 646 417 731 igitur
436 652 565 711 tantum
591 645 627 709 in
656 644 719 710 hac
746 654 840 727 parte
861 642 1097 709 offendiculum
1118 663 1171 707 re·
1225 643 1275 709 dis
1301 643 1419 727 glossis
1450 643 1649 726 scripturam
1677 643 1875 723 deforment,
1905 642 1968 709 hoo
1999 651 2109 709 totum
2137 665 2213 721 non

191 734 325 818 perium
351 733 488 797 fastuosi
517 731 682 807 homines,
711 738 750 794 ut
771 730 860 794 viam
881 722 1055 813 evangelio
1077 748 1171 811 prae-
1225 748 1323 815 aegre
1345 727 1531 794 condonant
1552 727 1628 793 boni
1655 729 1712 794 isti
1740 730 1812 793 viri.
1857 726 1896 795 Si
1923 728 2003 811 quid
2030 729 2115 795 forte
2142 731 2210 795 mi·

193 816 324 884 cludat?
370 820 416 883 At
443 817 478 881 in
506 814 603 880 modo
632 814 819 881 definiendo
848 815 931 891 ratio
959 813 1095 898 paulum
1122 820 1174 878 est
1225 835 1290 879 nus
1308 824 1422 898 aptum
1441 814 1563 879 nostris
1580 814 1885 894 hominibusexeat,
1908 824 2065 897 tanquam
2081 835 2210 900 magno

192 905 331 970 diversa
363 902 487 968 Fateor
496 920 585 975 sane,
603 922 672 966 non
689 907 758 965 tam
777 898 931 966 distincte
948 899 1171 983 loquiomnes,
1223 899 1353 982 piaculo
1375 898 1506 965 anobis
1526 898 1697 964 audiendis
1707 900 1813 966 arceri
1834 922 1869 966 se
1887 899 2078 966 obtendunt
2114 898 2208 967 Con·

193 1010 294 1074 qnam
315 996 401 1054 esset
421 984 615 1069 optandum:
643 987 712 1052 sive
735 985 821 1068 quod
843 1006 910 1051 non
930 985 1044 1051 eadem
1066 985 1172 1049 omni·
1225 992 1312 1051 torta
1334 986 1516 1067 scripturae
1543 986 1745 1062 testimonis,
1777 987 1956 1051 sententias
1977 985 2065 1051 male
2086 986 2208 1053 cohae-

192 1075 353 1141 buselare
375 1083 408 1138 et
429 1071 553 1156 liquide
571 1071 752 1138 disserendi
774 1071 919 1154 suppetit
929 1070 1077 1147 inemtas,
1100 1071 1172 1136 sive
1225 1080 1347 1149 rentes,
1370 1078 1566 1154 argumenta
1586 1070 1706 1136 frivola
1725 1072 1891 1154 patienter
1908 1072 2020 1136 ferunt
2035 1072 2071 1136 iu
2088 1082 2207 1139 uetus·

213 1160 280 1225 uod
297 1181 364 1224 non
383 1157 522 1224 eandem
539 1156 741 1223 omnesfidei
758 1166 1036 1222 mensuramsunt
1053 1155 1171 1238 adepti.
1225 1157 1269 1222 tis
1300 1155 1526 1239 scriptoribus:
1567 1157 1779 1222 centesimam
1814 1164 1943 1240 partem
1975 1158 2003 1223 si
2036 1158 2208 1240 reperiant

228 1267 305 1310 uum
335 1265 377 1310 ex
406 1244 518 1310 densis
544 1251 683 1327 papatus
712 1243 856 1308 tenebris
888 1242 1031 1307 multum
1064 1240 1173 1307 adhue
1225 1242 1260 1307 in
1277 1251 1466 1307 nostrorum
1487 1241 1658 1307 hominum
1678 1243 1818 1326 seriptis,
1841 1264 1908 1307 non
1919 1243 2015 1309 modo
2033 1263 2096 1309 nos
2113 1242 2207 1309 dam·

193 1332 238 1396 sit
259 1330 439 1411 residuum,
462 1328 622 1413 quidquid
640 1328 681 1393 ad
703 1334 777 1408 [pag.
797 1334 851 1407 75]
874 1327 1097 1394 ffisouhendas
1120 1348 1173 1392 er·
1225 1326 1354 1393 nabunt
1374 1347 1487 1392 omnes
1509 1328 1566 1410 qui
1595 1328 1719 1394 erimus
1745 1329 1889 1407 innoxii,
1917 1328 1973 1393 sed
1997 1350 2018 1394 a
2039 1335 2110 1395 tnta
2130 1328 2207 1396 doo-

192 1436 306 1481 rorum
334 1414 488 1481 tenebras
515 1415 608 1493 facit,
635 1413 750 1479 sedulo
778 1422 812 1479 et
839 1411 979 1478 dilucide
1001 1413 1121 1495 exponi
1144 1412 1174 1477 si
1226 1414 1315 1478 trina
1348 1411 1578 1479 abstinendum
1617 1412 1747 1478 ducent
1797 1414 1914 1497 Neque
1946 1421 2058 1479 tamen
2090 1434 2207 1481 eorum

192 1502 246 1567 cui
264 1501 440 1567 molestum
459 1510 517 1578 est,
540 1500 569 1564 is
586 1522 621 1565 se
639 1499 748 1565 lucem
765 1499 907 1583 maligna
924 1500 1037 1583 fugere
1056 1497 1172 1582 prodit
1226 1498 1280 1564 hic
1313 1518 1446 1564 causam
1480 1500 1637 1583 suscipio,
1676 1500 1733 1582 qui
1766 1498 2005 1583 scripturiendo
2038 1501 2207 1582 pruritum

191 1588 286 1653 Dum
307 1593 417 1652 atrtem
439 1607 499 1652 nos
521 1596 651 1650 eterra
679 1587 714 1650 in
742 1584 868 1650 coelum
889 1585 1039 1651 homines
1061 1584 1173 1649 evehi·
1226 1605 1325 1650 suum
1345 1583 1470 1650 sedant
1503 1582 1696 1666 Optandum
1713 1585 1802 1650 enim
1821 1594 1879 1663 est,
1903 1594 1941 1651 ut
1961 1607 1999 1650 su
2042 1584 2205 1666 rsedeaut,

192 1694 285 1752 mus,
320 1672 399 1737 dum
427 1693 447 1736 a
472 1672 612 1737 mortuis
644 1671 815 1737 elementis
847 1691 903 1736 eos
930 1669 972 1734 ad
1000 1669 1174 1735 Christum
1225 1671 1281 1753 qui
1303 1669 1386 1735 tales
1408 1678 1504 1749 sunt,
1533 1690 1553 1733 a
1579 1669 1704 1735 chartis
1730 1669 1952 1753 inquinandis.
2029 1692 2143 1750 erum,
2168 1680 2207 1737 ut

192 1758 407 1835 traducimus,
431 1777 534 1840 quum
555 1756 700 1823 iustitiae
721 1756 837 1821 salutis
860 1756 1082 1839 bonorumque
1104 1776 1174 1820 om·
1223 1755 1430 1840 indulgentia
1461 1753 1617 1822 fovendas
1651 1777 1718 1821 non
1750 1776 1823 1823 esse
1851 1776 2031 1839 paucorum
2063 1757 2207 1840 ineptias

192 1844 285 1909 nium
307 1862 440 1909 oausam
461 1843 651 1925 reponimus
677 1843 714 1906 in
735 1862 828 1907 mera
849 1842 920 1909 eius
943 1842 1065 1926 gratia,
1094 1841 1173 1905 dum
1226 1839 1380 1908 concedo:
1414 1841 1462 1906 ita
1482 1841 1660 1924 insipidam
1687 1841 1750 1907 hoc
1776 1841 1883 1907 taedio
1911 1850 2014 1907 tetam
2042 1842 2206 1928 evangelii

192 1929 322 2012 spiritui
340 1937 453 1994 sancto
471 1928 664 1994 ascribimus
682 1934 786 1992 totam
797 1928 967 2011 signorum
983 1927 1172 2003 efficaciam,
1226 1926 1408 1993 doctrinam
1431 1925 1523 1992 reddi
1553 1948 1652 2009 quam
1673 1928 1835 1992 iniustum
1855 1928 1914 2006 sit,
1943 1949 2057 1992 omnes
2081 1928 2204 1995 vident

194 2023 228 2080 et
249 2015 346 2081 sicuti
367 2015 486 2081 unicus
508 2013 687 2097 spiritualis
716 2014 803 2078 vitae
831 2021 926 2077 autor
954 2020 987 2077 et
1013 2014 1173 2095 perfector
1225 2012 1288 2078 Est
1309 2013 1442 2095 quidem
1464 2034 1581 2078 verum
1602 2012 1685 2077 illud
1707 2012 1792 2095 quod
1815 2011 1893 2090 dixi,
1915 2013 1952 2077 in
1974 2012 2084 2078 media
2106 2035 2206 2081 evan·

193 2111 244 2167 est
270 2099 380 2177 Deus,
412 2098 463 2164 illi
494 2100 529 2164 in
558 2098 701 2165 solidum
729 2096 935 2165 vindicamus
963 2097 1051 2180 quod
1077 2119 1174 2163 suum
1225 2098 1303 2181 gelii
1325 2099 1397 2163 luce
1413 2097 1520 2163 multo
1538 2097 1657 2163 clarius
1674 2097 1826 2180 perspici,
1849 2117 1932 2179 quae
1951 2099 2043 2181 priua
2061 2099 2206 2165 velutin

195 2192 255 2263 est,
279 2185 358 2250 dum
379 2205 490 2251 crassa
511 2184 623 2250 omnia
644 2186 803 2268 figmenta
824 2182 1034 2267 repudiamus
1056 2183 1174 2266 quibus
1225 2192 1321 2249 noete
1349 2184 1528 2267 caliginosa
1555 2183 1732 2248 latuerunt.
1779 2181 1847 2249 Sed
1873 2184 1908 2248 in
1935 2205 2003 2248 una
2036 2193 2133 2267 parte
2165 2183 2207 2251 ad

194 2270 346 2337 delusum
367 2270 467 2336 fuisse
489 2269 652 2335 mundum
674 2269 783 2352 palam
805 2279 871 2346 est,
900 2268 981 2333 dum
1009 2268 1174 2335 carnalem
1225 2270 1361 2352 quaevis
1384 2278 1494 2334 errata
1515 2288 1629 2335 secure
1655 2269 1858 2351 libenterque
1880 2269 2073 2347 connivere,
2103 2290 2208 2353 quum

193 2354 321 2423 Christi
353 2356 557 2438 praesentiae
587 2354 722 2419 modum
758 2374 1011 2439 perversamque
1039 2354 1110 2419 eius
1137 2354 1174 2418 in
1225 2355 1261 2421 in
1281 2354 1386 2421 altera
1405 2375 1488 2437 quae
1515 2374 1630 2437 carpas
1658 2354 1733 2438 plus
1761 2374 1858 2437 quam
1885 2355 2011 2420 curiose
2039 2355 2206 2433 observes,

193 2442 288 2526 siguo
308 2440 532 2507 adoratorem
558 2440 721 2505 tollimus:
751 2440 808 2521 qui
834 2439 911 2505 inde
939 2439 1175 2506 offendiculum
1225 2440 1260 2505 id
1283 2461 1363 2507 vero
1385 2439 1542 2506 scandala
1563 2439 1681 2524 cupido
1698 2442 1891 2524 appetentis,
1914 2448 1948 2506 et
1965 2440 2028 2506 sibi
2049 2442 2208 2526 fingentis

193 2527 391 2610 concipiunt,
414 2547 516 2609 quum
537 2526 677 2592 mianton
705 2533 739 2590 et
760 2524 909 2591 volentes
931 2525 1120 2610 impingant
1138 2526 1174 2589 in
1226 2546 1297 2592 esse
1319 2525 1400 2593 dico.

193 2612 376 2691 Christum,
399 2609 491 2696 digni
512 2620 591 2677 sunt
607 2612 663 2694 qui
685 2631 720 2676 se
741 2609 906 2677 collidant
951 2610 1079 2677 Multos
1101 2611 1173 2694 qui-
1311 2612 1382 2677 Nee
1404 2632 1482 2677 vero
1505 2611 1638 2676 aliunde
1660 2611 1813 2694 provenit
1835 2612 1987 2691 offensio,
2016 2633 2117 2695 quam
2137 2612 2206 2679 illis

193 2697 271 2764 dem
291 2719 372 2776 esse,
394 2718 475 2781 quos
497 2696 727 2764 scandalorum
748 2704 940 2779 praetextus
962 2697 1068 2775 iuvat,
1096 2696 1174 2780 quia
1226 2702 1301 2777 [pag.
1321 2700 1375 2776 7⁷]
1398 2696 1605 2780 quorundam
1627 2698 1724 2762 affert
1745 2698 1815 2761 vita
1842 2697 2035 2780 professioni
2062 2719 2133 2764 non
2154 2720 2206 2765 re-

195 2784 277 2867 ipsis
298 2785 335 2848 in
357 2783 431 2850 luee
452 2785 615 2850 caecutire
635 2781 730 2860 libet,
758 2781 820 2849 hac
842 2783 877 2846 in
900 2803 1094 2849 causacum
1116 2803 1173 2847 ex·
1225 2781 1398 2866 spondens.
1429 2781 1468 2848 Si
1485 2803 1599 2847 eorum
1617 2782 1786 2860 duntaxat,
1810 2783 1867 2865 qui
1886 2783 2095 2866 evangelium
2112 2785 2206 2867 sequi

194 2878 316 2953 pertus.
1225 2888 1261 2934 se
1282 2870 1421 2947 iactant,
1449 2877 1603 2951 corrupta
1631 2878 1717 2933 esset
1739 2889 1777 2933 ao
1805 2868 1962 2935 dissduta
1983 2870 2068 2948 vita,
2098 2870 2206 2954 magis

281 2955 395 3032 Porro,
416 2953 504 3037 quod
526 2974 627 3037 supra
649 2954 792 3019 breviter
814 2954 919 3037 attigi,
940 2952 1098 3018 memoria
1120 2974 1171 3018 re·
1225 2955 1371 3037 speciosa
1398 2954 1587 3021 offensionis
1614 2974 1713 3020 causa
1744 2955 1870 3019 censeri
1897 2962 2014 3036 posset
2065 2954 2206 3033 Verum,

193 3038 374 3124 petendum
396 3052 459 3105 est:
482 3061 583 3123 quum
605 3060 658 3105 res
681 3059 784 3106 norae
801 3038 916 3104 multis
934 3038 1061 3104 delictis
1082 3058 1172 3105 occa·
1224 3060 1327 3123 quum
1349 3041 1532 3122 promiscue
1558 3040 1595 3103 in
1622 3047 1692 3104 toto
1713 3041 1781 3105 fere
1810 3039 1887 3105 orbe
1909 3040 2034 3106 scelera
2055 3039 2205 3107 exunda-

193 3127 319 3192 sionem
337 3127 524 3210 praebeant,
543 3126 726 3192 accuratius
743 3132 855 3190 tamen
874 3125 992 3202 notari,
1011 3131 1045 3189 et
1061 3144 1172 3208 repre·
1225 3126 1343 3203 verint,
1366 3124 1444 3208 quid
1462 3123 1617 3203 dicemus,
1639 3126 1704 3191 nisi
1721 3134 1867 3191 veterem
1884 3125 1975 3190 illam
1993 3138 2110 3208 poetae
2126 3146 2206 3210 que-

193 3211 295 3277 hendi
316 3212 471 3289 severius,
494 3216 522 3276 si
540 3209 620 3294 quid
637 3220 717 3277 tunc
734 3219 896 3293 peccatur,
918 3231 1017 3293 quam
1035 3210 1064 3275 si
1081 3210 1174 3275 nulla
1224 3213 1398 3277 rimoniam
1419 3212 1456 3275 in
1473 3222 1625 3279 nostrum
1645 3232 1772 3294 quoque
1789 3212 1958 3278 saecrdum
1978 3232 2056 3278 vere
2072 3232 2206 3296 compe-

193 3297 280 3364 facta
301 3307 387 3363 esset
412 3297 561 3362 mutatio.
594 3295 717 3377 -Quam
743 3295 925 3379 proiirndus
953 3294 1052 3361 fuerit
1078 3296 1172 3381 igno-
1224 3296 1315 3363 tere?
1350 3299 1453 3362 Aetas
1474 3305 1649 3379 parentum
1671 3298 1764 3379 peior
1785 3298 1856 3362 avis
1877 3297 1953 3362 tulit
1980 3317 2040 3362 nos
2068 3299 2206 3381 nequio-

194 3383 321 3448 rantiae
346 3403 468 3466 gurges
489 3384 525 3447 in
548 3392 683 3465 papatu,
713 3403 813 3464 quam
835 3380 1001 3448 horrenda
1021 3402 1173 3447 errorum
1223 3405 1286 3463 res,
1308 3404 1385 3449 mox
1410 3382 1544 3449 daturos
1566 3383 1756 3467 progeniem
1779 3384 1991 3449 vitiosiorem.
2036 3383 2084 3449 Et
2105 3405 2206 3466 quor·

193 3467 313 3551 caligo,
342 3487 418 3531 cum
445 3476 577 3550 stupore
605 3466 823 3533 recordamur.
867 3466 951 3533 Inde
973 3468 1172 3545 Lutherum,
1224 3490 1297 3535 sum
1319 3476 1446 3552 spectat
1466 3469 1525 3533 illa
1541 3468 1666 3534 Christi
1690 3466 1877 3548 admonitio,
1897 3469 1997 3533 aetati
2018 3468 2091 3534 Noe
2112 3470 2205 3535 simi·

193 3562 228 3618 et
261 3552 318 3635 qui
350 3551 464 3617 eodem
497 3563 643 3636 tempore
675 3552 868 3618 laborarunt
899 3554 936 3618 in
968 3552 1173 3620 restituenda
1223 3555 1289 3620 lem
1311 3556 1379 3620 fore
1400 3564 1599 3636 postremam
1623 3555 1717 3633 (Luc.
1743 3559 1790 3631 17,
1811 3558 1881 3636 26):
1911 3554 2069 3620 horribile
2100 3554 2205 3638 quod-

193 3637 328 3722 pietatis
346 3637 503 3716 doctrina,
521 3638 681 3721 paulatim
697 3659 866 3722 emergere
883 3639 1036 3720 potuisse,
1054 3639 1172 3722 ingens
1224 3641 1301 3705 dam
1322 3642 1391 3705 fore
1412 3639 1595 3723 iniquitatis
1623 3637 1801 3719 diluvium,
1831 3661 1896 3723 quo
1924 3654 2013 3705 terra
2034 3641 2204 3719 obruatur,

192 3723 258 3789 fuit
279 3723 344 3787 Dei
365 3723 571 3789 miraculum.
617 3721 715 3805 Quod
741 3742 809 3787 non
838 3723 952 3789 eodem
975 3725 1074 3790 simul
1102 3745 1171 3789 mo·
1224 3725 1289 3790 nisi
1309 3735 1348 3790 ut
1365 3736 1485 3809 sponte
1508 3726 1573 3790 iam
1595 3724 1636 3789 ad
1658 3723 1829 3789 Christum
1851 3725 2105 3808 properantibus
2126 3726 2206 3794 talis

193 3818 308 3874 mento
330 3809 441 3873 omnia
462 3808 627 3887 viderunt,
650 3807 736 3891 quod
758 3829 825 3872 non
843 3807 885 3872 ad
906 3831 1052 3892 unguem
1072 3831 1172 3892 expo·
1224 3810 1385 3877 scelerum
1407 3810 1566 3877 colluvies
1593 3810 1772 3876 festinandi
1800 3812 1945 3876 studium
1972 3810 2090 3877 acuat?
2136 3814 2205 3879 Ao·

193 3894 291 3959 litum
313 3894 420 3993 primo
442 3893 495 3959 die
522 3903 591 3959 tam
613 3893 755 3959 arduum
781 3894 845 3958 fuit
865 3915 961 3978 opus,
992 3893 1115 3958 offendi
1138 3916 1172 3959 se
1224 3895 1310 3962 cedit
1332 3897 1396 3963 huc
1419 3917 1561 3980 quoque,
1591 3904 1628 3960 ut
1649 3895 1763 3974 retuli,
1791 3897 1880 3962 iuste
1900 3896 2079 3979 contempti
2101 3918 2203 3963 evan·

72 3986 80 4003 '
192 3980 346 4046 nonnulh
365 3988 551 4057 causantur,
574 4001 616 4044 ne
638 3979 680 4044 ad
701 3979 909 4063 evangelium
932 3980 1096 4055 accedant,
1120 3980 1173 4045 vel
1225 3981 1302 4067 gelii
1334 3982 1423 4047 ultio.
1480 3983 1564 4046 Tam
1596 4001 1688 4047 sacro
1717 3982 1806 4045 enim
1836 3981 1990 4047 thesauro
2022 3982 2081 4065 qui
2108 3981 2204 4049 abusi

193 4087 236 4133 ne
258 4078 400 4150 pergant
420 4066 456 4130 in
479 4088 577 4131 eursu
598 4065 665 4130 iam
687 4066 826 4148 incepto.
872 4064 984 4147 Quam
1012 4067 1172 4148 importu·
1224 4076 1315 4143 sunt,
1349 4069 1422 4150 quis
1455 4066 1572 4152 dignos
1604 4087 1676 4132 esse
1708 4076 1822 4151 neget,
1856 4089 1937 4149 quos
1968 4068 2135 4134 Dominus
2167 4069 2204 4135 in

195 4174 258 4218 nae
280 4152 348 4217 sint
370 4152 520 4217 lautitiae
542 4153 639 4229 istae,
668 4152 740 4235 quis
767 4171 834 4215 non
864 4150 976 4217 videt?
1027 4152 1171 4218 Perinde
1223 4168 1369 4217 mentem
1391 4152 1562 4236 reprobam
1585 4152 1750 4232 conficiat,
1778 4162 1816 4216 ut
1843 4174 1878 4217 se
1900 4152 1942 4217 ad
1964 4174 2060 4219 omne
2083 4153 2205 4239 flagitii

194 4239 284 4303 enim
311 4239 450 4317 faciunt,
482 4256 519 4303 ac
546 4238 575 4302 si
603 4238 675 4319 quis
698 4256 758 4301 nos
787 4249 930 4315 accuset,
957 4237 1043 4320 quod
1065 4239 1171 4321 primo
1223 4260 1329 4323 genus
1349 4237 1570 4322 prostituant?
1615 4238 1685 4303 Nec
1703 4258 1781 4303 vero
1809 4237 1897 4302 aliud
1922 4237 2124 4321 sperandum
2140 4248 2204 4320 est,

192 4344 331 4389 aurorae
342 4333 460 4389 exortu
478 4323 579 4389 solem
594 4320 813 4386 meridianum
831 4322 977 4387 nondum
996 4325 1169 4390 cernimus.
1223 4345 1322 4407 quam
1344 4334 1382 4389 ut
1403 4325 1509 4408 magis
1532 4344 1569 4388 ac
1586 4323 1692 4407 magis
1714 4325 1837 4407 passim
1860 4324 2009 4389 homines
2031 4326 2204 4406 profanes-

194 4413 269 4487 [ρας.
290 4416 344 4488 76]
369 4409 460 4474 Nihil
484 4409 557 4474 istis
579 4408 793 4491 querimoniis
816 4410 921 4492 magis
942 4409 1067 4474 tritum.
1100 4410 1171 4475 Cur
1223 4418 1313 4489 cant,
1350 4431 1490 4493 quorum
1517 4430 1639 4492 paucos
1667 4410 1708 4475 ab
1743 4410 1804 4476 boc
1837 4410 2006 4494 sacrilegio
2034 4412 2205 4478 immunes

192 4515 260 4559 non
282 4495 402 4573 statim,
425 4494 504 4578 quid
525 4494 619 4578 sequi
635 4502 809 4577 oporteret,
832 4494 927 4560 nobis
945 4504 1059 4559 exacte
1076 4516 1170 4577 prae-
1223 4516 1294 4561 esse
1322 4498 1451 4561 scimus.
1503 4496 1576 4578 Ego
1605 4504 1715 4561 tamen
1750 4495 1850 4561 aliam
1877 4495 2102 4579 superioribus
2129 4498 2205 4564 istis

194 4579 452 4660 scriptumest?
497 4580 568 4646 Cur
594 4581 702 4663 potius
730 4601 829 4662 quam
856 4580 934 4655 elia,
962 4581 1023 4646 hoe
1050 4581 1168 4645 latuit?
1222 4603 1355 4648 causam
1377 4581 1474 4647 addo:
1497 4600 1552 4646 eos
1574 4581 1698 4647 scilicet
1715 4603 1797 4665 quos
1818 4591 2006 4648 nostrorum
2027 4580 2205 4649 hominum

192 4664 315 4744 Ecquis
333 4665 468 4732 tandem
485 4668 549 4733 erit
566 4668 652 4745 finis,
674 4667 702 4731 si
720 4665 859 4731 ulterius
876 4666 1016 4732 subinde
1033 4666 1170 4732 tendere
1222 4667 1305 4733 vitia
1326 4666 1366 4732 ab
1394 4667 1564 4751 evangelio
1588 4666 1767 4750 repellunt,
1793 4667 1956 4753 malignos
1987 4687 2059 4734 esse
2081 4677 2117 4734 et
2139 4670 2206 4735 ini-

192 4749 392 4835 permissum
418 4752 539 4816 fuerit?
585 4752 711 4835 Nempe
738 4753 793 4834 qui
821 4752 868 4817 sic
894 4753 1087 4835 loquuntur,
1117 4753 1170 4819 vel
1222 4774 1304 4835 quos
1326 4773 1484 4819 censores
1530 4755 1655 4818 Dicunt
1677 4773 1737 4818 nec
1759 4753 1813 4838 pie
1834 4775 1896 4820 nec
1918 4754 2056 4820 honeste
2077 4754 2205 4836 pleros·

193 4837 379 4922 profectum
401 4836 465 4902 Dei
489 4838 594 4903 servis
615 4836 775 4916 invident,
804 4838 859 4903 vel
880 4838 1008 4903 Christi
1029 4859 1170 4922 regnum

193 4943 291 5007 aegre
313 4923 425 4987 ferunt
446 4924 481 4988 in
502 4923 621 4988 melius
641 4924 836 5008 promoveri.
870 4924 996 4990 Eadem
1018 4924 1053 4988 in
1072 4925 1169 4989 mini·

194 5009 258 5075 mis
280 5006 461 5108 quibusque
489 5009 605 5074 emtis
626 5009 797 5109 mmm}
817 5018 968 5095 apparet:
1001 5012 1171 5094 ‘1¹¹aeetSi
1291 5041 1319 5105 1)
1339 5043 1366 5097 la
1383 5042 1487 5097 bouche
1507 5041 1555 5097 des
1574 5042 1689 5097 caffards
1709 5049 1736 5096 et
1753 5041 1787 5096 de
1805 5050 1867 5096 tous
1890 5042 2035 5098 messieurs
2052 5058 2104 5098 uos
2123 5046 2204 5099 mais·

193 5116 261 5162 non
280 5094 360 5161 adeo
382 5094 510 5162 faelem
532 5104 700 5160 merentur
721 5116 863 5177 remam,
891 5119 960 5164 non
981 5103 1093 5162 tamen
1113 5118 1169 5163 us·
1221 5118 1278 5167 tres
1297 5110 1331 5166 de
1350 5112 1481 5167 Serbone.

1224 4930 1233 4935 -.
1238 4928 1427 4936 ———..
