4620 5894
113 261 177 322 317
978 255 1263 323 OALUMNIAS.
2068 267 2132 330 318

115 468 196 514 eum
216 451 383 532 purgaret
420 442 490 511 Sed
511 445 574 511 hoc
594 465 722 529 quoque
744 445 869 511 omitto.
906 445 1101 514 Orationem
1153 464 1269 511 omnes
1310 451 1492 529 agnoscant
1529 465 1645 511 canem
1677 467 1749 513 esse
1782 450 1839 531 qui
1872 450 1988 533 procul
2020 452 2131 533 latret,

116 532 237 599 inserit
260 539 419 614 tanquam
448 552 468 596 a
495 552 530 597 se
565 530 712 596 habitam
742 552 807 616 qua
839 532 939 598 istam
966 532 1101 600 calvini
1152 551 1264 595 morsu
1287 539 1398 596 antem
1419 550 1486 594 non
1506 532 1647 617 attingat
1675 554 1755 616 quos
1775 535 1913 618 impetit
1957 537 2058 603 Initio
2079 539 2132 604 in·

115 618 387 704 superstitionem
414 617 680 700 reprehenderet.
725 619 793 697 Aa,
826 619 855 684 si
881 617 954 684 Deo
982 620 1099 702 placet,
1153 617 1261 701 surgit
1282 615 1441 682 adversus
1453 616 1539 682 hanc
1561 619 1806 701 praefationem,
1829 621 1886 686 ubi
1897 627 2063 689 testantur
2084 626 2131 708 pii

114 704 159 771 de
174 704 293 790 lingna
308 703 413 769 latina
430 711 464 768 et
481 724 544 768 usu
562 703 795 770 vocabulorum
811 705 917 771 bonus
935 726 1100 789 66666666-
1153 701 1217 768 viri
1238 701 1338 767 talem
1359 724 1395 768 se
1416 703 1584 786 concipere
1601 704 1713 770 Deum
1739 706 1846 788 qualis
1874 709 2047 791 scripturis
2075 709 2131 775 de·

114 791 202 857 61666
230 789 358 875 prolixe
387 788 535 869 disserit,
565 810 667 872 quum
695 790 771 873 plus
799 792 879 857 satis
908 799 1026 856 notum
1048 793 1100 871 sit,
1153 788 1316 853 scribitur.
1367 786 2131 875 8666666661666666661166166616661666.

115 898 197 944 eum
217 878 283 942 tria
304 874 406 942 verba
427 896 495 939 non
516 896 612 959 posse
634 876 737 956 effari,
761 877 840 959 quin
861 877 916 943 vel
938 878 973 942 in
996 877 1100 944 soloe-
1153 871 1257 954 Quasi
1279 894 1359 940 vero
1376 873 1442 939 alia
1459 873 1533 959 lege
1551 875 1658 940 audiri
1680 899 1716 942 66
1733 877 1898 944 voluerint
1916 881 2133 962 Athanasius,

122 963 281 1042 cismum,
303 961 358 1027 vel
382 962 418 1026 in
441 981 590 1027 crassum
613 962 756 1045 aliquem
784 961 1025 1029 barbarismum
1051 964 1100 1029 la·
1152 958 1312 1040 Hilarius,
1335 958 1541 1040 Ambrosius,
1560 963 1779 1046 Augustinus,
1802 963 1959 1050 Oyrillus,
1984 969 2132 1050 quamsi

117 1048 227 1115 batur.
273 1045 378 1129 Quasi
405 1048 505 1112 etiam
526 1047 624 1113 Fabii
645 1048 878 1114 institutiones
905 1049 1099 1132 inspexerit,
1153 1064 1195 1109 ex
1224 1045 1397 1130 seripturis
1424 1045 1617 1129 loquantur,
1653 1056 1712 1113 aut
1738 1048 1919 1132 quidquam
1949 1053 1989 1119 ah
2018 1074 2132 1119 corum

116 1155 260 1218 quarum
288 1155 329 1199 ex
358 1133 484 1199 decimo
515 1134 622 1216 capite
650 1135 749 1216 primi
783 1133 858 1200 libri
888 1136 1016 1201 hrratus
1051 1144 1101 1201 est
1153 1129 1302 1196 doctrina
1335 1131 1504 1197 diversum
1536 1134 1730 1217 profiteatur
1765 1136 1800 1200 in
1832 1158 1892 1202 sua
1930 1138 2133 1207 confessione

114 1219 274 1305 quidquid
297 1217 446 1299 adducit,
468 1226 506 1284 66
524 1220 687 1302 imperitis
707 1222 817 1286 fucum
837 1221 944 1299 faciat,
966 1243 1004 1288 ae
1026 1243 1100 1304 per·
1152 1215 1321 1283 calvinus.
1367 1219 1477 1283 166166
1500 1219 1605 1284 666661
1625 1219 1674 1284 illi
1695 1221 1775 1301 viri,
1804 1220 1883 1287 dum
1907 1243 1969 1288 sua
1989 1225 2133 1310 probare

115 1305 254 1374 suadeat
279 1304 424 1371 multum
453 1326 488 1370 se
517 1304 641 1372 vidisse
662 1326 700 1373 ac
728 1306 856 1391 legisse.
901 1307 976 1373 Hoc
998 1307 1099 1372 etiam
1151 1302 1278 1382 volunt,
1300 1302 1342 1368 ad
1360 1303 1544 1388 simplicem
1565 1306 1748 1388 scripturae
1767 1307 1991 1375 definitionem
2012 1332 2131 1396 provo-

114 1394 314 1479 figmentum
335 1391 458 1456 illustri
481 1391 678 1458 documento
700 1400 760 1472 est,
783 1392 941 1459 Carolum
962 1393 1099 1457 minime
1152 1397 1237 1454 eant.
1285 1390 1398 1455 Toties
1422 1390 1609 1469 admonent,
1633 1391 1834 1457 credendum
1858 1415 1925 1460 non
1950 1395 2131 1464 aliudesse

110 1499 249 1545 6666666
267 1498 332 1560 qua
354 1477 496 1561 quidque
518 1476 583 1543 fide
607 1479 641 1542 in
663 1478 812 1545 libellum
833 1500 931 1544 suum
952 1480 1099 1559 referret,
1150 1495 1249 1556 quam
1278 1475 1364 1558 quod
1392 1477 1562 1558 seripturis
1592 1478 1788 1543 continetur.
1833 1480 1880 1544 Et
1909 1479 1963 1546 hic
1990 1489 2131 1566 nugator

113 1564 175 1631 sed
196 1563 319 1648 absque
336 1563 406 1628 ulla
423 1564 621 1630 verecundia
643 1566 798 1630 confictas
821 1587 841 1630 a
858 1585 894 1630 se
916 1586 975 1649 per
996 1567 1099 1630 otium
1150 1559 1211 1625 hae
1232 1561 1362 1627 macula
1377 1581 1434 1628 eos
1456 1563 1609 1646 aspergit,
1633 1565 1726 1645 quasi
1743 1584 1834 1630 nosa
1849 1586 1935 1648 pura
1950 1569 2132 1651 scripturae

111 1649 244 1716 fabulas
276 1649 348 1714 orbi
382 1670 442 1732 pro
472 1670 551 1715 vera
585 1649 723 1715 historia
750 1649 935 1717 obtrusisee.
980 1652 1099 1716 Nonne
1151 1645 1300 1711 doctrina
1320 1655 1485 1713 revocent.
1519 1646 1729 1729 Quinetiam
1748 1671 1869 1734 magno
1890 1652 2020 1718 crimini
2038 1651 2130 1721 ducit

113 1757 195 1822 crgo
221 1734 362 1820 flagellis
398 1735 529 1818 dignior
558 1757 657 1819 quam
691 1738 896 1821 argumentis
924 1745 1012 1803 esset
1044 1738 1098 1802 bic
1122 1762 1125 1825 j
1151 1731 1327 1798 haereticis
1349 1733 1517 1813 Hilarius,
1532 1734 1558 1818 ¹)
1587 1734 1672 1817 quod
1700 1742 1836 1820 propter
1862 1758 1976 1803 eorum
2002 1750 2131 1822 proter·

113 1821 289 1888 Maurius?
339 1821 456 1903 Itaque
494 1843 561 1885 666
596 1843 694 1906 agam
730 1822 870 1906 amplius
905 1823 1097 1903 rationibus,
1122 1840 1125 1875 ¹
1149 1817 1239 1883 viam
1261 1828 1399 1903 cogatur
1420 1820 1579 1885 subiicere
1597 1821 1743 1903 periculo
1761 1821 1899 1887 humani
1917 1823 2130 1909 loquii.(sunt

65 1972 72 1983 ,
115 1908 175 1976 661
194 1907 259 1974 hcc
281 1914 437 1972 testatum
461 1906 606 1972 habeant
627 1907 779 1988 lectores,
803 1908 1057 1993 disputationem
1079 1930 1099 1972 a
1122 1878 1125 2037 ι
1151 1905 1239 1968 enim
1257 1903 1337 1971 haec
1356 1906 1427 1970 eius
1444 1906 1560 1990 verba)
1583 1927 1666 1988 quae
1688 1909 1849 1972 mentium
1872 1908 2032 1993 religione
2053 1932 2132 1979 oon·

115 1993 236 2061 Garolo
264 1994 421 2076 scriptam
456 1993 562 2058 nihilo
597 1994 704 2078 magis
734 2015 914 2078 congruere
946 2016 1020 2060 cum
1049 2016 1097 2074 ea,
1151 1990 1251 2055 616661
1271 1999 1470 2074 oportuerat.
1503 1991 1645 2057 Fatetur
1664 1995 1752 2058 enim
1770 1994 1831 2060 hoc
1849 2016 1920 2061 esse
1937 1995 2023 2061 nihil
2040 1996 2131 2063 aliud

114 2100 200 2164 quae
232 2080 435 2145 Lausannae
465 2078 576 2145 verbis
616 2079 704 2144 inter
743 2101 819 2145 eum
851 2088 885 2146 ct
918 2080 1098 2146 Calvinum
1151 2097 1251 2159 quam
1291 2096 1389 2161 agere
1422 2076 1551 2156 illicita,
1586 2078 1767 2144 ineffabilia
1794 2080 1903 2163 loqui,
1937 2082 2130 2150 inconcessa

115 2165 231 2234 habita
251 2166 315 2230 fuit
337 2185 447 2230 coram
469 2164 604 2248 synodo,
629 2170 702 2246 [pag.
723 2172 775 2245 50]
798 2187 895 2249 quam
919 2166 990 2232 dies
1010 2167 1099 2233 noeti
1149 2182 1375 2245 preesumere;
1398 2171 1431 2227 et
1443 2170 1616 2246 postquam
1634 2171 1773 2248 patrem,
1796 2165 1902 2231 filium
1920 2174 1954 2231 66
1971 2169 2130 2252 spiritum

117 2251 161 2319 sit
191 2250 319 2317 similis.
365 2248 565 2333 Quanquam
599 2272 641 2316 ne
676 2251 738 2316 hoc
766 2253 899 2335 quidem
926 2252 1098 2317 hominum
1150 2249 1346 2328 nominavit,
1376 2249 1540 2315 subnectit
1569 2257 1664 2314 extra
1685 2251 1941 2335 significantiam
1969 2256 2130 2322 sermonis

116 2358 228 2404 errore
251 2336 376 2402 diutius
398 2358 473 2401 eum
496 2336 562 2401 frui
585 2338 700 2415 sinam,
724 2340 818 2420 quasi
839 2338 988 2404 libellum
1010 2338 1098 2403 hunc
1150 2354 1231 2413 esse,
1255 2342 1350 2400 extra
1367 2356 1484 2402 sensus
1499 2335 1726 2416 intentionem,
1750 2341 1826 2416 [pag.
1846 2343 1900 2418 52]
1917 2346 2012 2404 extra
2032 2340 2130 2408 intel·

116 2444 176 2489 suo
203 2430 312 2489 marte
340 2423 567 2505 composuerit.
612 2422 741 2488 Habuit
771 2425 860 2490 enim
882 2424 1097 2508 chodaeda-
1122 2432 1125 2535 t
1149 2419 1305 2504 ligentiac
1334 2422 1582 2504 conceptionem
1619 2421 1780 2506 quidquid
1818 2423 1908 2489 ultra
1945 2426 2126 2509 quaeritur.

115 2508 186 2576 1666
206 2509 361 2593 aliquem,
384 2509 477 2575 cuius
499 2529 555 2573 ore
574 2507 729 2592 loquutus
747 2517 811 2576 est:
835 2511 900 2575 nisi
917 2511 1001 2576 forte
1024 2511 1098 2594 quis
1149 2506 1195 2570 Et
1222 2507 1257 2570 in
1289 2505 1372 2573 libro
1405 2506 1445 2572 de
1474 2506 1630 2573 Gonciliis
1658 2508 1768 2575 felices
1797 2509 1929 2575 Galbae
1962 2515 2130 2596 episcopos
2198 2527 2227 2585 ’.

116 2614 193 2661 eum
220 2592 404 2662 scribendis
429 2591 524 2659 libris
551 2615 666 2678 parem
694 2616 766 2661 csse
793 2604 902 2680 putet,
931 2597 989 2680 qui
1009 2598 1098 2662 inter
1149 2591 1317 2674 praedicat
1352 2593 1408 2677 qui
1441 2592 1541 2658 aliam
1577 2594 1816 2661 confessionem
1848 2617 1916 2661 non
1949 2597 2129 2679 audissent,

116 2681 273 2748 canitiem
294 2686 329 2746 66
345 2680 511 2746 calvitiem
529 2681 635 2746 nescit
657 2681 850 2748 discerncre.
885 2682 970 2748 Nam
994 2704 1097 2766 quum
1149 2699 1248 2760 quam
1275 2678 1458 2762 simplicem
1484 2678 1577 2744 illam
1604 2690 1637 2744 ct
1668 2679 1832 2762 plebeiam
1864 2703 1947 2766 quae
1969 2681 2129 2768 Symbolo

114 2767 317 2834 Lausennae
337 2764 517 2832 Calvinum
538 2765 689 2832 hortatus
707 2776 794 2834 esset
815 2778 853 2834 ut
871 2769 999 2835 calvam
1020 2769 1096 2834 bar·
1121 2768 1124 2823 Ι
1149 2764 1370 2847 apostolorum
1388 2765 1582 2831 continetur.
1613 2764 1783 2832 Confessio
1801 2775 1912 2834 autem
1929 2769 2012 2835 haec
2029 2791 2130 2854 quam

115 2853 192 2920 bam
217 2872 315 2920 suam
341 2853 535 2937 respiceret,
570 2873 673 2936 eaque
709 2875 774 2919 vox
802 2875 920 2920 sonoro
947 2855 1096 2920 omnium
1149 2850 1290 2917 Carolus
1312 2851 1500 2935 impugnat,
1531 2853 1560 2917 61
1582 2851 1798 2918 adveterum
1820 2856 1944 2937 scripta
1966 2857 2128 2940 exigatur,

114 2940 184 3007 risu
202 2946 291 3006 esset
308 2946 454 3023 excepta,
478 2938 622 3004 secundo
640 2960 678 3005 ac
697 2941 794 3005 tertio
814 2941 1008 3024 intrepidus,
1032 2963 1097 3025 qua
1149 2934 1416 3019 deprehendetur
1434 2958 1494 3021 per
1516 2938 1628 3003 omnia
1649 2940 1835 3005 convenire.
1880 2940 1968 3005 Nam
1990 2950 2023 3006 66
2044 2942 2128 3007 nihil

114 3027 197 3093 solet
219 3025 370 3104 audacia,
399 3025 549 3108 repetiit,
578 3024 681 3091 donec
710 3025 888 3092 clamatum
917 3035 968 3094 est
994 3025 1096 3094 rideri
1148 3021 1247 3089 habet
1267 3023 1362 3106 Tquod
1384 3031 1535 3089 veterum
1556 3024 1730 3109 [suffragiis
1760 3026 1891 3108 probari
1925 3047 1992 3092 non
2014 3029 2127 3110 possit,

114 3112 184 3179 eius
207 3112 390 3189 inscitiam,
419 3112 475 3194 qui
497 3112 585 3176 inter
607 3132 727 3178 canum
748 3120 783 3177 et
804 3113 935 3180 calvum
956 3135 1024 3178 non
1047 3121 1095 3179 te·
1148 3117 1181 3173 et
1209 3108 1293 3174 nihil
1321 3108 1361 3174 de
1391 3129 1520 3174 summa
1546 3110 1594 3174 rei
1620 3109 1757 3176 tradunt
1785 3117 1915 3178 veteres
1945 3111 2032 3195 quod
2061 3135 2127 3178 non

114 3208 210 3265 neret
229 3196 341 3264 adhuc
363 3196 547 3263 discrimen.
593 3198 649 3262 En
671 3197 727 3280 qui
754 3198 794 3264 de
816 3199 940 3264 latinae
961 3199 1096 3284 linguae
1147 3195 1201 3260 hic
1223 3197 1444 3261 confirmetur.

116 3285 333 3370 proprietate,
356 3289 514 3366 tanquam
537 3282 656 3366 aliquis
677 3281 761 3349 bene
778 3285 904 3368 peritus
926 3287 1093 3370 magister,
1233 3279 1389 3347 Secunda
1421 3281 1586 3347 calumnia
1613 3288 1663 3346 666
1695 3280 1735 3346 16
1762 3280 1940 3349 vocabulis.
1983 3283 2129 3350 Miratur

117 3392 195 3438 666
279 3376 318 3434 tu
347 3370 391 3434 sit
420 3368 612 3435 audiendus.
659 3367 743 3450 Quis
763 3373 852 3436 enim
873 3378 1003 3437 recuset
1024 3372 1095 3438 eius
1147 3367 1237 3430 enim
1264 3386 1323 3430 eur
1351 3373 1421 3430 tam
1447 3367 1659 3452 pertinaciter
1690 3368 1826 3433 nomina
1851 3386 2068 3450 personarum
2096 3380 2129 3437 et

117 3477 188 3524 6666
224 3456 248 3471 ’“
287 3455 414 3539 166166,
448 3476 552 3538 quum
582 3454 761 3522 Calvinum
789 3465 859 3522 tam
883 3457 1094 3539 supercilioso
1147 3452 1307 3518 trinitatis
1330 3451 1489 3519 Calvinus
1517 3452 1668 3537 refugiat.
1714 3453 1818 3537 Atqui
1846 3454 2045 3538 respondeo,
2067 3478 2129 3524 nee

117 3541 233 3609 docere
261 3563 329 3607 non
357 3539 506 3606 dubitet?
551 3541 643 3606 Fieri
670 3541 804 3624 quidem
831 3550 957 3626 potest,
986 3563 1094 3627 neque
1145 3537 1326 3618 Farellum,
1348 3557 1410 3603 nee
1432 3539 1618 3618 Calvinum,
1640 3560 1700 3604 nec
1722 3538 1877 3605 Viretum
1899 3541 1940 3608 ab
1962 3541 2016 3608 his
2038 3545 2127 3610 voci·

116 3650 193 3697 6666
215 3628 300 3694 mihi
322 3635 373 3694 est
393 3626 544 3707 dubium,
574 3627 653 3711 quin
675 3629 879 3712 suggesserit
898 3630 970 3713 ipse
991 3629 1093 3697 infor·
1145 3625 1208 3690 bus
1234 3645 1382 3708 unquam
1417 3625 1636 3692 abhorruisse.
1686 3622 1819 3709 Scripta
1851 3633 1961 3692 autem
1994 3627 2128 3696 Oalvini

115 3735 204 3782 mem
226 3714 411 3792 materiam,
433 3712 497 3777 hoe
519 3719 570 3777 est
592 3712 783 3780 thrasoniea
801 3715 958 3780 iaetantia
978 3736 1014 3781 se
1036 3735 1093 3780 ex·
1147 3711 1207 3775 toti
1236 3709 1361 3775 mundo
1390 3718 1557 3778 testantur
1584 3731 1660 3776 eum
1691 3709 1834 3778 libenter
1869 3733 1999 3797 semper
2031 3735 2128 3780 usum

117 3800 245 3880 tulerit,
268 3820 353 3883 quae
378 3806 429 3864 est
450 3799 551 3864 totins
574 3801 761 3882 argumenti
783 3802 875 3884 quasi
897 3800 1094 3866 fundamen·
1146 3817 1232 3876 esse,
1262 3797 1419 3863 ucetiam
1443 3796 1694 3882 reprehendisse
1716 3818 1830 3864 eorum
1856 3800 2127 3884 superstitionem

116 3894 195 3953 tuna
240 3885 309 3951 Hie
330 3883 464 3951 tandem
487 3885 595 3951 exitus
616 3885 682 3949 fuit
698 3885 770 3951 eius
791 3887 938 3954 actionis.
984 3884 1094 3970 Syno·
1146 3883 1203 3965 qui
1225 3902 1281 3948 eas
1302 3882 1357 3950 vel
1378 3883 1532 3962 odissent,
1555 3882 1608 3949 vel
1629 3884 1792 3968 fugerent.
1837 3882 1936 3965 Quod
1953 3891 2064 3950 autem
2085 3884 2126 3949 il·

115 3971 174 4040 dus
196 3991 299 4040 causa
319 3971 421 4056 probe
448 3971 581 4054 cognita
608 3977 642 4036 et
669 3972 853 4039 rationibus
881 3973 968 4038 ultro
998 3974 1094 4039 citro-
1146 3968 1188 4034 lis
1209 3969 1259 4034 uti
1284 3969 1320 4034 in
1350 3967 2128 4052 666166616666666666166666,6606661616-

115 4078 177 4142 que
226 4056 365 4136 auditis,
410 4057 649 4123 confessionem
693 4058 848 4124 ecclesiae
887 4058 1094 4126 Genevensis
1146 4061 1288 4140 portuno
1310 4056 1442 4139 urgenti
1468 4064 1633 4140 negarunt
1653 4075 1689 4120 se
1711 4075 1843 4136 usuros,
1870 4056 1912 4121 ad
1939 4055 1973 4120 id
1999 4055 2128 4122 duabus

115 4143 277 4228 amplexa,
295 4143 453 4210 Oarolnm
473 4141 644 4209 damnavit
661 4143 844 4210 calumniae
862 4151 896 4210 et
912 4145 1095 4211 ministerio
1147 4142 1255 4207 666616
1280 4140 1507 4209 movebantur.
1558 4139 1723 4207 Nolebant
1751 4142 1842 4207 enim
1877 4161 2040 4207 consensu
2067 4161 2127 4207 suo

114 4227 334 4298 abdicandum
355 4229 492 4297 censuit.
1148 4228 1329 4310 approbare
1356 4226 1568 4312 tyrannidem
1594 4227 1696 4305 hanc,
1724 4234 1764 4290 66
1790 4246 1892 4310 quum
1918 4225 1960 4292 de
1987 4247 2024 4291 re
2046 4228 2128 4294 satis

707 4349 713 4357 -
1148 4334 1309 4397 superque
1337 4320 1515 4392 constaret,
1544 4311 1626 4379 fides
1654 4312 1763 4378 verbis
1790 4320 1849 4378 aut
1875 4311 2012 4396 syllabis
2040 4322 2128 4380 esset

197 4401 275 4468 Iam
296 4406 428 4484 tempus
450 4403 501 4465 est
519 4407 557 4464 66
579 4398 621 4464 61
643 4398 877 4464 excutiendum
895 4399 1006 4465 Oaroli
1025 4398 1095 4466 dia·
1147 4397 1290 4484 alligata.
1336 4397 1404 4464 Sed
1430 4398 1606 4482 praecipua
1632 4397 1715 4462 ratio
1739 4397 1805 4462 illis
1832 4397 1910 4477 fuit,
1937 4405 1976 4463 66
2002 4398 2127 4464 furioso

114 4485 291 4574 bgismum
314 4484 504 4571 aggrediar,
527 4506 590 4568 qno
612 4485 713 4562 illam,
737 4504 835 4568 quarn
857 4507 964 4570 nuper
985 4487 1094 4567 retuli,
1147 4485 1273 4549 homini
1291 4507 1364 4550 eam
1385 4485 1577 4551 iactantiam
1599 4484 1780 4566 eriperent,
1803 4504 1903 4566 quam
1923 4484 1994 4567 ipse
2016 4484 2126 4550 animo

113 4573 351 4640 consessionem
363 4573 488 4657 tragice
506 4571 662 4656 exagitat.
696 4570 762 4635 Vel
779 4570 896 4636 saltem
914 4571 984 4637 eius
1003 4593 1095 4638 coar-
1147 4577 1181 4634 et
1202 4591 1260 4653 spe
1287 4576 1561 4654 praesumpserat.
1606 4569 1680 4634 Hoc
1701 4569 1806 4649 enim,
1828 4570 1925 4637 sicuti
1947 4568 2032 4650 dixi,
2054 4577 2127 4636 erat

113 4657 265 4809 §candae
285 4664 461 4741 praetextu
479 4678 593 4724 secum
610 4657 681 4741 ipse
699 4655 906 4741 digladiatur.
944 4661 1018 4736 [pag.
1039 4664 1093 4738 el]
1146 4657 1217 4722 eius
1250 4656 1437 4723 consilium:
1471 4663 1541 4722 tota
1571 4656 1702 4738 piorum
1729 4654 1880 4720 virorum
1910 4654 2060 4722 doctrina
2090 4657 2127 4721 in

145 4764 200 4811 am
221 4764 346 4828 magna
362 4765 405 4810 ex
425 4749 520 4827 parte
539 4743 624 4808 nihil
641 4750 758 4809 contra
779 4743 1015 4808 confessionem
1036 4742 1093 4809 ad·
1145 4741 1366 4826 suspicionem
1383 4749 1497 4821 tracta,
1521 4747 1594 4820 [pag.
1615 4745 1669 4819 oe]
1687 4740 1899 4806 autoritatem
1916 4762 2029 4806 eorum
2046 4762 2127 4825 quo·

115 4827 219 4911 16616,
241 4829 300 4897 661
323 4826 586 4909 Samosatenum,
610 4827 787 4895 Servatum
809 4828 954 4912 aliosque
975 4829 1092 4895 haere·
1144 4847 1209 4913 qno
1230 4826 1327 4893 modo
1348 4828 1553 4894 labefactare.
1592 4826 1708 4910 Neque
1728 4823 1764 4890 id
1785 4824 2030 4894 dissimulanter
2049 4848 2126 4912 age·

118 4914 197 4983 ticos
225 4916 288 4982 sibi
315 4914 532 4982 conficiendos
559 4914 725 4998 proponit:
759 4914 954 4997 quibuscum
988 4915 1092 4981 nihilo
1144 4916 1209 4981 bat
1254 4914 1342 4979 Nam
1369 4914 1405 4978 in
1434 4933 1589 4978 consessu
1617 4912 1697 4979 satis
1723 4911 1889 4997 frequenti
1915 4914 2001 4978 inter
2020 4922 2125 4979 certa-

117 5001 189 5083 plus
233 5001 337 5068 habet
375 5001 562 5068 commercii
604 5000 771 5080 Farellus,
818 5021 917 5083 quam
952 5000 1091 5068 Carolus

119 5105 193 5152 eum
212 5086 355 5166 (11661666,
377 5094 436 5152 aut
455 5085 610 5152 Ohn'stus
631 5107 706 5152 eum
727 5084 844 5152 Belial.
888 5084 1093 5171 Simpliciter

123 5190 195 5258 ergo
222 5181 257 5240 66
282 5172 399 5257 666616
425 5172 496 5238 eius
521 5172 725 5256 proterviam
751 5171 800 5237 ita
825 5171 1020 5257 reprimam,
1054 5180 1092 5238 ut
1214 5189 1245 5257 1)
1263 5189 1345 5244 Libro
1363 5186 1388 5241 2.
1406 5187 1440 5242 te
1458 5186 1597 5242 Trinitate.
