4620 5894
143 225 208 288 467
818 219 943 287 Aous
964 217 1145 287 SYNODI
1165 217 1488 286 numeremus
2093 221 2159 285 468

146 409 270 489 doceat,
292 406 549 493 praedicandam
569 408 606 473 in
626 427 687 474 suo
708 407 842 474 nomine
864 429 935 475 esse
957 407 1128 492 poeniten·
1181 429 1221 474 ea
1248 408 1451 493 flagitiorum
1477 420 1627 474 monstra
1659 407 1878 474 scaturiet-int
1923 404 2015 489 Quin
2047 409 2158 489 etiam,

143 497 229 563 tiam
250 501 285 561 et
303 494 531 560 remissionem
548 501 767 578 peccatorum.
1180 495 1345 579 fingamus
1366 493 1453 578 quod
1473 495 1536 577 ipsi
1557 493 1641 559 falso
1663 495 1796 572 iactant,
1819 493 1972 558 nonnihil
1992 492 2071 559 inde
2091 494 2158 560 uti·

233 581 334 649 Ultra
355 601 391 646 se
409 581 611 664 proripiunt:
636 587 786 646 constare
807 580 902 660 hano,
925 580 966 646 de
982 600 1047 663 qua
1064 601 1128 645 nu·
1179 580 1284 645 litatis
1305 601 1453 646 manare:
1474 587 1582 645 totum
1598 580 1662 646 hoo
1678 588 1792 645 tamen
1802 579 1887 644 nihil
1904 579 2029 645 adrem
2051 580 2158 646 meiat

147 674 280 752 gantur,
303 666 549 751 poenitentiam,
571 687 640 732 non
653 672 786 732 tantum
798 666 993 733 contritione
1010 665 1127 745 cordis,
1180 664 1339 747 Quaestio
1367 665 1456 731 enim
1482 666 1637 732 vertitur:
1668 666 1828 747 quomodo
1856 666 1893 729 in
1923 665 1987 730 Dei
2015 666 2159 749 gratiam

147 753 207 820 sed
228 755 295 820 oris
317 753 518 819 confessione
535 759 569 817 et
588 773 725 836 opernm
747 752 977 819 satisfactione.
1011 750 1128 832 Quan-
1179 752 1413 829 restituantur,
1442 751 1498 835 qui
1520 752 1560 817 ab
1583 771 1622 817 ea
1640 750 1842 816 exciderunt.
1888 749 2063 834 Scriptura
2084 751 2158 818 ubi-

146 861 247 922 qnam
268 859 312 905 ne
332 859 450 923 parum
473 837 653 904 clementes
670 860 712 921 ap
735 847 859 917 areant,
880 839 1025 922 rigorem
1045 837 1129 921 legis
1179 857 1306 921 cunque
1326 837 1460 904 modum
1482 836 1640 916 ostendit,
1662 837 1898 903 confessionem
1921 857 1986 901 non
2008 838 2157 923 attingit:

147 945 227 991 snae
252 925 419 1009 mitigant,
449 922 528 989 dum
557 925 699 990 confitcn
726 924 732 938 '
763 931 841 992 voto
871 945 906 990 se
929 923 1055 1007 placari
1083 923 1127 987 si·
1180 944 1265 1006 quae
1293 923 1391 1008 longo
1419 933 1493 1007 post
1518 932 1666 1007 tempore
1693 923 1906 988 inhumanis
1933 922 2077 989 cerebris
2098 946 2158 990 ex·

146 1020 241 1076 nunt
287 1009 378 1092 Quid
399 1009 532 1094 longam
554 1009 609 1076 hio
631 1009 886 1093 disputationem
908 1008 1040 1074 ordiar?
1074 1010 1128 1074 De
1179 1031 1258 1075 cuso
1278 1017 1337 1075 est.
1383 1008 1486 1075 Ouius
1508 1008 1663 1074 audaciae
1687 1017 1753 1089 est,
1780 1008 1823 1074 ad
1844 1029 1937 1091 spem
1960 1009 2079 1075 veniae
2100 1009 2158 1075 ob·

147 1097 340 1162 remissione
378 1102 586 1178 peccatorum
631 1096 753 1180 agitur:
800 1116 884 1178 quae
923 1095 1039 1161 salutis
1076 1103 1129 1160 est
1179 1095 1336 1160 tinendae
1357 1095 1484 1160 aditum
1505 1094 1732 1178 praecludere,
1756 1095 1820 1160 nisi
1842 1093 1976 1160 accedat
1997 1095 2159 1162 eiusmodi

146 1183 284 1248 edenda
311 1182 407 1265 (Luc.
428 1181 457 1259 1,
481 1181 547 1264 77).
591 1181 678 1246 Earn
710 1180 805 1247 nohis
838 1181 1018 1265 gratuitam
1051 1200 1127 1264 pro·
1179 1181 1355 1259 confessio,
1389 1202 1489 1264 qnam
1516 1180 1739 1264 praescribere
1766 1179 1921 1246 libuerit?
1965 1181 2019 1246 De
2044 1183 2158 1264 poeni·

145 1269 250 1333 mittit
270 1265 380 1346 Deus,
408 1266 445 1331 in
468 1265 597 1332 Christi
619 1268 782 1351 sanguine
802 1267 913 1349 (Rom.
936 1271 965 1345 3,
990 1268 1061 1350 24):
1086 1266 1127 1331 de
1178 1267 1283 1332 tentia
1302 1266 1444 1332 habetur
1465 1287 1582 1331 sermo.
1618 1267 1703 1331 Eius
1725 1273 1830 1331 totam
1850 1266 1918 1331 vim
1940 1287 1979 1332 ac
2000 1273 2159 1332 naturam

145 1352 323 1419 auriculari
352 1352 556 1418 confessione
584 1354 724 1419 verbum
751 1352 881 1417 nullum
908 1354 995 1419 facit.
1039 1352 1128 1419 Novi
1178 1360 1248 1418 tam
1269 1353 1467 1436 frequenter,
1487 1361 1555 1417 tam
1573 1353 1710 1434 copiose,
1733 1359 1803 1416 tam
1819 1361 1933 1434 aperte
1954 1351 2105 1437 depingit
2122 1354 2159 1418 in

144 1437 201 1504 isti
222 1437 430 1522 legislatores
446 1436 625 1504 confitendi
643 1438 804 1504 formulae
826 1438 973 1522 alligant,
994 1447 1127 1522 praeter
1177 1438 1260 1522 lege,
1283 1439 1318 1503 in
1339 1438 1517 1522 prophetis,
1535 1439 1571 1502 in
1593 1437 1766 1522 evangelio
1789 1438 1923 1520 spiritus
1945 1440 2089 1518 sanctus,
2120 1446 2159 1504 nt

144 1523 211 1590 Dei
241 1523 452 1589 mandatum:
492 1535 526 1588 et
560 1524 783 1590 satisfactione
816 1523 937 1589 redimi
963 1532 1124 1589 asserunt.
1178 1524 1308 1590 nullum
1329 1523 1374 1589 sit
1395 1523 1563 1589 doctrinae
1591 1530 1691 1606 eaput
1717 1522 1919 1589 lnonlentius
1945 1523 2157 1606 explicatum.

145 1608 236 1692 Quid
257 1610 387 1676 miseris
408 1610 617 1675 conscientiis
635 1609 799 1693 reliquum
821 1607 886 1688 liet,
908 1609 937 1676 si
958 1609 1127 1675 discedam
1177 1610 1231 1676 De
1257 1610 1476 1688 confessione,
1505 1609 1635 1692 qualem
1656 1609 1712 1673 isti
1733 1610 1881 1692 fingunt,
1910 1608 2013 1674 altum
2036 1609 2158 1693 ubique

144 1703 311 1796 cogantur
332 1717 353 1760 a
372 1695 439 1760 Dei
460 1695 577 1772 verbo,
604 1696 699 1760 utin
721 1695 893 1761 hominum
921 1695 1050 1779 placitis
1073 1716 1127 1760 ao·
1178 1695 1356 1762 silentium.
1390 1694 1476 1777 Quis
1498 1715 1577 1780 ergo
1595 1693 1707 1760 credet
1728 1695 1926 1778 negantibus
1947 1715 2063 1761 veram
2084 1715 2157 1762 esse

143 1779 336 1865 quiescant?
386 1779 492 1863 Cupio
520 1780 639 1848 salutis
659 1801 753 1846 meae
785 1781 858 1847 fieri
888 1782 1016 1848 certior.
1062 1780 1128 1844 Via
1178 1781 1429 1865 poenitentiam,
1457 1782 1509 1847 cui
1536 1801 1603 1846 non
1631 1779 1784 1845 adiuncta
1812 1781 1857 1844 sit
1883 1779 1942 1844 illa
1968 1779 2155 1864 appendix?

146 1867 228 1932 mihi
251 1866 392 1950 simplex
414 1867 449 1931 in
472 1867 572 1932 verbo
593 1864 659 1932 Dei
680 1874 893 1946 monstratur,
915 1888 998 1950 quae
1019 1888 1073 1932 me
1089 1867 1126 1930 in
1178 1867 1259 1946 imo,
1287 1868 1351 1933 nisi
1377 1888 1452 1933 cam
1481 1866 1542 1932 sub
1570 1887 1605 1931 se
1632 1864 1820 1931 contineat?
1865 1866 1958 1932 Haec
1985 1866 2068 1931 mihi
2091 1866 2157 1933 duo

146 1952 286 2018 solidam
330 1951 609 2035 tranquillamque
645 1953 730 2017 tanti
768 1953 845 2018 boni
886 1953 1125 2035 possessionem
1179 1953 1308 2018 abunde
1330 1953 1511 2019 sufficiunt:
1536 1951 1623 2034 qnod
1642 1952 1878 2035 poenitentiam
1899 1972 2034 2035 prorsus
2055 1952 2157 2018 aliam

145 2047 236 2104 recta
257 2036 403 2103 inducat
435 2036 528 2102 Nihil
551 2038 658 2104 dicam
675 2038 827 2121 amplius.
858 2038 1020 2104 Homines
1038 2047 1125 2117 eunt,
1178 2041 1381 2123 confingunt,
1406 2060 1506 2121 quam
1527 2059 1609 2121 quae
1631 2036 1725 2102 nobis
1747 2039 1783 2102 in
1805 2039 1969 2119 scriptura
1990 2057 2158 2103 commen·

145 2125 202 2206 qui
223 2124 376 2190 iniiciunt
397 2143 549 2202 manum,
581 2145 619 2190 ao
647 2124 827 2191 confitendi
851 2125 1046 2191 necessitate
1072 2145 1126 2189 me
1179 2124 1291 2190 datur:
1314 2132 1349 2189 et
1369 2123 1594 2207 impetrandae
1615 2132 1824 2206 peccatorum
1842 2123 2028 2189 remissioni
2044 2124 2158 2190 condi·

146 2208 375 2293 obstringunt,
402 2230 469 2293 qua
489 2230 543 2274 me
564 2209 665 2275 solvit
686 2209 851 2276 Christus.
895 2207 1127 2276 Satisfeciendi
1178 2210 1303 2275 tionem
1324 2217 1493 2289 statuunt,
1519 2230 1586 2292 qua
1608 2229 1668 2273 nos
1694 2209 1819 2274 solutos
1840 2230 1912 2274 esse
1933 2209 2049 2288 voluit,
2082 2210 2157 2290 [pag.

146 2300 221 2375 [pag.
247 2300 325 2374 214]
348 2316 433 2361 onus
455 2295 538 2360 mihi
559 2297 749 2378 imponunt,
772 2303 811 2361 ut
833 2317 853 2361 a
874 2317 928 2361 me
949 2296 1021 2379 ipso
1045 2295 1125 2361 effe-
1180 2301 1256 2376 216]
1289 2316 1390 2379 penes
1421 2316 1519 2379 quem
1553 2317 1656 2359 unum
1690 2295 1880 2359 remittendi
1919 2303 1971 2359 est
2001 2303 2156 2378 potestas.

143 2401 227 2459 ram,
255 2380 344 2464 quod
362 2400 384 2444 a
409 2402 468 2446 suo
488 2381 588 2447 nnius
607 2382 769 2464 sanguine
785 2381 965 2465 petendum
982 2381 1127 2447 ostendit
1177 2381 1251 2448 Hoo
1273 2402 1353 2447 vero
1373 2380 1536 2464 posterius
1558 2379 1695 2463 perinde
1716 2380 1822 2459 valet,
1851 2401 1888 2446 ac
1910 2382 1939 2445 si
1965 2380 2077 2446 Deum
2100 2405 2156 2448 ve-

144 2466 311 2533 Ohristus.
356 2467 413 2532 An
434 2466 518 2531 mihi
541 2465 597 2531 diu
619 2467 854 2551 ambigendum
875 2475 941 2545 est,
969 2466 1126 2551 quidnam
1177 2475 1289 2533 tarent
1316 2467 1457 2533 salntem
1485 2466 1692 2551 promittere,
1728 2466 1793 2531 nisi
1821 2486 1864 2530 ex
1890 2487 1950 2530 suo
1978 2469 2155 2550 permissu:

143 2553 251 2618 facere
273 2551 450 2637 expediat?
495 2552 568 2618 lmo
589 2573 668 2618 vero
695 2553 834 2619 facessat
862 2555 968 2618 omnis
995 2553 1126 2620 oonsul-
1177 2553 1232 2618 vel
1254 2552 1488 2619 saltem'illise
1508 2559 1713 2636 opponerent
1733 2550 1886 2617 nefidem
1908 2552 2033 2630 salutis,
2055 2573 2157 2637 quam

146 2639 238 2717 tatio,
261 2637 320 2702 nbi
341 2638 383 2702 ab
405 2638 502 2704 unico
525 2637 643 2704 salutis
664 2645 780 2704 autore
800 2637 1003 2705 abducimur.
1048 2639 1126 2704 Mil·
1178 2637 1278 2718 dedit,
1300 2646 1469 2722 praestare
1490 2638 1617 2704 audeat.
1651 2638 1767 2721 Neque
1789 2638 1877 2702 enim
1899 2637 1994 2703 aliter
2016 2637 2065 2702 illi
2083 2661 2157 2722 per·

144 2724 206 2790 lies
239 2723 318 2790 licet
349 2732 501 2807 crepent,
543 2724 671 2808 syllaba
703 2724 796 2790 nulla
832 2724 1030 2808 reperietur,
1069 2724 1127 2790 ubi
1177 2726 1314 2790 mittunt
1333 2724 1809 2808 peecatorumfacereveniam‚
1832 2744 1932 2805 quam
1952 2726 1981 2789 si
1997 2724 2159 2809 religiono

147 2808 304 2876 Christus
325 2810 362 2874 in
384 2830 498 2875 aurem
519 2809 662 2876 hominis
680 2810 831 2876 confiteri
851 2818 985 2894 peccata
1005 2811 1125 2876 iubeat
1179 2832 1243 2894 qua
1264 2831 1326 2876 nos
1347 2810 1410 2894 ipsi
1433 2811 1656 2894 obstringunt,
1679 2808 1820 2874 exsoluti
1840 2809 2008 2876 fuerimus.

146 2894 371 2980 Quaecunque
393 2895 434 2960 de
456 2902 667 2980 peccatorum
685 2897 878 2962 remissione
896 2904 1030 2962 exstant
1050 2919 1126 2981 pro-
1264 2895 1362 2978 Quod
1378 2896 1421 2961 ad
1442 2896 1680 2962 sausfaotiones
1697 2901 1833 2978 spectat,
1856 2895 2021 2961 subtiliter
2038 2894 2157 2962 distin-

145 2982 330 3061 missiones,
353 3003 396 3046 ne
419 2981 649 3048 tenuissimam
671 2980 805 3066 quidem
826 2982 897 3048 eins
915 2983 965 3048 rei
985 2983 1126 3048 mentio-
1178 3003 1279 3067 gnere
1301 2982 1363 3047 sibi
1385 2981 1549 3058 videntur,
1571 3002 1673 3063 quum
1689 2981 1814 3046 faecem
1832 2979 2010 3047 corradunt
2031 3002 2073 3046 ex
2119 3005 2156 3048 u-

147 3089 225 3134 nem
246 3068 381 3134 faciunt.
425 3067 595 3153 Apostolis
616 3068 681 3133 fuit
702 3088 742 3133 ea
768 3067 824 3134 lex
851 3089 986 3152 prorsus
1013 3069 1126 3152 incog-
1177 3068 1256 3134 tidis
1277 3067 1498 3152 sophistarum
1520 3068 1727 3133 commentis:
1757 3087 1822 3131 non
1851 3074 2003 3133 aeternas
2024 3067 2081 3150 qui
2103 3089 2157 3135 em

147 3156 228 3220 nita
272 3153 316 3219 In
348 3159 420 3219 tota
455 3154 592 3220 eeclesia
624 3153 793 3233 orientali,
832 3154 946 3221 nullus
978 3174 1127 3238 unquam
1177 3174 1298 3238 poenas
1320 3154 1457 3232 scilicet,
1480 3153 1539 3218 sed
1560 3151 1757 3236 temporales
1776 3152 2052 3219 satisfactionibus
2073 3174 2156 3238 pen·

146 3238 383 3323 propemodum
403 3261 484 3306 usus
505 3239 576 3305 fuit.
619 3238 710 3319 Imo,
735 3240 855 3323 ubique
882 3241 1032 3325 gentium
1054 3238 1126 3305 diu·
1178 3239 1298 3305 sandas
1316 3260 1396 3306 esse.
1431 3237 1515 3320 Quis
1533 3238 1698 3322 sophistas
1715 3238 1880 3304 nesciebat
1901 3239 1948 3302 ita
1965 3238 2114 3323 garrire?
2129 3240 2156 3325 ¹)

147 3325 215 3391 tius
237 3325 329 3391 mille
349 3326 447 3392 annis
467 3325 571 3391 libera
591 3325 655 3390 fuit
677 3325 874 3393 observatio:
901 3326 1005 3392 doneo
1025 3326 1126 3391 Inno-
1178 3324 1378 3409 Quanquam
1399 3323 1481 3389 dum
1502 3345 1641 3407 poenam
1662 3331 1838 3402 aeternam,
1861 3345 1928 3389 una
1950 3346 2025 3390 oum
2047 3325 2155 3409 eulpa,

148 3412 277 3478 centius
303 3411 435 3488 tertius,
464 3432 539 3476 cum
566 3411 716 3493 pauculis
743 3413 890 3478 cornutis
916 3411 1044 3491 bestiis,
1077 3412 1127 3478 la·
1179 3412 1275 3477 nobis
1306 3411 1509 3477 confessione
1546 3410 1671 3475 remitti
1704 3412 1850 3494 fingunt,
1889 3409 1945 3475 vel
1977 3411 2157 3478 confitendi

149 3517 270 3579 qucum
293 3496 520 3647 hunfflcpulo
536 3497 718 3563 christiano
737 3497 854 3578 induit,
876 3519 975 3582 quern
986 3498 1126 3564 Triden-
1179 3505 1270 3563 voto:
1301 3497 1382 3580 quid
1404 3496 1494 3561 aliud
1516 3496 1578 3562 sibi
1599 3495 1729 3573 volunt,
1757 3516 1857 3578 quam
1878 3517 1938 3561 nos
1959 3517 2058 3581 opere
2079 3518 2157 3581 pro-

150 3583 212 3647 tini
234 3589 345 3664 patres
425 3590 584 3681 tungunt.
629 3581 727 3663 Quod
749 3584 830 3662 dico,
859 3585 940 3650 satis
962 3605 1127 3668 superque
1175 3583 1313 3663 mereri,
1342 3582 1428 3666 quod
1451 3583 1597 3666 gratuito
1620 3602 1655 3647 se
1677 3581 1833 3647 daturum
1854 3582 2018 3665 promittit
2039 3581 2156 3649 Dens?

149 3675 307 3733 testatum
330 3673 380 3733 est
399 3667 565 3733 veteribus
582 3668 739 3734 historiis.
784 3671 995 3735 Testimoniis
1015 3670 1128 3736 referti
1176 3667 1244 3734 Sed
1277 3690 1366 3735 nunc
1398 3666 1577 3736 videndum
1606 3666 1687 3750 quid
1714 3667 1825 3732 valeat
1852 3667 2027 3733 distinctio.
2072 3669 2158 3734 Pro-

150 3762 228 3820 sunt
250 3754 356 3818 nostri
375 3751 461 3818 libri.
506 3754 617 3836 Atque
639 3753 758 3819 horum
779 3755 865 3820 nihil
886 3756 1048 3839 ignorant,
1071 3755 1129 3839 qui
1176 3755 1296 3838 phetae
1318 3775 1406 3833 sano,
1429 3775 1531 3837 quum
1560 3753 1738 3838 gratuitam
1760 3761 1968 3836 peccatorum
1989 3755 2158 3821 remissio·

149 3837 287 3906 concilio
319 3838 486 3904 dictarunt
519 3839 721 3922 praeclaram
752 3839 840 3907 hano
871 3840 1061 3906 formulam:
1095 3848 1129 3905 et
1180 3860 1258 3904 nem
1279 3850 1552 3916 commemorant,
1575 3840 1643 3904 fere
1665 3839 1812 3904 referunt
1834 3836 1876 3903 ad
1897 3839 2039 3903 alterum
2060 3840 2160 3905 illum

149 3933 262 3990 tamen
296 3931 364 3989 tam
395 3933 475 3990 sunt
505 3923 729 4008 impudentes,
762 3935 800 3991 ut
831 3926 1029 4010 persuadere
1061 3947 1128 3992 uno
1179 3927 1290 4003 finem,
1312 3925 1478 4008 placatum
1495 3926 1565 3989 tore
1583 3925 1702 4004 Deum,
1725 3946 1767 3989 ne
1789 3924 1931 4008 amplius
1943 3923 2159 4009 vindicetpo·

147 4012 251 4078 verbo
272 4009 387 4089 velint,
408 4009 555 4076 clausam
571 4031 643 4077 esse
656 4011 771 4078 salutis
792 4013 936 4091 ianuam,
957 4012 1023 4077 nisi
1045 4013 1128 4078 ficti-
1180 4011 1250 4094 puli
1278 4011 1416 4088 scelera,
1444 4009 1498 4076 vel
1526 4010 1665 4094 flagellis
1691 4011 1758 4076 suis
1786 4016 2009 4093 persequatur.
2055 4009 2160 4093 Quis·

149 4098 216 4163 tiae
238 4097 451 4162 confessionis
469 4096 561 4163 clare
579 4097 754 4179 aperiatur.
785 4099 833 4163 At
854 4120 941 4177 vero,
964 4099 1037 4181 quis
1055 4105 1128 4163 tan-
1180 4097 1253 4180 quis
1274 4096 1309 4161 in
1331 4097 1514 4180 scripturae
1535 4096 1674 4163 lectione
1695 4095 1903 4162 mediocriter
1923 4104 2079 4162 versatus
2096 4105 2159 4177 est,

148 4190 221 4249 tum
243 4183 291 4249 eis
312 4183 464 4248 licentiae
486 4181 652 4261 concedat,
675 4191 712 4247 ut
733 4205 798 4266 qua
819 4185 924 4250 velint
944 4181 1129 4250 conditione
1179 4182 1392 4248 verissimum
1432 4203 1504 4248 esse
1536 4189 1706 4266 agnoscet,
1747 4180 1834 4264 quod
1873 4180 1958 4246 dico:
1999 4182 2159 4267 mitigari,

148 4270 303 4353 imposita
324 4268 452 4335 (lhristi
479 4268 711 4352 promissiones
738 4272 956 4354 restringant,
983 4269 1129 4354 adeoque
1179 4269 1299 4347 laxari,
1322 4268 1411 4333 finiri
1432 4267 1572 4351 denique
1593 4287 1730 4350 poenas,
1760 4267 1876 4351 quibus
1897 4266 1989 4417 diffini
2010 4288 2159 4335 eramus:

149 4353 305 4421 claudant
329 4354 416 4438 quod
445 4354 502 4420 ille
528 4354 655 4437 aperit?
700 4355 776 4420 Non
804 4355 936 4439 disputo
963 4356 998 4421 in
1032 4376 1127 4439 prae·
1180 4355 1257 4437 quia
1278 4355 1372 4420 nobis
1395 4354 1486 4419 Deus
1508 4354 1664 4437 ignoscit,
1687 4375 1754 4418 non
1774 4354 1892 4417 merito
1950 4353 2024 4436 'qno
2045 4363 2161 4420 nostro

150 4440 272 4519 sentia,
300 4462 398 4524 quam
426 4440 567 4506 crudehs
596 4440 641 4506 sit
667 4441 858 4523 torquendis
884 4462 922 4508 ao
949 4446 1026 4521 [pag.
1050 4446 1126 4521 215]
1179 4448 1339 4525 tanquam
1360 4440 1623 4522 compensatione
1645 4438 1807 4521 placatus,
1830 4438 1889 4503 sed
1910 4439 1980 4504 sola
2001 4460 2161 4522 provoca-

148 4526 378 4592 exoruciandis
398 4525 605 4593 conscientiis
622 4526 821 4608 carnificina,
837 4529 862 4613 ¹)
883 4527 939 4594 lex
959 4527 1127 4594 illaInno·
1180 4534 1235 4592 tus
1267 4527 1328 4592 sua
1355 4523 1586 4590 misericordia.
1632 4529 1706 4604 [pag.
1731 4529 1806 4604 217]
1835 4525 2000 4591 Exsilium
2022 4524 2161 4612 babylo-

151 4611 265 4688 oentii,
295 4631 393 4694 quam
419 4612 540 4678 iterum
571 4613 799 4698 promulgant:
828 4634 926 4697 quarn
949 4614 1070 4679 multos
1091 4613 1128 4676 in
1180 4612 1291 4678 uicum
1313 4631 1419 4694 poona
1434 4611 1624 4693 temporalis
1647 4618 1726 4675 erat
1761 4608 1858 4691 Quod
1872 4611 2083 4695 septuaginta
2100 4633 2162 4678 an·

150 4695 413 4779 desperationem
434 4699 540 4782 egerit
560 4699 771 4782 praecipites:
795 4700 891 4783 quale
909 4699 951 4765 ad
973 4699 1053 4766 alios
1075 4719 1127 4764 so-
1179 4698 1232 4763 nis
1252 4697 1463 4774 terminatur,
1491 4718 1592 4779 quum
1613 4696 1712 4780 longe
1733 4696 1838 4780 magis
1860 4697 2057 4762 diuturnum
2083 4720 2163 4782 pro-

149 4781 286 4865 piendos
307 4781 517 4866 hypocriseos
539 4784 785 4851 condimentum
806 4786 956 4871 fuerhst)
978 4793 1058 4869 quot
1086 4805 1128 4849 ex
1180 4783 1291 4848 meriti
1312 4790 1421 4848 essent
1442 4782 1621 4862 Israelitae,
1643 4782 1678 4847 id
1699 4784 1863 4866 gratuitae
1875 4783 2174 4860 suaeolcmentiae

151 4922 356 4931 ψ,
1181 4876 1351 4951 acceptum
1377 4866 1450 4934 vult
1475 4868 1554 4932 ferri
1576 4867 1677 4933 Deus.
1722 4869 1772 4933 Ao
1798 4868 1922 4951 passim
1950 4867 2004 4935 hio
2031 4871 2163 4938 hactus

220 5004 250 5069 1)
267 5004 399 5072 gehenne.

220 5071 331 5141 2)que1
356 5077 482 5126 manteau
506 5070 572 5128 c'est
591 5073 771 5146 d'hypocrisie
793 5084 822 5133 et
842 5077 906 5146 quel
928 5077 1036 5133 coussin
1058 5090 1130 5144 pour

149 5139 288 5202 sudomir
304 5140 345 5196 les
363 5140 546 5197 consuentes.
1251 5138 1280 5206 1)
1299 5156 1351 5210 que
1370 5140 1411 5196 les
1429 5140 1557 5196 docteurs
1575 5157 1609 5197 en
1626 5145 1703 5196 toute
1721 5143 1827 5198 asnerie
1845 5142 2009 5211 gssouillent
2025 5143 2103 5199 ainsi.
