4620 5894
147 239 209 301 399
812 238 932 304 AOTA
953 234 1134 303 SYNODI
1156 237 1477 303 TRIDENTINAE
2092 242 2160 306 400

144 422 338 502 seeundum,
363 422 565 490 ohristianae
585 423 719 508 politiae
742 445 896 490 severum
921 431 1124 492 exaetorem:
1179 430 1303 574 qqanto
1325 430 1376 490 est
1397 423 1611 504 tolerabilior,
1635 445 1734 508 quam
1753 423 1886 491 erudele
1907 424 2162 496 inoitamentum

143 511 200 593 qui
222 509 352 575 utinam
374 531 394 574 a
416 531 476 575 suo
495 508 643 576 oubioulo
664 509 837 593 inciperet:
857 511 1003 590 tertium,
1025 532 1127 595 ange·
1179 533 1197 574 r
1221 511 1330 589 eteris,
1349 531 1416 575 non
1429 510 1501 575 dioo
1514 511 1607 576 ouius
1625 510 1761 596 (noman
1779 510 1877 588 enim,
1895 509 2031 576 honoris
2048 533 2160 596 eausa,

144 596 231 661 lum:
267 597 324 680 qui
351 595 479 660 utinam
513 596 743 674 ambitionem,
778 596 990 680 praeeipuam
1017 597 1127 661 earnis
1181 597 1286 680 taoeo)
1309 596 1364 678 qui
1386 596 1471 661 forte
1493 596 1636 675 veritus,
1665 617 1708 661 ne
1731 595 1912 662 scribendis
1936 599 2160 681 sanguinariis

169 688 285 760 artem,
308 681 462 747 exuisset.
508 681 657 746 Tandem
683 680 731 745 illi
759 681 934 748 oonoilium
962 689 1013 748 est
1040 703 1128 750 nova
1180 680 1319 748 deoretis
1347 702 1467 765 pamm
1495 679 1633 747 audaoes
1662 681 1770 747 forent
1797 681 1999 760 Tridentini,
2034 704 2090 751 eos
2117 683 2162 750 ad

144 704 343 834 ierusalem:
367 773 401 832 et
421 766 500 850 quid
520 766 611 831 non?
645 766 719 833 Hoo
741 768 1059 851 soiliootproieotum
1077 775 1128 834 est
1180 764 1369 833 audendum
1390 767 1555 833 hortatur:
1579 774 1612 832 et
1634 767 1732 832 simul
1752 774 1850 851 atque
1869 767 2040 848 iusserint,
2061 790 2162 854 para·

147 854 241 938 gravi
253 853 310 918 illa
321 851 545 930 obtestatione,
563 873 629 936 qua
641 853 691 917 usi
708 853 840 919 fuerant
849 853 960 939 legati,
979 875 1021 920 ne
1039 854 1128 937 quis·
1180 859 1233 919 tas
1259 853 1329 918 fore
1353 853 1547 920 oarnifieum
1580 873 1699 918 manus
1725 853 1898 938 promittit
1943 852 2040 919 Itane
2071 876 2160 937 vero,

144 941 236 1024 piam
256 937 457 1004 laudaretur.
473 937 495 1021 ¹)
540 937 669 1004 Verum
689 938 773 1003 illud
794 960 953 1024 perquam
974 939 1127 1018 fanetum,
1180 946 1220 1003 ut
1240 945 1293 1016 tu,
1324 939 1379 1022 qui
1401 940 1531 1005 nesoius
1556 959 1623 1003 non
1647 960 1698 1018 es,
1726 939 1874 1023 indignis
1893 937 1999 1005 modis
2020 941 2161 1007 traotari

145 1023 241 1110 quod,
261 1045 362 1108 quum
379 1024 461 1090 haee
478 1023 589 1088 omnia
600 1023 749 1091 dicturus
760 1032 856 1105 esset,
867 1025 1128 1110 indignationem
1179 1024 1345 1090 innoxios:
1364 1025 1468 1108 etqui
1485 1025 1603 1108 potius,
1625 1025 1653 1089 si
1674 1046 1771 1109 quom
1788 1024 1927 1090 haberes
1937 1025 2158 1093 oonsoientiae

147 1132 282 1178 suorum
312 1109 513 1194 depreeatur.
558 1109 680 1190 Nemo,
709 1111 831 1194 inquit,
865 1118 1018 1177 restrum
1045 1111 1127 1176 mihi
1180 1131 1330 1190 sensum,
1364 1116 1463 1194 eaput
1489 1115 1564 1192 [pag.
1587 1115 1641 1190 68]
1669 1117 1765 1176 tuum
1794 1130 1959 1194 opponere
1986 1109 2157 1193 debueras,

145 1202 347 1264 suooenseat.
391 1195 479 1260 Nam
507 1194 645 1261 meliora
672 1203 751 1262 sunt
778 1197 918 1263 vulnera
947 1195 1126 1282 diligentis,
1182 1217 1300 1262 aeuere
1322 1196 1364 1261 ad
1387 1195 1558 1263 saevitiam
1584 1217 1651 1261 non
1680 1195 1822 1275 dubites,
1850 1197 1905 1280 qui
1933 1196 2000 1261 iam
2021 1197 2083 1263 toti
2104 1219 2159 1264 ar-

168 1304 245 1348 uam
262 1280 475 1347 fraudulenta
496 1281 609 1346 oscula
630 1281 778 1348 odientis.
823 1283 975 1349 Immites
992 1305 1072 1349 sane
1094 1290 1128 1348 et
1181 1281 1260 1347 dent
1292 1282 1431 1347 immani
1464 1302 1502 1347 ao
1534 1281 1683 1348 belluina
1715 1281 1826 1348 rabie?
1872 1282 2010 1348 Adeone
2040 1303 2160 1350 sensus

145 1304 369 1433 dormidabiles
388 1387 460 1432 essa
477 1364 598 1433 bestias
617 1375 754 1450 oportet,
777 1369 805 1433 si
823 1376 892 1434 tam
908 1367 1038 1435 blandis
1056 1369 1127 1452 pal-
1180 1388 1294 1433 omnes
1316 1377 1389 1433 tuos
1411 1367 1598 1451 profanavit
1619 1389 1676 1434 aer
1703 1368 1851 1448 italious,
1878 1373 1918 1433 ut
1945 1388 2014 1432 non
2034 1370 2159 1454 eogites

171 1453 336 1519 ationibus
366 1453 550 1517 irritantur.
597 1451 687 1533 Quid
715 1455 804 1518 enim
837 1455 984 1520 facerent
1012 1455 1126 1520 durius
1179 1453 1287 1519 filium
1314 1453 1395 1532 Dei,
1425 1454 1519 1520 euius
1547 1455 1659 1537 agitur
1687 1475 1799 1534 eausa,
1829 1454 1954 1518 iustum
1981 1453 2158 1538 aliquando

146 1476 341 1606 doeessitae‘l
386 1538 509 1604 Postea
533 1539 627 1621 quasi
654 1538 793 1622 planatis
820 1540 887 1607 illis
910 1562 1046 1607 seourus
1069 1563 1127 1606 ex·
1178 1540 1248 1604 fore
1269 1538 1433 1606 iudicem?
1470 1538 1527 1604 An
1548 1539 1670 1605 oblitus
1692 1561 1738 1618 es,
1761 1539 1877 1623 quanti
1897 1558 2039 1622 regnum
2061 1560 2161 1606 suum

146 1625 263 1692 saltat:
286 1622 459 1706 Venimus,
481 1623 637 1705 vidimus,
659 1625 808 1693 visimus.
843 1627 959 1692 Potuit
975 1626 1037 1694 hoo
1054 1626 1127 1711 qui·
1179 1625 1285 1704 faeiat,
1308 1623 1395 1708 quod
1416 1625 1580 1709 evangelii
1597 1624 1839 1708 praedieatione
1861 1624 2070 1691 continetur?
2103 1627 2161 1692 An

148 1711 225 1777 dem
251 1711 375 1777 iaotare
402 1709 534 1776 ansar.
579 1708 648 1776 Sed
676 1732 775 1794 qnam
806 1711 938 1778 ridiouli
966 1720 1045 1778 sunt
1072 1712 1126 1777 isti
1178 1712 1339 1776 memoria
1356 1733 1421 1776 non
1437 1718 1539 1788 tenes,
1558 1732 1658 1794 quam
1675 1733 1830 1778 severum
1847 1710 1946 1778 sorel
1964 1712 2160 1778 imminutae

146 1816 289 1881 paeanes
316 1798 352 1862 in
378 1797 496 1862 umbra
523 1795 620 1862 vallis
642 1796 873 1876 Tridentinae,
901 1805 995 1864 extra
1022 1798 1127 1864 hostis
1178 1797 1283 1882 patris
1300 1795 1424 1881 gloriae
1442 1796 1606 1862 vindioem
1625 1796 1820 1862 denunoiet?
1858 1795 1988 1878 Quibus
2006 1796 2161 1881 eloquen-

148 1881 383 1966 oonspeotum?
427 1881 540 1948 Velim
566 1883 655 1947 enim
684 1884 767 1949 seire
795 1883 873 1968 quid
902 1883 1062 1964 viderint,
1088 1891 1127 1948 ut
1179 1885 1244 1949 tiae
1268 1883 1405 1966 pieturis
1431 1881 1605 1947 horribiles
1634 1883 1707 1949 illas
1736 1885 1842 1948 minas
1869 1880 2007 1961 delebis,
2041 1884 2161 1966 quibus

148 1969 330 2036 vinoerent.
374 1967 567 2034 Perioulum
590 1975 654 2046 est,
682 1990 725 2033 ne
747 1991 800 2035 me
821 1970 1017 2036 oalumniari
1038 1970 1126 2035 exoi·
1180 1967 1338 2035 adversus
1372 1967 1533 2052 perfidam
1568 1969 1812 2034 simulationem
1839 1967 2018 2034 fulminat?
2063 1967 2160 2050 Quae

148 2054 234 2139 piat:
258 2075 360 2138 quum
381 2053 465 2118 ratio
488 2073 565 2118 mox
588 2062 759 2138 sequatur,
786 2057 908 2140 apertis
930 2055 1058 2123 eoneilii
1079 2056 1126 2120 fo·
1179 2063 1273 2121 tanta
1309 2054 1454 2119 amentia
1485 2061 1519 2118 te
1551 2055 1753 2134 exeaecavit,
1791 2061 1828 2119 ut
1860 2053 1987 2120 oaloare
2019 2054 2161 2138 pedibus

148 2142 254 2221 ribus,
283 2147 412 2224 apertas
433 2160 504 2205 esse
532 2141 618 2206 fores
640 2140 736 2206 eoeli:
767 2162 901 2225 nempe,
930 2143 994 2208 nisi
1021 2142 1127 2207 omni·
1179 2161 1311 2207 saorum
1344 2146 1532 2224 martyrum
1559 2141 1756 2224 sanguinem
1779 2162 1847 2206 non
1868 2140 2026 2219 verearis,
2061 2160 2161 2224 quem

147 2225 210 2291 bus
231 2226 342 2309 palam
364 2232 466 2304 esset,
495 2234 656 2309 quantum
683 2227 772 2292 inter
799 2227 976 2293 eonoilium
999 2234 1033 2292 et
1055 2248 1127 2294 eoe-
1179 2227 1242 2294 sibi
1286 2247 1354 2290 non
1390 2225 1514 2290 frustra
1559 2226 1678 2291 asserit
1716 2247 1787 2292 esse
1826 2226 2028 2309 pretiosum?
2083 2225 2162 2293 Una

148 2311 219 2377 lum
240 2313 381 2377 intersit.
427 2309 496 2377 Sed
518 2311 642 2376 homini
666 2311 769 2377 deliro
797 2313 1039 2379 oonoedendum
1066 2320 1126 2392 est,
1180 2312 1320 2398 denique
1347 2312 1412 2376 ista
1439 2331 1504 2376 vox
1536 2312 1596 2376 tibi
1623 2312 1793 2378 horrorem
1825 2333 1893 2377 non
1920 2311 2057 2378 ineutit:
2086 2311 2162 2378 Vae

148 2400 176 2464 si
207 2405 304 2463 extra
331 2404 435 2462 metas
471 2403 621 2481 vagatur.
666 2397 812 2463 Proinde
839 2398 902 2465 sibi
930 2399 1126 2484 gratulatur,
1180 2399 1237 2482 qui
1266 2397 1475 2463 mentiuntur
1502 2396 1609 2463 luoem
1638 2418 1711 2464 esse
1737 2399 1892 2463 tenebras
1920 2397 1998 2483 (Ias.
2022 2403 2052 2477 5,
2076 2397 2160 2482 20)?

147 2486 337 2550 restitutam
355 2504 427 2548 esso
444 2482 624 2563 ecelesiam,
647 2503 730 2568 quae
749 2489 823 2566 [pag.
848 2488 901 2564 67]
924 2486 991 2550 iam
1013 2485 1054 2550 ad
1076 2487 1127 2549 in·
1179 2485 1209 2549 Ε
1234 2506 1252 2549 o
1279 2503 1371 2561 vero,
1401 2489 1458 2547 tua
1480 2503 1580 2548 eausa
1611 2489 1699 2549 totus
1722 2504 1914 2567 expavesco,
1945 2483 2026 2549 dum
2046 2484 2162 2550 formi-

147 2571 284 2635 teritum
306 2569 534 2648 inelinaverat,
557 2569 622 2634 nisi
644 2590 730 2635 nova
751 2570 811 2635 lux
828 2570 901 2651 Dei,
925 2572 1050 2636 eteius
1072 2572 1128 2655 qui
1181 2505 1322 2636 dibilem
1353 2568 1445 2634 illam
1477 2569 1637 2634 ultionem
1670 2577 1781 2636 mente
1813 2570 1974 2654 oonoipio,
2010 2591 2095 2654 quaa
2128 2576 2163 2636 te

149 2654 192 2721 ad
212 2657 322 2721 Deum
344 2656 494 2741 proxime
515 2654 648 2736 aooedit,
671 2655 768 2722 Pauli
790 2656 880 2722 tertii
903 2657 1013 2722 oblata
1032 2663 1127 2723 esset.
1181 2655 1274 2723 brori
1296 2662 1425 2734 manet,
1448 2655 1513 2720 nisi
1535 2655 1570 2720 in
1593 2656 1682 2721 viam
1703 2656 1827 2722 redeas.
1872 2657 1984 2740 Atque
2004 2655 2079 2722 ideo
2100 2655 2163 2721 tibi

149 2739 262 2823 Quid?
299 2742 441 2807 etiamne
464 2741 605 2825 angelis,
635 2743 778 2808 etiamne
800 2742 969 2826 prophetis
997 2750 1030 2808 et
1051 2765 1129 2826 apo·
1153 2720 1155 2849 ξ
1180 2764 1247 2808 non
1272 2762 1385 2825 pareo,
1419 2747 1457 2805 ut
1484 2741 1578 2806 Deus
1605 2748 1732 2824 pareat:
1771 2742 1829 2808 sed
1851 2742 1899 2806 ita
1927 2752 1977 2808 est
2004 2742 2162 2826 profeoto,

148 2827 241 2895 stolis
263 2828 414 2911 superior
436 2834 487 2894 est
506 2827 656 2892 Paulus?
702 2827 810 2893 Video
831 2828 910 2913 quid
932 2830 984 2895 sit
1021 2828 1128 2913 Lege·
1153 2858 1155 2901 ι
1180 2829 1382 2894 meretricias
1410 2826 1546 2892 tandem
1572 2827 1743 2894 rhetorum
1771 2826 1902 2912 linguas
1928 2828 2002 2893 fieri
2023 2832 2163 2912 oportet,

146 2920 201 2980 rat
220 2913 414 2981 Oioeronem
438 2917 549 2998 (quem
565 2913 664 2998 paulo
686 2914 831 2981 deterius
851 2915 1008 2995 imitatur,
1031 2935 1129 2999 quam
1153 2906 1156 2993 l
1180 2915 1238 2980 ubi
1264 2913 1365 2979 semel
1393 2913 1580 2977 meritoriae
1607 2935 1679 2980 esse
1706 2922 1892 2999 coeperunt.
1937 2912 2037 2994 Quod
2064 2915 2093 2980 si
2113 2912 2164 2978 illi

148 2999 319 3066 hominem
341 2999 452 3085 simia)
469 2999 589 3085 populo
608 3020 744 3066 romano
762 3001 809 3066 sie
827 3000 1005 3085 aliquando
1026 3001 1129 3066 fuisse
1153 3002 1156 3117 ι
1181 2999 1223 3066 ad
1244 2996 1505 3065 maledicendum
1527 3005 1606 3064 sunt
1628 2998 1752 3081 diserti,
1770 3021 1832 3065 nos
1854 2999 1896 3065 ad
1917 2999 2165 3083 reprimendam

148 3086 330 3152 adulatum
375 3087 458 3151 Tam
486 3086 610 3152 bellum
643 3084 817 3153 dietarium
843 3087 981 3172 perdere
1013 3086 1295 3197 noluit.1eorum
1311 3083 1524 3152 virulentiam
1540 3092 1649 3151 mutos
1667 3108 1824 3152 essenon
1841 3087 2003 3153 eonvenit
2041 3085 2165 3170 Turpis

148 3169 219 3239 Sed
235 3173 381 3252 interim,
400 3193 484 3256 quae
500 3172 557 3256 pia
574 3193 669 3238 mens
686 3195 753 3238 non
771 3172 872 3239 talem
889 3173 1129 3258 blasphemiam
1153 3200 1155 3225 ε
1181 3173 1270 3238 enim
1302 3169 1455 3254 ignaviae
1488 3177 1591 3249 osset,
1626 3170 1705 3236 dum
1736 3180 1924 3256 martyrum
1957 3173 2163 3253 memoriam,

148 3258 361 3326 exsaeretur?
1153 3242 1155 3351 i
1182 3280 1291 3343 qnam,
1313 3263 1351 3321 ut
1372 3257 1460 3320 inter
1481 3256 1553 3339 pios
1574 3255 1748 3324 benediata
1769 3265 1865 3339 esset,
1888 3279 1945 3324 ore
1967 3279 2028 3324 suo
2045 3255 2165 3323 Domi-

235 3343 320 3425 Quis
341 3344 496 3428 spiritum
519 3344 645 3430 synodo
667 3345 781 3411 abesse
802 3352 911 3431 neget,
935 3367 1034 3429 quem
1054 3346 1129 3412 tali-
1152 3358 1155 3417 ι
1181 3366 1247 3411 nus
1274 3341 1492 3422 oonseoravit,
1528 3347 1602 3421 [pag.
1637 3350 1689 3420 69]
1720 3343 1839 3427 quibus
1868 3351 2006 3428 possunt
2032 3343 2164 3428 probris

148 3429 211 3494 bus
233 3429 373 3496 flabellis
396 3428 545 3496 videmus
572 3431 732 3497 exeitari?
777 3430 976 3515 Quanquam
1004 3432 1128 3515 episoo·
1180 3431 1339 3508 laoerant,
1368 3449 1429 3495 nos
1458 3427 1694 3495 dissimulando
1721 3430 1756 3495 id
1785 3431 1870 3513 pati:
1898 3429 2056 3514 perfidiae
2083 3450 2165 3496 vero

147 3514 248 3598 pulus
286 3515 326 3580 de
359 3516 559 3581 sanctissimi
591 3517 688 3581 Pauli
721 3524 755 3582 et
786 3525 919 3601 patrum
953 3518 1128 3584 elementia
1181 3518 1281 3583 nimis
1299 3514 1492 3599 flagitiosae,
1512 3513 1592 3580 dum
1610 3515 1849 3580 aeternamDei
1867 3517 2051 3594 veritatem,
2069 3515 2165 3580 ouius

147 3601 323 3683 magnifiee
345 3603 565 3666 oonoionatur.
610 3602 785 3669 Praedieat
802 3605 889 3668 enim
911 3604 1054 3669 Paulum
1076 3604 1128 3671 sui
1180 3603 1326 3670 defensio
1358 3600 1452 3665 nobis
1487 3607 1660 3684 tantopere
1692 3601 1956 3682 sommendatur,
1988 3601 2164 3682 infamant,

149 3686 306 3762 oblitum,
334 3687 440 3751 nostri
467 3708 662 3767 memorem,
690 3687 774 3752 nihil
801 3690 865 3754 nisi
889 3689 1071 3755 humanum
1094 3697 1129 3754 et
1181 3710 1242 3754 nos
1270 3684 1406 3754 taeendo
1434 3686 1528 3752 velut
1556 3707 1630 3751 eam
1657 3687 1805 3770 prodere.
1852 3687 1921 3753 Sed
1947 3689 2012 3752 iam
2039 3687 2082 3752 ad
2111 3709 2164 3752 se-

147 3779 325 3858 paternum
346 3772 509 3837 meditari.
544 3773 654 3856 Atque
676 3773 739 3839 hoo
760 3773 892 3856 quidem
914 3775 1128 3857 sperabimus,
1180 3773 1308 3841 eundae
1330 3771 1483 3837 sessionis
1502 3771 1680 3852 deoretum
1703 3779 1862 3857 tanquam
1884 3773 1926 3838 ad
1948 3773 2095 3858 primum
2115 3773 2166 3838 fa·

148 3857 230 3924 adeo
248 3866 459 3924 mansuetum
480 3879 552 3924 esse
570 3858 669 3923 Pauli
691 3859 849 3938 animum,
868 3860 924 3926 ubi
946 3861 1056 3943 ipsum
1077 3861 1129 3926 sui
1183 3858 1281 3924 bulae
1303 3864 1412 3924 aetum
1432 3857 1613 3924 veniamus.
1629 3857 1654 3940 ¹)

148 3945 287 4011 oblitum
319 3965 391 4011 esse
431 3947 630 4028 apparuerit
680 3944 793 4011 Fuous
825 3953 938 4012 tamen
975 3946 1038 4011 iste
1071 3946 1131 4011 ali-

147 4202 409 4270 DEGRETUM
435 4199 745 4270 PUBLIOATUM
772 4202 823 4268 IN
857 4200 1078 4270 sueUNDA
1105 4198 1332 4268 SESSIONE
1356 4197 1496 4264 SAORI
1520 4197 1730 4266 OONOILII
1753 4200 2047 4282 TRIDENTINI,
2081 4200 2166 4269 Dm

867 4305 946 4372 VII.
975 4305 1228 4373 IANNUARII
1254 4301 1457 4370 MDXLV'I.

238 4457 444 4524 Soerosonoto
465 4459 654 4524 Tridentino
673 4458 825 4542 Synodus,
843 4461 879 4525 in
892 4458 1132 4542 δρινίιιιεαιιοιο
1182 4461 1354 4537 ιιιιιιιιιιιιιι,
1381 4458 1438 4540 qni
1470 4457 1513 4522 iia
1535 4457 1591 4540 qni
1606 4457 1767 4538 postulant
1795 4480 1816 4523 o
1843 4479 1877 4524 ee
1898 4460 2089 4540 sapientiam
2112 4460 2168 4526 dol

149 4544 284 4628 iepitime
312 4550 510 4630 eonpreqata,
539 4547 576 4610 in
601 4567 639 4612 eo
661 4544 918 4614 Praesidnztibne
939 4548 1054 4614 endem
1076 4547 1133 4612 tri·
1185 4545 1325 4613 omnibns
1347 4544 1521 4626 affluenter,
1542 4548 1570 4607 et
1591 4548 1665 4622 [pag.
1686 4549 1739 4623 ιο]
1762 4565 1825 4609 non
1846 4545 2040 4628 improperat
2060 4547 2167 4627 ciaet

149 4629 208 4694 bne
238 4629 437 4711 Apostoiieoe
466 4631 560 4697 Sedis
588 4632 733 4716 Lapatia
766 4654 937 4718 opnoacene
958 4655 1029 4701 enm
1049 4633 1133 4699 boote
1185 4631 1281 4700 simui
1303 4631 1413 4710 sciona,
1435 4629 1516 4710 qnod
1533 4629 1663 4693 initiam
1683 4631 1877 4712 sapientiae,
1899 4632 1994 4697 timor
2015 4631 2168 4698 Domini:

150 4714 263 4781 Iaeobo
285 4715 445 4797 Apostolo,
468 4719 549 4799 qnod
572 4739 663 4784 ornne
683 4717 793 4784 ddum
815 4722 974 4802 optimum,
996 4726 1025 4785 et
1046 4739 1134 4785 omne
1186 4718 1295 4784 statuit
1317 4721 1344 4781 et
1365 4716 1496 4781 deerat
1516 4735 1621 4780 omnes
1642 4720 1670 4779 et
1692 4717 1833 4800 sinendos
1857 4716 1976 4783 Christi
1996 4717 2112 4800 fideles
2133 4718 2168 4782 in

148 4802 267 4867 donam
287 4801 466 4882 perfeetum
491 4803 665 4871 desursum
692 4811 752 4886 eet,
780 4807 966 4873 dacardnar
993 4828 1014 4871 a
1038 4804 1135 4871 Patre
1186 4802 1507 4869 deauracionem
1524 4805 1728 4885 oonpreqatoa
1753 4801 1964 4869 antenoridae
1982 4825 2058 4886 esse,
2071 4806 2167 4889 presel

1187 4887 1381 4956 eximamur:
1408 4892 1443 4953 nt
1469 4907 1502 4952 ae
1529 4908 1552 4951 o
1577 4888 1673 4953 malis
1700 4893 1729 4953 et
1750 4891 1891 4972 peccatis
1919 4889 2068 4959 dadanus
2088 4909 2167 4960 σοικ-

220 5093 249 5160 l)
267 5089 458 5162 Voylaqu'ont
474 5090 574 5161 profitt
589 5093 632 5148 las
650 5095 736 5152 balles
754 5097 944 5151 exhortatione
962 5094 1125 5165 dashegatz

149 5179 253 5218 eomme
271 5161 394 5218 louables
412 5177 563 5231 personnes
581 5177 615 5217 aa
634 5161 694 5218 leur
711 5166 862 5221 assemblee
881 5167 933 5231 (l),
1132 5164 1137 5174 '
1256 5163 1285 5232 1)
1304 5163 1422 5234 laquelle
1440 5166 1483 5217 est
1501 5175 1602 5216 comma
1621 5176 1673 5216 una
1693 5164 1786 5217 entreo
1805 5162 1838 5217 de
1857 5164 1917 5218 leur
1933 5163 2017 5220 farae.
