4620 5894
142 246 169 308 s
957 206 1096 314 ¹cuii
1117 246 1367 315 inmuose.

147 434 282 518 pium,
313 433 403 519 quod
425 436 535 518 posui,
573 435 696 501 seilicet
722 435 879 500 meritum
908 457 978 501 esse
1006 437 1160 502 effectum

148 521 342 603 manaae
363 521 459 586 sieri
482 520 618 599 abies,
641 520 808 586 assisini
831 522 919 587 aiii
941 522 1065 589 netum
1088 524 1159 587 ii·
1526 489 1793 557 ARTIOULUS
1814 492 1878 557 111-

150 608 312 758 pectini:
337 606 425 691 quod
442 608 551 691 gratia
568 608 690 673 sanctis
712 615 762 673 est
780 628 875 673 omne
893 610 1059 673 meritum.
1097 606 1158 674 So·

166 715 197 758 u

196 701 250 758 tio
273 700 337 771 est,
360 694 589 778 Augustinum
606 694 785 759 nescivisse
808 694 887 777 quid
909 695 1060 778 magistri
1083 716 1158 760 nos-

152 779 206 843 tri
230 800 340 863 super
361 779 423 845 hoc
445 778 626 845 resolutive
649 779 768 846 dicturi
789 787 907 846 essent.

554 983 779 1040 ANTIDOTUM.

254 1121 373 1202 Quum
401 1141 498 1186 omne
525 1122 722 1204 figmentum
748 1122 886 1187 humani
914 1121 1020 1187 cordis
1043 1123 1083 1187 ab
1105 1122 1156 1187 in·

155 1208 275 1274 santia
297 1206 422 1272 malum
450 1227 522 1271 esse
545 1208 740 1289 pronunciet
756 1207 822 1272 Dei
849 1207 983 1289 spiritns
1007 1209 1106 1291 (Gen.
1128 1215 1156 1290 6,

159 1299 241 1358 bet
259 1296 293 1371 8,
317 1296 376 1369 21;
405 1292 461 1357 Ps.
484 1297 533 1371 14,
554 1295 591 1369 33
622 1294 718 1357 Rom.
738 1296 767 1371 3,
789 1293 860 1376 10);
902 1314 1003 1374 quum
1028 1293 1157 1361 nullum

157 1400 238 1445 esse
256 1380 395 1456 iustum,
412 1377 543 1442 nullum
563 1378 812 1463 intelligentem,
826 1378 957 1442 nullum
975 1380 1029 1462 qui
1047 1381 1158 1447 Deum

160 1466 342 1548 exquirat,
368 1483 483 1529 omnes
511 1484 589 1529 vero
617 1485 690 1528 esse
711 1465 862 1544 inutiles,
886 1472 1073 1547 corruptos,
1099 1491 1156 1534 va-

161 1571 249 1616 oues
284 1551 403 1616 timore
436 1548 519 1628 Dei,
552 1549 666 1633 plenos
692 1549 823 1629 fraude,
859 1551 1090 1630 amarulentis,
1126 1563 1159 1619 et

161 1638 260 1702 omni
285 1636 450 1719 nequitiae
472 1656 602 1718 genere,
626 1635 799 1701 destitutos
821 1636 924 1720 gloria
945 1636 1010 1702 Dei
1032 1640 1156 1704 tradat:

162 1744 272 1806 quum
299 1741 431 1788 omnem
460 1742 592 1786 sensum
618 1724 726 1787 carnis
758 1723 966 1788 inimicitiam
995 1745 1066 1789 esse
1101 1726 1157 1791 ad·

162 1829 289 1874 versus
311 1809 420 1873 Deum
442 1806 577 1872 elamet:
600 1829 661 1874 nee
683 1806 860 1890 quidquam
879 1809 972 1874 nobis
990 1810 1089 1876 iaciat
1106 1833 1158 1876 re-

161 1892 308 1977 liquum,
330 1914 374 1958 ne
396 1892 438 1957 ad
460 1892 544 1958 bene
566 1894 775 1977 cogitandum
791 1895 924 1976 quidem
943 1895 1053 1979 (Rom.
1074 1901 1103 1975 8,
1124 1902 1158 1978 6,

165 1984 186 2045 2
207 1981 287 2047 Cor.
308 1985 338 2060 3,
359 1982 407 2061 5):
443 2000 505 2044 nos
533 2002 609 2045 cum
636 1981 824 2063 Augustino
838 1982 862 2060 ¹)
890 1983 1156 2065 pronunciamus,

165 2068 343 2134 hominem
363 2065 468 2130 libero
491 2065 626 2130 arbitrio
648 2066 735 2131 male
756 2088 867 2144 usum,
896 2075 929 2130 et
951 2087 1000 2144 se,
1020 2076 1054 2132 et
1075 2069 1156 2134 illud

165 2152 364 2239 perdidisse.
408 2151 506 2230 Item,
517 2153 544 2232 ²)
574 2152 661 2217 victa
683 2153 765 2216 vitio
792 2153 826 2216 in
856 2152 944 2234 quod
965 2152 1081 2218 cecidit
1100 2177 1157 2221 ro-

165 2242 314 2316 luntate,
355 2256 467 2303 carere
504 2237 654 2303 libertate
694 2246 858 2303 naturam.
917 2239 1013 2317 Item,
1023 2241 1051 2323 8)
1091 2263 1157 2305 non

165 2347 238 2393 esse
260 2326 400 2390 liberam
423 2323 639 2403 voluntatem,
662 2344 745 2406 quae
768 2322 1000 2406 cupiditatibus
1023 2327 1157 2391 vincen-

167 2413 257 2477 tibus
294 2433 334 2477 ae
357 2407 581 2474 vincientibus
605 2409 738 2475 subdita
765 2411 816 2473 sit.
867 2411 954 2476 Item
976 2432 1052 2476 cum
1075 2413 1157 2477 Am·

166 2499 289 2571 brasio,
298 2498 329 2581 ⁴)
358 2517 427 2560 non
449 2516 521 2560 esse
542 2495 577 2560 in
599 2502 760 2579 potestate
782 2503 897 2561 nostra
919 2517 974 2562 cor
995 2505 1155 2575 nostrum,

167 2606 226 2651 nec
248 2583 468 2667 cogitationes
485 2588 624 2647 nostras.
659 2579 820 2646 Similiter
838 2603 940 2665 quum
961 2603 1043 2664 opus
1061 2606 1157 2648 suum

1515 615 1582 697 De
1614 616 1886 726 poenitentia.

1299 780 1365 846 Nec
1386 781 1492 845 niinns
1510 787 1624 844 certnni
1647 788 1692 846 est
1712 783 1832 846 aencis
1849 787 1876 847 et
1891 784 2012 848 ratione
2027 783 2191 866 camdus,

1205 871 1278 948 post
1290 870 1453 947 peccatam
1470 866 1598 931 menan
1615 868 1790 932 odiiiissnnc
1807 870 2019 933 necessariam
2039 890 2105 935 ease
2119 891 2192 952 pce
2299 885 2308 897 ·

1210 952 1392 1016 ndenticin:
1424 972 1504 1032 quoe
1536 951 1571 1015 in
1601 954 1780 1017 contritione
1813 959 1842 1018 et
1867 955 2056 1035 confessione
2084 976 2192 1022 sacra·

1209 1037 1338 1101 maioli
1357 1037 1504 1101 vocaliter
1525 1039 1676 1103 sacedoti
1697 1038 1860 1119 fouendo,
1883 1040 2029 1105 similiter
2052 1047 2079 1106 et
2099 1042 2193 1109 sotia-

1208 1123 1343 1203 factione
1365 1124 1511 1188 consistit.

1296 1293 1490 1359 Notandum
1518 1302 1569 1359 est
1591 1295 1677 1378 quod
1697 1295 1886 1361 Iiutherani
1913 1317 1981 1361 non
2009 1297 2192 1381 loquuntur

1210 1379 1436 1444 doctrinaliter
1458 1377 1497 1444 de
1514 1382 1725 1463 poenitentia,
1749 1381 1879 1464 quando
1902 1382 2016 1448 dieunt
2039 1382 2125 1466 quod
2147 1384 2192 1449 sit

1211 1466 1381 1531 conversio
1400 1465 1441 1530 ad
1459 1464 1579 1544 Deum,
1605 1487 1687 1549 quac
1704 1478 1856 1532 nascatur
1874 1490 1915 1533 ex
1933 1468 2005 1533 odio
2024 1477 2057 1533 et
2076 1469 2190 1553 displi-

1211 1552 1319 1616 centia
1330 1551 1458 1633 peccati
1471 1559 1505 1616 ot
1517 1574 1626 1618 amoro
1637 1553 1793 1618 iustitiae.
1816 1554 1911 1632 Item,
1927 1554 2013 1637 quod
2025 1555 2122 1620 homo
2134 1555 2190 1621 de·

1212 1635 1267 1701 bet
1278 1639 1443 1721 abnegare
1454 1641 1622 1720 propriam
1635 1638 1850 1717 voluntatem,
1863 1648 1901 1702 ut
1912 1662 1931 1703 a
1942 1639 2014 1704 Deo
2025 1640 2200 1724 guberne,

1210 1730 1274 1786 tur.
1298 1724 1394 1802 Item,
1407 1724 1492 1807 quod
1504 1723 1601 1788 debet
1610 1725 1779 1790 humiliari
1792 1725 1964 1790 sentiendo
1982 1725 2068 1790 irem
2079 1725 2146 1790 Dei
2156 1733 2191 1791 et

1211 1807 1365 1873 horrores
1389 1811 1513 1875 mortis.
1548 1810 1635 1874 Nam
1652 1812 1774 1876 sufficit
1797 1812 1949 1876 contritio
1967 1833 2026 1894 pro
2047 1813 2190 1893 peccatis

1210 1895 1420 1959 mortalibus:
1443 1897 1489 1960 ita
1510 1903 1546 1959 ut
1563 1897 1630 1961 sint
1646 1917 1705 1979 pro
1724 1897 1863 1979 singulis
1881 1898 2021 1980 peccatis
2040 1897 2191 1980 singulae

1210 1980 1425 2045 contritiones
1437 1981 1479 2046 ad
1491 2003 1691 2048 mensuram.
1716 1980 1886 2062 Quantum
1905 1982 2191 2065 rerepentinotad

1210 2066 1461 2131 confessionem:
1490 2067 1674 2132 notandum
1701 2075 1765 2146 est,
1796 2069 1883 2150 quod
1913 2070 2051 2133 materia
2079 2070 2123 2133 sit
2150 2068 2191 2133 de

1209 2152 1280 2216 iuro
1310 2151 1439 2216 divino:
1467 2154 1572 2218 forma
1594 2160 1705 2218 autem
1727 2151 1767 2218 de
1790 2155 1862 2218 iure
1884 2155 2040 2237 positivo:
2068 2155 2190 2236 inquo

1209 2259 1275 2302 non
1298 2245 1428 2302 tantum
1446 2238 1633 2304 Lutherani
1652 2245 1773 2318 errant,
1797 2240 1856 2304 sed
1873 2242 1974 2305 ctiam
1991 2241 2189 2319 canonistae,

1210 2323 1264 2405 qui
1292 2331 1407 2389 tenent
1433 2324 1540 2408 legem
1568 2323 1609 2390 de
1634 2325 1837 2391 confessione
1865 2347 1935 2391 esse
1960 2346 2051 2391 mere
2076 2325 2190 2408 positi-

1209 2430 1294 2474 vam.
1331 2410 1497 2476 Probatur
1519 2419 1630 2476 autem
1647 2412 1702 2489 sic,
1726 2410 1813 2494 quod
1833 2413 1974 2476 materia
1991 2413 2035 2475 sit
2055 2410 2095 2474 de
2117 2412 2191 2476 iuro

1211 2493 1337 2562 divino:
1367 2496 1444 2579 quia
1471 2495 1548 2560 dicit
1569 2497 1721 2575 Iacobus,
1745 2496 1956 2561 Confitemini
1984 2496 2189 2561 alterutrum.

1209 2580 1303 2645 Haec
1331 2590 1381 2646 est
1415 2581 1507 2646 rudis
1536 2584 1688 2646 materia:
1723 2583 1800 2663 quia
1829 2583 1894 2647 nisi
1924 2584 1964 2646 ab
1994 2590 2091 2646 extra
2122 2582 2190 2646 for·

170 2691 241 2736 esse
264 2675 409 2734 testetur
430 2667 534 2746 Deus,
557 2668 715 2733 innovare
736 2689 804 2745 eor,
835 2690 876 2732 eii
899 2667 1028 2750 lapideo
1050 2670 1156 2734 facere
1209 2673 1372 2745 meretur,
1403 2677 1594 2748 sequeretur
1616 2666 1701 2749 quod
1729 2665 1913 2733 sacerdotes
1935 2667 2094 2732 deberent
2115 2686 2192 2731 con·

168 2777 337 2830 carneum,
359 2752 540 2818 inscribere
561 2753 666 2836 legem
691 2774 784 2818 suam
807 2752 972 2832 cordibus,
997 2764 1030 2817 ct
1051 2755 1156 2821 visce-
1181 2770 1184 2813 ι
1209 2753 1295 2816 fiteri
1313 2751 1419 2829 laicis,
1440 2753 1593 2833 quoniam
1613 2752 1810 2817 alterutrum
1829 2753 1994 2843 significet
2011 2753 2188 2835 reciproce:

168 2843 260 2907 ribus
282 2840 409 2906 nostris
430 2859 505 2905 cain
526 2839 727 2921 insculpere,
756 2840 863 2905 iacere
886 2847 925 2903 ut
946 2841 981 2903 in
1002 2861 1156 2923 praecep·
1209 2838 1263 2902 vel
1290 2838 1376 2920 quod
1402 2837 1478 2902 laici
1504 2859 1570 2902 non
1598 2848 1708 2903 essent
1727 2858 1862 2921 capaces
1885 2838 1927 2903 ad
1955 2836 2190 2917 confitendum,

168 2928 209 2993 tis
233 2927 306 2993 suis
333 2923 555 3003 ambulemus,
585 2924 663 2989 dare
691 2932 724 2989 et
750 2925 870 2989 bonam
897 2925 1100 2991 voluntatem
1124 2932 1157 2991 et
1209 2924 1374 3005 quianon
1402 2931 1537 3006 possent
1559 2924 1673 2988 audire
1700 2923 1841 2989 aliorum
1868 2925 2103 2990 confessiones:
2132 2922 2191 2989 sed

168 3015 278 3099 operis
300 3012 465 3090 effectum,
488 3031 608 3093 ponere
631 3010 666 3074 in
688 3010 839 3076 cordibus
859 3011 982 3076 nostris
1004 3012 1156 3076 timorem
1208 3009 1314 3073 forma
1353 3007 1564 3092 superaddita
1597 3011 1660 3075 fuit
1698 3030 1757 3091 per
1790 3009 2024 3076 Innocentium
2058 3029 2188 3092 papam,

167 3099 313 3165 nominis
335 3096 403 3175 sui,
426 3117 469 3160 ne
491 3117 637 3178 unquam
660 3118 680 3160 a
702 3117 737 3160 se
765 3095 971 3175 recedamus,
1000 3099 1156 3181 perficere
1208 3094 1295 3177 quod
1316 3094 1378 3160 hoc
1397 3094 1530 3162 deberet
1554 3096 1630 3161 fieri
1656 3097 1788 3177 proprio
1809 3095 1978 3161 sacerdoti.
2024 3095 2117 3160 Haec
2140 3102 2190 3159 est

169 3185 308 3269 denique
339 3203 423 3266 opus
450 3182 572 3247 bonum
601 3181 688 3264 quod
715 3182 838 3264 incepit
858 3184 893 3247 in
912 3184 1021 3263 nohis,
1052 3205 1155 3267 usque
1207 3181 1407 3265 magistralis
1441 3181 1606 3247 distinctio
1633 3183 1735 3246 totius
1765 3180 1905 3245 scholae.
1950 3179 2049 3262 Quod
2078 3186 2189 3244 autom

168 3272 201 3337 iii
221 3271 314 3336 diem
343 3267 472 3335 Christi
499 3267 603 3352 (Psal.
629 3272 756 3347 51,12;
779 3268 836 3333 En.
862 3272 912 3346 36,
936 3272 976 3332 26
983 3294 991 3349 ,
1014 3270 1077 3334 Icr.
1103 3274 1153 3348 31,
1207 3274 1358 3349 oporteat
1385 3268 1572 3333 satisfacere
1599 3268 1686 3346 Deo,
1714 3267 1872 3348 probatur
1900 3267 1962 3330 sio:
1991 3263 2079 3345 Quia
2108 3264 2189 3332 alias

169 3361 222 3438 33,
245 3354 338 3423 Phil.
362 3359 394 3433 2,
415 3358 469 3435 13,
491 3353 555 3418 Ier.
576 3357 626 3432 32,
647 3357 702 3433 39,
719 3355 777 3418 Ea.
801 3359 848 3433 11,
871 3359 926 3434 19,
947 3355 1034 3420 Phil.
1056 3356 1154 3437 1,6);
1206 3353 1291 3417 nihil
1318 3360 1405 3419 e'sset
1426 3353 1512 3436 quod
1542 3353 1661 3418 dicitur
1683 3351 1723 3417 de
1752 3353 1905 3435 operibus
1928 3350 2188 3434 supererogatio·

168 3443 400 3511 constituimus
427 3442 549 3505 iterum
576 3436 655 3506 cum'
679 3441 867 3524 Augustino
894 3442 948 3524 agi
975 3441 1061 3506 filios
1088 3443 1154 3506 Dei
1206 3440 1266 3506 nis.
1311 3438 1442 3503 Deinde
1463 3439 1582 3504 falsum
1605 3448 1692 3504 esset
1713 3435 1800 3520 quod
1822 3445 1912 3502 tenet
1934 3436 2054 3517 schola,
2078 3435 2119 3501 de
2136 3457 2188 3501 re-

168 3531 234 3597 cius
263 3527 401 3613 spiritu,
431 3533 470 3590 ut
497 3525 584 3610 quod
609 3526 775 3609 agendum
803 3532 854 3591 est
876 3528 1024 3609 agente)
1067 3527 1154 3591 Item
1205 3525 1361 3590 missione
1383 3526 1498 3609 eulpae
1528 3538 1561 3589 et
1589 3525 1772 3588 retentione
1800 3544 1931 3607 poenae.
1977 3524 2022 3588 Et
2057 3523 2106 3587 ita
2127 3522 2188 3586 ha·

168 3616 253 3681 trahi
275 3616 320 3681 ab
338 3634 388 3692 eo,
410 3620 448 3677 nt
468 3612 619 3677 volentes
637 3633 679 3676 ex
697 3612 885 3677 nolentibus
905 3612 1040 3695 fiant:⁶)
1062 3612 1152 3692 item,
1177 3568 1181 3711 1
1206 3609 1323 3674 borant
1344 3611 1530 3676 Lutherani
1558 3610 1645 3693 quod
1673 3610 1807 3688 volunt,
1835 3631 1895 3674 nos
1917 3609 2001 3673 nihil
2024 3628 2120 3691 posse
2139 3610 2188 3672 fa·

168 3712 237 3786 post
260 3720 379 3768 (casum
407 3699 551 3764 hominis
578 3719 644 3762 non
671 3699 735 3763 nisi
762 3697 804 3762 ad
826 3698 891 3763 Dei
918 3699 1060 3782 gratiam
1079 3720 1154 3782 per·
1177 3714 1181 3777 Ι
1206 3716 1281 3761 cere
1305 3695 1392 3778 quod
1413 3719 1480 3761 non
1509 3695 1685 3762 debeamus
1707 3695 1790 3760 Deo.
1835 3696 1936 3773 Item,
1959 3694 2032 3759 Deo
2051 3715 2111 3759 nos
2134 3714 2186 3757 re-

169 3790 281 3867 tinere,
305 3794 347 3851 ut
368 3784 469 3850 homo
492 3783 534 3849 ad
557 3803 632 3848 eum
656 3783 797 3863 accedat,
821 3806 882 3849 nee
904 3785 1069 3868 pertinere
1089 3785 1154 3849 nisi
1206 3782 1372 3847 conciliari
1399 3784 1516 3867 gratis,
1545 3804 1604 3865 pei·
1632 3781 1887 3847 satisfactionem
1910 3781 2044 3847 Christi.
2090 3779 2187 3844 Nun·

169 3872 205 3937 ed
227 3871 372 3939 eandem
395 3870 551 3955 gratiam,
574 3878 612 3934 ut
633 3870 674 3935 ab
697 3892 734 3936 eo
756 3891 823 3934 non
845 3869 984 3936 recedat.
997 3871 1025 3954 7)
1057 3871 1152 3949 Item,
1206 3889 1304 3951 quani
1326 3876 1438 3935 autom
1461 3868 1617 3934 debemus
1640 3868 1701 3933 hoe
1722 3867 1789 3931 illis
1811 3866 1997 3945 concedere,
2021 3867 2097 3948 quia
2118 3871 2187 3929 tra·

169 3980 223 4025 nos
245 3959 378 4025 nescire
408 3954 487 4039 quid
514 3956 550 4020 in
577 3956 750 4022 voluntate
772 3962 885 4022 nostra
911 3957 987 4022 boni
1008 3957 1154 4022 inveniri
1205 3955 1257 4019 hit
1279 3955 1378 4019 nimis
1406 3955 1540 4038 longam
1560 3953 1714 4032 caudam,
1738 3954 1823 4019 sicut
1844 3953 1931 4017 infra
1952 3951 2126 4027 videbitur,
2151 3949 2186 4013 iii

170 4047 266 4128 possit
289 4041 380 4128 quod
401 4043 446 4108 sit
472 4041 668 4125 nostrum.⁸)
712 4042 814 4121 Item,
842 4042 918 4124 quia
937 4040 1076 4106 liberum
1101 4065 1153 4108 ar·
1205 4048 1336 4105 tantuin
1358 4040 1443 4122 quod
1462 4061 1528 4105 nori
1550 4046 1637 4105 esset
1658 4038 1798 4121 amplius
1820 4039 2057 4122 purgatorium.
2074 4038 2099 4118 ¹)

171 4129 304 4196 bitrium
333 4129 433 4212 primi
460 4128 585 4211 peccati
612 4126 843 4211 magnitudine
864 4126 1083 4210 perdidimus,
1115 4136 1153 4193 ut

172 4216 203 4280 iii
228 4218 342 4283 Deum
370 4213 544 4280 eradamus
573 4223 607 4278 et
630 4215 683 4296 pie
710 4215 877 4280 vivamus:
906 4235 971 4278 non
1001 4234 1072 4279 esse
1094 4235 1152 4279 vo·
1582 4191 1806 4247 ANTIDOTUM·
2060 4291 2066 4305 ·
2130 4289 2167 4304 ..

173 4300 280 4381 hirtis,
309 4322 416 4385 neque
438 4301 619 4379 currentis,
647 4320 714 4364 non
736 4300 813 4382 quia
837 4321 904 4363 nen
925 4299 1014 4363 velle
1035 4299 1152 4365 dcbea-
1289 4299 1532 4364 Poenitentiam
1553 4297 1674 4381 ubique
1696 4295 1836 4377 requirit
1857 4317 1877 4357 a
1894 4293 1987 4357 nobis
2004 4292 2070 4355 Dei
2088 4310 2185 4372 spiri-

175 4406 240 4454 iiiiis
266 4397 301 4454 et
323 4407 471 4466 currere,
502 4383 559 4451 sed
588 4387 664 4468 qnia
685 4386 778 4450 Deus
805 4392 983 4467 utrumque
1005 4385 1112 4450 efficit.
1123 4386 1150 4466 ⁹)
1204 4392 1258 4450 tus
1279 4385 1315 4448 in
1339 4385 1420 4468 legs,
1441 4385 1475 4448 iii
1498 4382 1677 4466 prophetis,
1696 4383 1730 4446 in
1750 4378 1934 4462 evangelio:
1964 4376 2062 4441 simul
2084 4376 2185 4440 etiam

176 4470 251 4539 Item
290 4495 366 4541 cum
404 4471 575 4557 Cypriane
611 4472 647 4535 in
688 4471 779 4536 nullo
819 4492 890 4536 esse
935 4470 1150 4554 gloriandum,
1373 4500 1388 4505 ··

181 4559 301 4640 mando
321 4559 406 4625 nihil
429 4563 580 4623 nostrum
601 4558 652 4622 sit.
668 4557 709 4641 ¹⁰)
1273 4555 1302 4621 1)

1204 4624 1308 4680 donnez
1337 4640 1400 4679 sans
1423 4639 1613 4691 recompensa,
1641 4636 1672 4674 ee

1204 4710 1257 4748 aux
1275 4694 1430 4762 meschans,
1458 4692 1598 4746 tellement
1616 4689 1693 4757 qu'ils
1711 4703 1745 4741 ne
1763 4687 1888 4756 ieroyent
1906 4702 1957 4754 que
1981 4685 2008 4738 la
2026 4682 2098 4750 figue
2117 4680 2185 4734 d’ol·

1203 4763 1295 4818 tenser
1311 4761 1387 4815 Dieu.
1424 4761 1460 4815 (le
1484 4777 1535 4828 qne
1559 4760 1600 4813 les
1618 4757 1779 4811 Lutheiiens
1797 4755 1897 4823 disent,
1922 4769 1973 4823 que
1996 4753 2023 4806 la
2040 4751 2183 4831 penitence

1204 4831 1282 4900 qu'ils
1301 4831 1470 4898 enseiguent,
1490 4835 1612 4895 emporte
1631 4828 1771 4892 beaucoup
1789 4825 1852 4893 plus
1870 4839 1922 4892 que
1940 4823 1981 4876 les
2000 4819 2183 4898 satisfactione

1204 4901 1270 4954 dont
1287 4915 1356 4953 nous
1374 4915 1465 4966 usons,
1484 4898 1529 4964 qui
1545 4912 1580 4948 ne
1618 4897 1686 4949 'sent
1703 4892 1782 4962 qu’en
1803 4896 1996 4962 patre-nostre,
2016 4904 2050 4941 en
2066 4902 2183 4953 ieusnes,

1203 4975 1232 5021 et
1249 4974 1340 5022 autres
1365 4968 1461 5021 choses
1485 4965 1660 5018 semblabes:
1684 4964 1708 5016 ie
1732 4962 1833 5029 dique
1856 4960 1922 5014 c'est
1946 4974 1998 5012 une
2016 4957 2100 5010 chose
2118 4954 2183 5034 dari·

1203 5052 1315 5106 gerense
1341 5035 1373 5090 de
1397 5035 1492 5089 laiseer
1516 5033 1574 5086 cela
1598 5034 1614 5087 1
1636 5033 1664 5085 la
1687 5031 1815 5085 devotion
1839 5029 1901 5082 d’un
1919 5027 2030 5081 chacun.
2064 5023 2101 5076 Et
2119 5021 2183 5091 qu'il

1203 5115 1245 5160 est
1263 5105 1373 5159 mestier
1391 5103 1424 5157 de
1442 5101 1591 5171 persuadet
1608 5115 1643 5154 au
1661 5099 1758 5154 monde
1776 5097 1908 5177 quelDieu
1921 5100 2037 5176 'accepte
2050 5108 2083 5147 en
2101 5106 2182 5160 paye·

1202 5183 1275 5230 ment
1292 5174 1372 5228 telles
1390 5173 1495 5241 choses,
1513 5176 1664 5225 euhement
1682 5185 1718 5223 eri
1735 5167 1795 5222 n’cn
1813 5165 1941 5220 tiendroit
1958 5168 2045 5218 conte.

1322 4554 1395 4609 Διά.
1414 4556 1516 4609 anae.-
1539 4553 1705 4607 D‘avantae
1736 4553 1759 4605 si
1783 4551 1823 4603 les
1847 4549 1950 4617 pecher
1975 4553 2100 4616 estoyent
2122 4560 2184 4613 par·

1673 4570 1701 4673 ia
1724 4619 1808 4674 seroit
1833 4634 1904 4685 pour
1927 4617 2035 4671 lascher
2058 4615 2086 4667 la
2109 4612 2184 4667 bride

184 4721 370 4733 ——-.-—---

242 4832 269 4896 1)
287 4832 357 4888 Libr.
374 4833 400 4888 3,
419 4832 455 4887 ad
473 4830 594 4886 Boniiae.
687 4829 717 4895 2)
735 4830 776 4884 De
795 4830 907 4899 perfect.
926 4831 1064 4884 iustorum.

244 4897 384 4963 3111οωί1.
401 4903 431 4955 iii
448 4900 543 4955 Ioann.
560 4898 602 4954 53.
709 4897 740 4964 4)
759 4899 800 4953 De
819 4899 884 4967 fuga
902 4899 1011 4953 saeculi.

244 4965 270 5033 5)
286 4968 324 5024 De
341 4977 462 5039 corrept.
481 4976 510 5023 et
526 4971 612 5038 gratia
630 4985 652 5023 c.
670 4969 695 5023 2.
741 4965 770 5035 6)
791 4968 862 5022 Libr.
883 4966 906 5022 1.
925 4967 959 5021 ad
978 4965 1151 5022 Bonifac.19.

246 5035 274 5171 11
285 5035 692 5227 Dliibrioil.⁰d1deprisecdatlmeritis
711 5112 739 5160 et
755 5106 859 5185 remiss.
878 5120 936 5172 cap.
954 5101 995 5157 is.
1095 5173 1101 5187 .

248 5169 274 5239 9)
288 5172 369 5245 Epist.
382 5173 437 5230 101
453 5178 465 5240 (
485 5172 531 5242 11)
542 5174 576 5229 ad
587 5175 669 5231 vitai.
722 5172 769 5241 10)
787 5172 836 5228 cii.
849 5188 931 5242 saepe
943 5173 976 5227 ab
986 5171 1148 5241 Augustino.
