4620 5894
199 271 245 335 ιι
1028 264 1095 332 ιι
1117 263 1391 334 solanum.
2138 350 2144 363 ,
2180 270 2220 333 ιι

203 459 371 528 Christus.
406 457 542 542 Abripit
565 464 598 523 ιι
620 476 701 523 eura
721 455 811 523 ritae
828 454 1020 539 praesentis.
1053 453 1190 536 Nempe,
1242 453 1304 519 ιιι
1325 454 1482 519 refertam
1504 474 1576 519 esse
1598 453 1702 531 docet,
1730 453 1792 520 hoc
1813 460 1922 518 totum
1942 473 2060 521 verum
2082 462 2221 523 rectum·

204 547 283 632 quia
303 547 437 611 futurae
458 542 592 609 nullum
612 549 751 626 gustum
761 540 874 607 habes.
907 539 1190 607 Uritteavaritia.
1243 559 1308 622 que
1329 544 1403 619 [pag.
1423 545 1478 619 aa]
1501 560 1572 605 esse
1594 548 1756 605 annuunt.
1790 539 1907 622 Itaque
1924 540 2101 606 militantis
2122 540 2221 608 ecele-

205 632 346 715 Nempe,
367 631 445 715 quia
466 628 617 694 nondum
628 635 722 694 tenes
744 648 828 709 quae
843 628 910 691 sint
926 645 1025 691 verae
1047 624 1189 690 divitiae.
1245 626 1314 691 siae
1339 645 1459 690 nomen
1480 626 1527 692 sic
1547 625 1649 709 vulgo
1670 626 1788 690 tritum
1811 636 1876 704 est,
1907 634 1945 690 ut
1966 626 2066 691 etiam
2087 628 2124 692 in
2144 647 2221 711 pue·

207 718 257 784 Te
275 716 411 783 ambitio
425 715 570 780 inebriat
577 737 585 793 3
603 714 680 798 quia
696 712 821 779 seilicet
830 710 978 777 nondum
996 709 1139 776 didicisti
1155 711 1193 775 in
1244 731 1357 776 rorum
1379 732 1436 776 ore
1457 719 1598 776 resonet.
1643 711 1711 777 Ubi
1732 709 1773 775 ad
1797 732 1868 776 rem
1886 718 2025 776 ventum
2047 720 2110 791 est,
2131 712 2221 797 qumi

207 802 345 869 domino
366 800 509 887 gloriari.
555 800 603 864 Te
625 799 721 883 gula,
748 797 850 864 libido
871 815 1027 873 venerea,
1054 815 1192 879 pompae
1244 797 1390 862 omnium
1417 796 1524 875 obliti,
1559 818 1625 861 non
1652 817 1747 862 secus
1780 798 1960 881 imaginem
1986 796 2116 863 Christi
2137 798 2222 865 refu·

208 896 271 954 aut
292 889 375 954 aliae
396 907 504 953 vanae
532 883 766 951 oblectationes
794 883 960 961 alhciunt,
990 890 1028 946 ut
1055 880 1193 963 Deitui
1245 882 1357 967 giunt,
1386 890 1484 965 atque
1510 881 1697 947 inauditum
1719 881 1851 965 aliquod
1877 889 2102 965 portentum.¹
2162 886 2222 949 Δι

209 974 425 1041 obliviscaris.
470 971 544 1037 Hoc
572 969 647 1035 ideo
676 972 730 1048 fit,
757 969 845 1052 quod
867 969 1069 1033 suavitatem
1090 967 1192 1046 illam,
1245 968 1311 1052 qui,
1330 968 1360 1032 si
1378 967 1477 1033 detur
1493 967 1560 1034 illis
1578 967 1665 1051 quod
1683 977 1850 1051 appetunt,
1873 976 1911 1033 ιι
1931 988 2088 1053 prospere
2149 970 2223 1037 beat

209 1081 312 1144 quam
338 1058 500 1142 propheta
528 1055 724 1121 timentibus
751 1056 863 1121 Deum
889 1052 1093 1119 reconditam
1122 1074 1194 1118 esse
1244 1053 1351 1119 modis
1373 1054 1526 1119 omnibus
1543 1053 1688 1131 eeclesia,
1711 1063 1750 1117 ut
1771 1051 1887 1136 opibus
1897 1062 1932 1117 et
1940 1055 2089 1137 potentia
2099 1057 2222 1133 floreat,

209 1152 353 1212 testatur
387 1143 489 1227 (Psal.
515 1146 567 1220 31,
593 1144 668 1225 20),
702 1140 811 1207 adhuc
842 1140 984 1224 ignoras.
1040 1139 1194 1221 Denique
1245 1147 1286 1204 ut
1306 1159 1387 1222 pace
1416 1139 1742 1218 continuabuntur,
1771 1146 1810 1204 ιι
1837 1139 1976 1221 denique
2005 1140 2092 1206 nihil
2112 1140 2165 1207 illi
2184 1140 2222 1207 ad

209 1252 278 1296 non
304 1232 428 1295 mirum
455 1235 521 1307 est,
549 1246 673 1310 paucos
701 1227 845 1293 inveniri
872 1246 951 1291 vere
972 1224 1195 1290 Christianos:
1246 1225 1379 1291 beatum
1401 1235 1435 1290 ιι
1455 1225 1601 1289 maxime
1622 1224 1799 1308 optabilem
1821 1233 1945 1290 statum
1969 1224 2069 1292 desit:
2093 1247 2138 1293 ιι
2158 1248 2222 1293 ιιι

120 1352 126 1365 ·
208 1318 288 1401 quia
309 1315 407 1399 pauci
428 1321 507 1381 sunt
528 1313 585 1397 qui
607 1310 782 1378 didicerint
808 1312 893 1376 tanti
915 1331 986 1376 esse
1008 1309 1193 1389 Christum,
1245 1309 1304 1377 illa
1326 1311 1391 1375 erit
1412 1312 1535 1376 terreni
1556 1311 1687 1394 imperii
1708 1310 1829 1376 facies?
1862 1310 2008 1376 Proinde
2026 1310 2105 1378 alibi
2126 1333 2222 1397 quae·

209 1409 249 1468 nt
269 1402 398 1484 reliqua
419 1399 532 1465 omnia
553 1397 699 1463 habeant
727 1418 787 1480 pro
809 1396 1017 1463 stercoribus.
1062 1394 1194 1460 Exhor·
1245 1395 1387 1461 rendum
1409 1397 1473 1461 erit
1496 1396 1666 1479 spirituale
1686 1394 1813 1461 Christi
1840 1417 1990 1480 regnum.
2036 1398 2111 1464 Imo
2131 1419 2222 1483 pror·

210 1487 392 1554 tationibus
425 1485 504 1551 alibi
536 1484 628 1550 locus
660 1484 732 1549 erit
777 1482 844 1549 Hic
877 1482 918 1548 de
952 1480 1116 1548 scandalis
1146 1482 1195 1546 ita
1246 1503 1303 1547 sus
1325 1503 1346 1546 a
1366 1481 1472 1565 capite
1501 1502 1562 1547 suo
1590 1481 1695 1547 divisa
1723 1482 1793 1546 erit
1838 1482 1907 1547 Nos
1929 1503 2008 1549 vero
2033 1485 2222 1552 memineri-

208 1570 421 1639 tractandum
451 1582 515 1650 ιιι,
549 1579 588 1635 ιι
616 1576 774 1651 appareat
801 1569 855 1634 cui
888 1568 956 1634 sint
987 1568 1060 1632 iure
1086 1567 1194 1650 impu·
1244 1588 1328 1647 mus,
1351 1569 1398 1633 sic
1419 1567 1695 1652 contemptibilem
1714 1587 1787 1633 esse
1807 1578 1982 1632 externum
1999 1568 2158 1636 ecclesiae
2174 1592 2223 1636 as·

49 1728 52 1735 ,
81 1716 89 1729 ,
207 1659 320 1724 tanda
1246 1661 1387 1736 pectum,
1410 1664 1449 1718 ut
1470 1652 1567 1719 decor
1588 1655 1658 1718 eius
1678 1654 1768 1718 intus
1791 1652 1979 1737 splendeat:
2009 1656 2057 1721 sic
2079 1657 2116 1721 in
2137 1664 2223 1722 terra

298 1741 368 1810 Sed
389 1740 468 1826 quid
490 1741 530 1807 de
551 1740 691 1824 privatis
713 1739 872 1822 canusque
892 1738 1034 1804 miseriis
1056 1735 1195 1821 disputo,
1246 1739 1411 1817 fluctuari,
1433 1749 1473 1804 ut
1493 1741 1595 1805 fixam
1612 1738 1777 1804 habeatin
1800 1738 2026 1806 coelosedem:
2049 1742 2222 1809 siccorum

210 1851 313 1914 quum
340 1827 538 1894 universalis
563 1834 636 1905 [pag.
659 1830 713 1905 24]
743 1825 898 1891 eeclesiae
926 1823 1070 1890 conditio
1097 1823 1196 1908 longe
1246 1824 1372 1890 mundo
1394 1825 1538 1891 laceram
1559 1847 1598 1890 ιι
1620 1825 1788 1890 ruinosam
1807 1825 1930 1902 iacere,
1960 1836 1998 1890 ιι
2019 1846 2132 1892 coram
2154 1828 2223 1895 Deo

209 1918 368 1981 maiorem
386 1913 577 1979 offensionis
595 1912 767 1976 materiam
786 1911 823 1976 in
843 1932 879 1976 se
898 1909 1085 1976 contineat?
1118 1909 1195 1974 Pri·
1247 1919 1281 1974 et
1303 1911 1373 1976 eius
1396 1911 1522 1996 angelis
1549 1919 1615 1977 stet
1640 1912 1770 1994 integra
1800 1932 1837 1976 ac
1857 1911 1982 1994 vigeat:
2013 1913 2060 1979 sic
2091 1935 2164 1979 esse
2190 1915 2223 1979 in

210 2024 320 2079 mum,
347 2021 520 2082 nunquam
542 2020 582 2064 ea
609 1997 718 2079 specie
746 1997 848 2075 nitet,
876 1997 913 2060 in
934 2017 1000 2079 qua
1021 1994 1194 2060 hominum
1247 2017 1346 2061 carne
1374 1997 1545 2073 miseram,
1572 2012 1612 2060 ιι
1638 2017 1698 2060 ιιι
1728 1996 1776 2060 illi
1804 1996 2021 2063 nihilominus
2047 1999 2086 2063 in
2108 2001 2223 2082 spiritu

212 2107 329 2153 sensus
353 2085 420 2150 Dei
441 2105 584 2170 regnum
605 2092 794 2167 agnoscant.
840 2081 986 2160 Deinde,
1014 2079 1195 2163 siquando
1246 2083 1390 2165 reposita
1411 2083 1455 2148 sit
1475 2082 1623 2149 felicitas.
1667 2083 1740 2148 Hoc
1761 2082 1867 2162 modo,
1894 2104 1997 2165 quum
2018 2085 2055 2148 in
2076 2086 2223 2169 praesepi

212 2174 384 2256 contingat
424 2171 461 2234 in
500 2168 699 2235 mediocrem
737 2168 883 2250 aliquem
922 2174 1046 2233 statum
1085 2187 1194 2231 assur·
1247 2176 1455 2252 contemptus
1464 2168 1587 2234 iaceret
1597 2168 1761 2248 Christus,
1784 2168 1855 2234 eius
1866 2168 2097 2234 excellentiam
2117 2170 2223 2256 angeli

212 2278 305 2343 gere,
352 2276 431 2320 mox
479 2264 537 2320 aut
576 2262 795 2337 tyrannorum
840 2252 998 2319 violentia
1036 2251 1194 2334 opprimi·
1246 2255 1281 2319 in
1302 2253 1444 2319 nubibus
1466 2255 1637 2333 canebant,
1661 2255 1886 2319 testimonium
1902 2255 1973 2320 eius
1983 2255 2109 2339 gloriae
2131 2256 2223 2322 stella

211 2350 282 2421 tur,
309 2350 367 2407 aut
394 2348 511 2424 sponte
538 2337 695 2416 concidit,
725 2346 858 2402 utnon
884 2338 951 2402 nisi
972 2336 1014 2401 ad
1037 2338 1194 2421 exiguum
1246 2340 1283 2404 in
1312 2340 1401 2406 coelo
1433 2338 1607 2417 reddebat,
1642 2340 1732 2423 magi
1760 2341 1831 2405 eius
1858 2341 2019 2406 virtutem
2046 2362 2064 2405 e
2092 2342 2222 2426 regione

210 2437 343 2511 tempus
355 2426 460 2492 duret.
493 2425 717 2490 Hincfactum
740 2430 800 2500 est,
823 2432 861 2487 ιι
882 2422 1023 2489 saeculis
1040 2421 1194 2488 omnibus
1245 2425 1427 2510 longinqua
1458 2425 1653 2490 sentiebant.
1706 2424 1818 2506 Quum
1846 2426 1882 2489 in
1916 2424 2046 2491 deserto
2075 2429 2222 2505 esuriret,

211 2514 347 2598 superbi
374 2512 526 2577 homines
549 2529 664 2575 veram
685 2509 878 2592 religionem
901 2517 959 2574 aut
980 2508 1193 2591 despicerent,
1246 2520 1388 2578 certaret
1407 2531 1483 2575 cum
1493 2509 1638 2576 Satanae
1659 2511 1819 2588 ludibriis,
1842 2532 1944 2594 usque
1966 2511 2008 2578 ad
2030 2514 2222 2598 sanguinem

210 2599 387 2665 autetiam
409 2596 645 2663 contumeliose
662 2594 881 2660 traducerent.
919 2593 1073 2659 Videmus
1095 2614 1195 2676 quam
1246 2598 1395 2663 sudaret:
1418 2597 1529 2681 augeli
1551 2619 1667 2662 rursus
1688 2597 1737 2661 illi
1748 2598 1991 2663 ministrabant.
2026 2596 2144 2678 Quum
2160 2601 2222 2665 iam

210 2685 394 2751 insolenter
415 2682 541 2761 Cicero,
571 2681 648 2764 quia
667 2678 799 2746 Iudaeis
821 2701 875 2746 res
895 2687 991 2745 erant
1011 2680 1121 2745 minus
1142 2700 1194 2744 se·
1245 2682 1441 2750 vinciendus
1458 2690 1554 2760 esset,
1573 2683 1642 2748 sola
1653 2705 1732 2748 voce
1750 2682 1861 2748 hostes
1879 2691 1968 2748 retro
1986 2684 2151 2768 abigebat
2185 2685 2222 2751 lu

210 2770 355 2848 eundae,
385 2767 517 2834 divinae
545 2767 612 2851 legi
640 2766 788 2831 insultet
832 2767 889 2831 Ex
915 2765 979 2831 hoc
1006 2787 1073 2830 uno
1096 2766 1194 2831 aesti-
1246 2791 1342 2836 cruce
1363 2767 1564 2852 pendentem
1580 2768 1629 2833 sol
1650 2767 1779 2833 defectu
1800 2789 1859 2834 ιιι
1880 2768 1996 2834 mundi
2017 2790 2132 2854 regem
2156 2791 2222 2837 esse

210 2877 304 2922 mare
334 2876 450 2922 omnes
479 2853 566 2918 licet.
611 2852 663 2916 Ac
691 2872 734 2917 ne
762 2851 895 2936 longius
914 2851 1044 2930 abeam,
1059 2851 1085 2933 ¹)
1113 2851 1193 2934 quid
1246 2855 1445 2922 clamitabat
1477 2852 1640 2939 Sepulcra
1660 2860 1784 2938 aperta,
1806 2856 1923 2920 mortis
1944 2862 1979 2919 et
1999 2856 2089 2921 vitae
2111 2856 2223 2922 Domi-

210 2962 327 3008 causae
350 2950 410 3019 est,
429 2961 490 3007 cm·
511 2938 611 3005 hodie
633 2937 731 3003 multi
748 2958 769 3003 a
786 2938 915 3004 sincera
931 2936 1096 3020 evangelii
1116 2958 1193 3020 pro·
1245 2962 1328 3006 num
1367 2940 1618 3006 confitebantur.
1673 2940 1773 3005 Nune
1806 2941 1834 3005 si
1867 2940 2039 3005 Christum
2074 2941 2225 3009 videmus

208 3028 350 3094 sessione
379 3025 597 3100 abhorreant,
632 3023 698 3087 nisi
725 3021 814 3106 quod
845 3030 880 3088 ιι
906 3042 1028 3105 paucos
1055 3043 1193 3088 numero
1245 3028 1421 3110 impiorum
1444 3026 1651 3092 contumeliis
1673 3026 2078 3110 superbeinsuocorpore
2100 3029 2225 3108 vexari,

208 3135 269 3180 ιιι
287 3133 359 3178 esse
376 3110 501 3190 rident,
524 3120 559 3175 et
575 3109 734 3174 minimae
754 3109 950 3187 autoritatis,
973 3107 1096 3174 nullius
1114 3129 1193 3175 vero
1245 3133 1345 3179 saeva
1375 3111 1551 3196 tyrannide
1584 3113 1741 3196 opprimi,
1775 3113 1888 3177 sannis
1922 3133 1993 3178 esse
2028 3116 2232 3196 expositum,

207 3199 388 3282 potentiae:
411 3198 447 3261 in
476 3195 616 3262 adversa
633 3202 745 3261 autom
766 3203 870 3278 parte,
893 3194 1060 3261 contraria
1080 3195 1193 3261 omnia
1245 3199 1402 3265 violentia
1422 3197 1489 3264 huc
1511 3213 1544 3262 et
1565 3197 1646 3263 illuc
1669 3198 1756 3280 rapi:
1790 3198 1875 3262 nihil
1896 3199 2036 3263 istorum
2056 3202 2156 3282 ιιιιι
2177 3202 2232 3266 in·

208 3283 397 3350 mirantur?
432 3284 479 3348 Et
501 3303 591 3361 sane,
614 3288 653 3345 ut
674 3280 772 3347 hodie
793 3301 848 3348 res
870 3279 1004 3360 habent,
1026 3279 1111 3345 nihil
1128 3283 1192 3346 mi·
1246 3285 1355 3351 solens
1376 3305 1438 3349 ιιι
1466 3292 1598 3349 terreat.
1644 3282 1736 3365 Quin
1763 3284 1872 3367 potius
1898 3284 1991 3349 nobis
2018 3285 2057 3349 in
2079 3296 2237 3354 mentem

208 3392 285 3435 rum
307 3369 336 3434 si
358 3378 426 3433 tam
438 3366 593 3433 deformis
605 3367 762 3433 ecclesiae
783 3375 892 3433 status
902 3366 976 3432 illos
993 3366 1191 3433 absterreat:
1244 3371 1425 3449 veniat,.in
1447 3369 1509 3435 ιιι
1531 3369 1718 3435 ordinatam
1741 3390 1812 3435 esse
1834 3370 2019 3447 ecclesiam,
2048 3377 2089 3436 ut
2111 3393 2241 3457 quam·

208 3453 364 3537 splendor
381 3460 503 3532 eutem,
521 3455 577 3537 qui
595 3454 630 3516 in
649 3452 847 3519 adversariis
864 3452 998 3531 relucet,
1019 3453 1100 3536 ipsis
1118 3474 1193 3537 per·
1245 3456 1302 3523 diu
1329 3457 1364 3520 in
1391 3456 1515 3520 mundo
1542 3457 1787 3540 peregrinatur,
1823 3456 1944 3520 militet
1976 3454 2036 3520 sub
2063 3468 2245 3542 perpetua

209 3540 356 3623 stringat
389 3539 508 3604 oculos.
553 3539 696 3615 Verum,
731 3538 815 3603 nulli
848 3538 890 3602 ad
923 3538 1013 3605 hunc
1048 3538 1193 3620 lapidem
1244 3563 1350 3609 cruce.
1604 3622 1607 3627 ¹

209 3625 268 3690 alii
289 3625 487 3708 impingunt,
510 3645 572 3690 nec
594 3624 674 3688 alios
696 3622 759 3689 hoc
779 3623 1013 3688 offendiculum
1035 3624 1192 3704 retardat,
1329 3633 1403 3706 [pag.
1423 3630 1477 3706 ao]
1501 3625 1598 3708 Quod
1621 3627 1647 3692 si
1671 3626 1779 3692 dextri
1801 3636 1834 3692 et
1862 3628 1956 3709 aequi
1978 3647 2129 3694 ιιιιιιιι
2151 3650 2246 3714 ιρι·

208 3711 275 3777 nisi
298 3712 355 3793 qui
383 3709 555 3793 spirituale
580 3709 708 3775 Christi
735 3729 878 3794 regnum
904 3731 971 3773 non
998 3718 1191 3793 agnoscunt
1243 3733 1319 3777 rum
1341 3713 1406 3778 Dei
1427 3713 1634 3795 interpretes,
1643 3713 1672 3795 ²)
1699 3713 1788 3778 unde
1810 3712 1999 3778 offendiculi
2020 3716 2253 3782 occasionem

208 3797 297 3862 Nam
320 3797 439 3879 quibus
461 3815 569 3877 neque
587 3793 754 3860 stabulum
776 3795 813 3859 in
835 3815 899 3878 quo
920 3802 1019 3860 natus
1041 3804 1102 3872 est,
1131 3814 1192 3860 nec
1243 3799 1431 3882 arripimus,
1453 3797 1488 3862 id
1509 3797 1606 3863 nobis
1626 3799 1768 3881 optimae
1786 3799 2015 3864 consolationis
2037 3799 2110 3867 loco
2132 3802 2245 3869 foret.

209 3904 292 3949 crux
320 3884 356 3947 in
386 3902 453 3964 qua
481 3881 640 3964 pependit
660 3880 830 3960 Christus,
859 3881 968 3946 obstat
994 3882 1191 3962 quominus
1242 3884 1330 3948 Nam
1352 3882 1439 3966 quod
1461 3883 1653 3967 plerumque
1675 3884 1880 3963 calamitosa,
1909 3904 2041 3966 semper
2061 3885 2266 3954 instabili*

210 3989 322 4054 regom
350 3968 462 4050 ipsum
488 3966 643 4043 ¹adorent:
671 3966 722 4033 illi
749 3965 911 4031 humilem
938 3965 1092 4032 ecclesiae
1120 3968 1192 4032 eius
1244 3976 1296 4034 est
1316 3969 1472 4035 ecclesiae
1495 3968 1652 4048 conditio,
1682 3971 1749 4036 imo
1775 3969 1876 4053 quod,
1904 3991 1970 4034 non
1998 3989 2093 4037 ιιιιι
2124 3993 2166 4040 ac
2193 3975 2252 4040 in-

209 4056 375 4120 fortunam
395 4052 534 4118 minime
553 4050 741 4136 despicient
785 4052 951 4117 Fatentur
970 4050 1102 4135 quidem
1121 4072 1192 4117 om·
1243 4055 1422 4140 procelloso
1444 4056 1544 4133 mari,
1572 4056 1672 4121 variis
1694 4057 1946 4139 tempestatibus
1968 4053 2100 4123 assidue
2121 4059 2240 4125 iactav

209 4162 269 4206 nes
292 4140 410 4218 verbo,
439 4150 472 4205 ιι
491 4139 587 4204 fateri
616 4157 751 4204 necesse
775 4147 840 4216 est,
869 4139 989 4203 rationi
1016 4137 1192 4222 inprimis
1243 4150 1312 4206 tur:
1340 4142 1485 4225 primum
1513 4142 1550 4205 in
1578 4161 1617 4206 eo
1639 4140 1804 4207 Dominus
1833 4141 2037 4207 luculentum
2065 4144 2243 4211 mirificae

209 4247 280 4293 esse
303 4234 571 4303 consentaneum,
603 4225 696 4290 utin
718 4223 873 4290 ecclesiae
894 4225 1015 4302 forma,
1041 4224 1135 4306 quasi
1156 4224 1192 4290 in
1241 4226 1468 4310 providentiae
1501 4227 1667 4311 specimen
1705 4229 1852 4294 exhibet:
1893 4226 2012 4293 deinde
2045 4227 2109 4295 hoc
2142 4231 2238 4296 utile

209 4312 358 4395 speculo,
392 4311 470 4377 riva
496 4310 623 4377 Christi
650 4301 777 4394 effigies
806 4317 971 4393 appareat.
1016 4311 1062 4375 Et
1089 4332 1191 4394 quum
1243 4311 1388 4396 adeoque
1405 4314 1626 4378 necessarium
1649 4313 1726 4379 fidei
1747 4322 1781 4380 ιι
1798 4314 1975 4397 patientiae
1991 4320 2127 4380 nostrae
2149 4337 2225 4400 pro·

208 4398 336 4463 Paulus
360 4398 469 4481 (Rom.
489 4401 519 4475 8,
541 4398 596 4480 18)
615 4395 656 4461 de
674 4396 789 4479 capitis
807 4406 841 4461 ιι
856 4396 1081 4462 membrorum
1099 4397 1191 4462 simi·
1242 4399 1370 4465 bandae
1389 4399 1583 4465 exercitium
1601 4407 1658 4464 cst.
1692 4398 1730 4465 Si
1752 4400 1801 4464 ita
1821 4398 1958 4478 fundata
1977 4407 2065 4466 esset
2084 4401 2225 4469 ecclesia

208 4480 352 4548 litudine
381 4483 515 4549 disserit
543 4484 579 4546 in
607 4483 714 4549 crucis
743 4483 934 4562 tolerantia,
963 4483 1190 4547 assentiuntur
1242 4484 1480 4569 praesidiisque
1501 4485 1654 4551 omnibus
1676 4487 1847 4563 instructa,
1869 4493 1908 4549 ut
1929 4487 1999 4550 auis
2009 4486 2083 4568 ipsa
2105 4488 2226 4571 opibus

209 4586 332 4634 omnes.
384 4568 497 4649 Quum
527 4567 608 4634 dicit
637 4568 671 4652 (2
691 4568 774 4633 'lim
794 4572 823 4648 2,
845 4570 915 4653 ll),
944 4588 1005 4633 nos
1032 4569 1190 4634 commori
1242 4572 1419 4651 niteretur,
1448 4569 1532 4635 nihil
1561 4591 1580 4634 a
1605 4580 1737 4636 terreno
1758 4572 1873 4654 quovis
1894 4571 2032 4654 imperio
2054 4569 2224 4640 differret:

209 4662 375 4737 oportere,
405 4664 444 4719 ut
464 4655 554 4720 vitae
577 4654 724 4721 eiusdem
747 4655 851 4721 simus
872 4654 1063 4738 participes,
1092 4675 1189 4720 nemo
1242 4677 1304 4722 nec
1325 4677 1403 4723 vero
1425 4656 1587 4741 quispiam
1616 4657 1795 4736 dubitaret,
1823 4657 2016 4722 humanitus
2043 4678 2118 4723 eam
2140 4661 2223 4745 regi,

209 4739 376 4805 reclamat.
422 4739 536 4820 Quum
563 4747 633 4805 tota
662 4742 827 4823 scriptura
855 4741 957 4807 vitam
983 4747 1189 4823 praesentem
1243 4743 1272 4808 si
1297 4743 1420 4808 usitato
1447 4763 1538 4808 more
1572 4742 1613 4807 ad
1642 4743 1729 4809 huuc
1758 4763 1861 4825 usque
1892 4741 1980 4807 diem
2011 4745 2224 4826 perstitisset.

209 4833 379 4908 comparat
404 4824 507 4891 durae
535 4826 689 4907 militiae,
718 4847 856 4909 eamque
881 4827 983 4893 variis
1003 4828 1189 4892 certamini·
1242 4829 1334 4894 Dum
1366 4835 1477 4893 autem
1499 4828 1651 4895 videmus
1683 4831 1775 4912 quasi
1802 4848 1862 4910 per
1884 4829 2077 4896 innumeras
2099 4839 2224 4897 mortes

1241 4971 1446 4979 ———...-

1311 5052 1342 5118 1)
1361 5068 1464 5106 comme
1483 5053 1511 5107 la
1529 5054 1612 5108 chose
1631 5053 1658 5106 la
1676 5053 1737 5121 plue
1756 5067 1874 5121 sauvage
1893 5051 1928 5105 dn
1946 5052 2053 5106 monde.

206 5114 457 5257 temple)pdlsedl.'e⁸t
479 5118 506 5171 ia
531 5117 626 5173 besoin
654 5117 688 5171 de
716 5117 828 5172 cereher
851 5133 882 5173 ce
908 5119 954 5188 qni
982 5117 1048 5175 s’est
1073 5119 1125 5173 fait
1153 5136 1188 5175 ιι
1240 5188 1275 5244 ὼ
1291 5119 1388 5246 Βιίἒῃιιι
1412 5137 1481 5177 nous
1506 5123 1614 5176 ιιιιιιι
1638 5123 1699 5176 ιιιι
1722 5122 1790 5176 faire
1813 5127 1907 5177 nostre
1931 5119 2016 5189 profit
2039 5120 2088 5176 dee
2112 5136 2219 5179 ιιιιιιι
