4620 5894
113 194 179 261 939
918 191 984 257 Dll
1007 190 1228 258 aarum
1249 192 1334 259 DEI
2074 197 2140 259 34⁰

112 381 230 467 populi
250 379 319 447 mei
344 399 416 445 non
435 376 551 459 erunt,
587 386 622 445 01
653 377 690 444 111
721 378 869 463 catalogo
895 378 1000 445 Israel
1034 400 1101 444 non
1121 402 1130 469 Ἰ
1240 380 1293 444 Ne
1315 379 1430 445 eadem
1451 378 1592 447 subinde
1619 381 1769 447 iterando
1792 381 1982 448 lectoribus
2013 383 2140 449 fmstra

114 466 313 535 scribentur.
345 465 424 531 Non
446 464 512 530 alia
533 463 696 531 solutione
716 463 855 548 indiget,
878 463 965 546 quod
987 472 1104 548 optant
1127 474 1130 587 )
1155 465 1300 531 taedium
1320 466 1455 549 pariam,
1478 487 1583 548 pauca
1600 488 1642 531 ex
1659 466 1773 533 multis
1790 468 1896 533 obiter
1911 469 2139 553 perstringere

115 554 253 639 Moyses
273 559 309 617 et
329 551 468 630 Paulus,
490 570 532 615 ex
554 548 640 615 libro
662 550 751 616 vitae
772 548 887 615 deleri:
909 549 1030 625 (Exod.
1051 553 1102 630 32,
1127 590 1130 613 .
1155 555 1230 631 [pag.
1253 556 1327 631 162]
1351 552 1524 617 consilium
1546 560 1604 616 est.
1649 551 1800 632 Qualiter
1826 564 1967 618 mortem
1989 562 2138 637 pcccato-

118 642 176 719 32;
198 639 296 703 Rom.
321 641 351 716 9,
374 640 411 720 3)
437 637 516 719 quia
546 634 758 703 vehementia
792 634 914 700 doloris
946 642 1041 701 extra
1067 655 1103 700 se
1154 637 1201 702 ris
1224 637 1308 701 nolit
1324 635 1427 715 Deus,
1449 658 1552 720 quum
1570 636 1643 703 vult
1662 659 1776 703 omnes
1794 640 1943 705 converti
1961 648 1998 705 et
2015 640 2138 721 vivere,

117 723 216 809 rapti,
244 722 364 807 perire,
398 722 427 788 si
446 721 520 787 lieri
536 727 656 805 posset,
677 720 826 798 mallent,
849 740 947 804 quam
963 721 1102 805 populo·
1154 742 1255 805 supra
1273 723 1418 806 exposui.
1463 722 1551 787 Nam
1577 722 1665 806 quod
1695 724 1736 788 ad
1764 726 2027 808 resipiscentiam
2062 725 2139 792 hor·

118 831 191 877 sam
219 809 286 875 Dei
317 806 496 886 ecelesiam,
537 806 645 891 qualis
684 813 765 872 tunc
804 814 884 885 erat,
924 806 1101 891 exstingui
1154 814 1257 888 tatur,
1279 816 1314 874 et
1333 809 1501 873 conversis
1523 808 1620 873 offert
1639 811 1782 888 veniam,
1809 809 1844 875 id
1869 811 2025 876 omnibus
2047 831 2138 877 com·

119 891 1344 979 (100110100111111000111800811801001081010101118108,,1001100811
1378 902 1414 957 at
1444 893 1530 959 lilios
1563 915 1639 961 suos
1671 896 1832 979 singulari
1865 896 1927 961 hoe
1962 896 2139 981 privilegio

118 981 199 1065 quia
227 980 362 1046 nomina
383 998 498 1044 eorum
520 978 645 1062 scripta
665 978 790 1043 sintin
811 977 899 1043 coelo
931 978 1029 1061 (Luc.
1052 982 1103 1058 10,
1155 978 1322 1063 dignatur,
1345 986 1384 1044 ut
1405 1000 1525 1045 carnea
1547 999 1662 1044 eorum
1684 979 1783 1047 corda
1804 1003 1847 1046 ex
1867 979 2008 1064 lapideis
2028 982 2138 1049 faciat.

119 1068 187 1150 20),
221 1071 418 1149 perpetuum
450 1064 536 1130 illud
569 1085 643 1130 esse
674 1064 798 1129 benum
830 1064 1004 1148 significat,
1037 1084 1103 1146 quo
1153 1065 1268 1148 Neque
1286 1073 1397 1130 tamen
1414 1065 1528 1130 irritas
1544 1065 1581 1129 in
1601 1086 1712 1131 aerem
1727 1067 1843 1132 iactari
1858 1086 1956 1133 voees
1974 1068 2140 1135 monacho

119 1172 289 1235 nunquam
310 1149 467 1234 privandi
487 1150 564 1215 sint.
608 1150 715 1216 Porro
737 1171 804 1214 non
826 1149 937 1215 minus
960 1149 1102 1215 dilucide
1154 1150 1305 1230 concedo,
1319 1156 1342 1228 ¹)
1364 1151 1444 1215 dum
1465 1158 1500 1216 et
1520 1151 1648 1234 impios,
1680 1151 1826 1218 malitiae
1853 1173 1932 1218 suae
1959 1153 2138 1233 convietus,

141 1259 218 1303 uam
246 1236 392 1302 breviter
418 1242 599 1319 utrumque
628 1235 781 1303 conciliat
803 1233 967 1314 Christus,
1001 1256 1103 1318 quum
1153 1236 1395 1303 inexcusabiles
1416 1236 1524 1302 reddit
1544 1235 1722 1303 Dominus:
1749 1247 1783 1303 et
1803 1239 1840 1303 in
1862 1239 1976 1305 electis
1997 1240 2071 1305 suis
2092 1242 2140 1305 ita

144 1323 213 1388 ‘citt
236 1321 357 1389 Omnis
377 1321 476 1388 arbor
495 1341 595 1405 quam
616 1342 685 1387 non
705 1321 870 1405 plantavit
886 1329 982 1405 pater
999 1342 1102 1400 meus,
1154 1332 1318 1404 operatur,
1341 1331 1380 1387 ut
1401 1343 1522 1389 arcana
1549 1324 1683 1405 spiritus
1716 1324 1838 1389 virtute
1870 1326 1989 1391 efficax
2022 1327 2071 1391 sit
2103 1328 2139 1391 in

118 1408 339 1475 eradicabitur
372 1406 506 1491 (Matth.
534 1407 673 1492 15,13).
708 1407 796 1473 Nam
818 1415 852 1471 et
879 1406 1037 1489 reprobos
1067 1408 1102 1471 in
1154 1429 1268 1473 eorum
1295 1407 1447 1474 cordibus
1475 1407 1633 1487 doctrina,
1667 1430 1750 1492 quae
1783 1411 1818 1474 in
1852 1431 1968 1475 eorum
2001 1413 2139 1477 auribus

118 1495 263 1580 speciem
279 1492 408 1560 radices
425 1512 534 1577 agere,
553 1514 659 1577 neque
676 1499 788 1558 tamen
805 1493 871 1558 Dei
888 1513 991 1559 manu
1009 1492 1103 1575 plan·
1154 1501 1317 1576 personat
1363 1494 1434 1561 Nec
1455 1494 1611 1577 estquod
1633 1495 1820 1578 quempiam
1836 1504 1970 1562 moveat
1987 1496 2140 1581 vulgaris

117 1588 207 1647 tatos
227 1600 309 1659 0880,
333 1580 507 1664 signifieat.
1155 1579 1214 1644 illa
1232 1579 1407 1658 calumnia,
1430 1579 1568 1645 illudere
1588 1581 1700 1645 Deum
1722 1581 1918 1660 hominibus,
1940 1603 2025 1664 quos
2046 1583 2140 1666 pedi·

206 1664 371 1743 Notanda,
404 1665 521 1747 inquit,
553 1663 611 1730 illa
645 1661 734 1747 apud
760 1663 903 1730 Paulum
938 1662 1103 1745 (110015,
1155 1663 1217 1729 bus
1238 1672 1350 1747 captos
1372 1665 1414 1730 ad
1436 1664 1674 1731 ambulandum
1695 1668 1855 1732 hortatur.
1899 1667 1989 1733 Nam
2006 1669 2037 1733 si
2054 1668 2139 1734 nihil

122 1755 161 1816 12
181 1752 266 1836 sqq.)
289 1752 499 1834 comparatio,
521 1750 611 1833 quod
632 1750 718 1819 sicut
734 1771 794 1834 per
811 1771 917 1815 unum
934 1749 1105 1814 hominem
1156 1751 1267 1834 exigit,
1297 1751 1384 1834 quod
1405 1750 1456 1816 illi
1483 1772 1551 1815 non
1579 1750 1728 1831 debeant,
1762 1774 1829 1817 non
1862 1753 1941 1819 facit
1968 1753 2138 1820 iniuriam.

116 1843 289 1922 peccatum
310 1837 348 1901 in
370 1835 687 1916 condemnationem,
709 1836 757 1901 ita
779 1844 813 1900 01
838 1856 898 1918 per
920 1856 1024 1899 unum
1047 1836 1104 1900 ho·
1155 1836 1230 1903 Nisi
1251 1857 1331 1902 vero
1360 1838 1417 1919 qui
1454 1837 1611 1903 solvendo
1638 1859 1705 1902 non
1741 1846 1792 1904 est
1825 1836 2027 1925 deeootor,²)
2062 1862 2138 1906 oum

116 1925 241 1990 minem
264 1923 386 1989 donum
408 1923 554 1987 iustitiae
576 1924 612 1987 in
633 1923 747 1989 vitam.
793 1920 892 2001 Quod
919 1921 949 1986 si
977 1921 1014 1985 in
1035 1942 1102 1986 uno
1154 1922 1295 1988 ludibrio
1317 1922 1486 1989 creditoris
1508 1922 1654 1988 solutum
1676 1944 1712 1989 se
1733 1924 1874 1990 iactabit.
1913 1925 2023 1990 Porro
2045 1925 2137 1990 litem

114 2011 238 2076 mortui
260 2009 328 2075 sint
348 2007 457 2073 multi:
481 2008 588 2074 multo
610 2009 717 2094 magis
734 2009 843 2092 gratia
859 2005 925 2072 Dei
943 2007 1101 2072 exubera-
1154 2007 1249 2089 hanc,
1273 2029 1356 2091 quae
1377 2010 1441 2074 nisi
1463 2008 1597 2091 propria
1618 2010 1779 2092 cuiusque
1801 2010 2003 2075 conscientia
2027 2011 2138 2075 dirimi

114 2095 172 2175 bit,
195 2102 233 2161 ut
253 2095 350 2160 multi
372 2101 514 2177 regnent
535 2095 571 2159 in
593 2095 664 2160 vita
685 2115 746 2177 per
767 2093 949 2159 Christum.
972 2090 1011 2158 si
1033 2093 1101 2158 illic
1153 2095 1276 2177 nequit,
1311 2094 1451 2160 ulterius
1479 2116 1545 2159 non
1568 2116 1753 2179 persequor.
1798 2095 1919 2177 Populi
1953 2097 2006 2162 sui
2041 2118 2138 2164 aures

114 2178 300 2264 disputaret
319 2178 455 2257 Paulus,
478 2178 520 2244 ad
542 2200 659 2247 omnes
680 2186 856 2263 penetrare
874 2177 1003 2244 Christi
1024 2200 1100 2262 gra·
1151 2180 1330 2263 prophetae
1351 2201 1429 2247 voce
1454 2179 1619 2245 verberari
1639 2181 1730 2246 iubet
1746 2180 1840 2247 Deus
1863 2182 1941 2258 (Ias.
1962 2184 1992 2260 6,
2013 2180 2060 2332 1)).
2083 2185 2138 2247 An

112 2267 205 2346 tiam,
227 2266 336 2333 victus
358 2274 515 2330 tacerem:
539 2265 597 2332 sed
618 2286 722 2348 quum
744 2264 938 2348 simpliciter
958 2263 1007 2327 illi
1024 2285 1099 2346 pro·
1151 2273 1190 2328 ut
1211 2274 1392 2349 tangantur
1414 2265 1535 2332 corda?
1580 2267 1653 2331 Imo
1687 2276 1725 2331 01
1761 2266 1973 2332 obdurentur.
2055 2290 2079 2333 n
2101 2277 2137 2333 ut

113 2352 259 2434 positum
288 2351 332 2417 sit
357 2349 540 2431 ostendere,
577 2359 701 2433 quanto
724 2355 799 2429 [pag.
827 2355 902 2430 161]
935 2350 1100 2432 potentior
1151 2352 1347 2435 resipiscant
1368 2352 1424 2434 qui
1446 2351 1608 2417 audiunt?
1654 2353 1726 2416 Imo
1759 2360 1797 2417 ut
1829 2354 1896 2417 iain
1929 2353 2056 2436 perditi
2087 2353 2137 2419 bis

114 2438 216 2502 sitin
242 2434 396 2501 fidelibus
418 2434 547 2501 Christi
570 2439 687 2521 gratia,
721 2457 821 2518 quam
854 2442 1023 2501 contracta
1056 2457 1098 2500 ex
1150 2446 1295 2520 pereant.
1341 2435 1380 2503 Si
1402 2438 1555 2520 excipias,
1589 2440 1791 2520 superiorem
1817 2439 1916 2504 fuisse
1945 2439 2135 2523 causam⁸):

112 2523 223 2589 Adam
240 2520 444 2587 maledictio:
466 2520 625 2603 quidhoc
646 2520 966 2588 adlabefactandam
984 2542 1097 2587 eorum
1122 2548 1125 2633 ἰ
1150 2544 1217 2587 non
1250 2523 1341 2588 aliud
1374 2524 1410 2587 in
1443 2523 1633 2606 praesentia
1667 2524 1751 2602 volo,
1784 2525 1920 2589 minime
1954 2523 2136 2591 absurdum

112 2608 316 2686 electionem,
349 2628 432 2690 quos
462 2607 497 2671 in
525 2608 629 2673 vitam
651 2607 807 2674 Christus
834 2608 990 2687 restituit,
1024 2607 1098 2673 aliis
1150 2629 1231 2687 esse,
1260 2609 1374 2694 spargi
1391 2610 1456 2675 Dei
1477 2609 1635 2675 mandato
1653 2608 1844 2689 doctrinam,
1867 2630 1968 2693 quam
1984 2612 2136 2693 proiectu

111 2692 352 2778 pereuntibus?
398 2690 466 2757 Sed
489 2693 671 2760 monachus
684 2693 709 2778 ¹)
731 2693 832 2759 verba
854 2700 959 2776 urget.
1010 2693 1097 2758 Nam
1150 2695 1330 2760 carituram
1348 2696 1450 2761 novit.
1472 2695 1549 2759 Non
1566 2697 1677 2760 minus
1695 2696 1860 2775 frivolum,
1878 2695 1966 2779 quod
1983 2705 2135 2763 constare

110 2780 237 2846 Paulus
259 2784 366 2845 totum
388 2776 562 2843 hominum
585 2800 691 2864 genus
713 2778 971 2861 comprehendit,
994 2799 1096 2862 quum
1149 2788 1250 2865 negat
1271 2801 1367 2864 posse
1389 2780 1516 2847 Christi
1539 2781 1672 2861 dictum,
1700 2780 1741 2846 de
1763 2780 1898 2847 reducta
1918 2802 2006 2864 quae
2029 2784 2134 2866 perie-

110 2865 204 2933 dieit:
227 2866 407 2932 Peccatum
430 2865 530 2930 unius
549 2865 693 2931 hominis
711 2871 897 2950 grassatum
915 2865 950 2929 in
968 2885 1095 2930 omnes:
1149 2873 1203 2931 rat
1223 2887 1295 2946 ove,
1319 2868 1348 2932 81
1370 2867 1427 2950 qui
1448 2866 1684 2950 praedestinati
1708 2874 1780 2948 [pag.
1800 2872 1873 2947 163]
1896 2868 2016 2933 forent.
2062 2869 2134 2953 Ege

110 2952 279 3018 neminem
300 2950 413 3017 licebit
434 2952 559 3016 avitae
580 2951 829 3035 participatione
850 2950 1034 3017 excludere.
1057 2948 1096 3016 Si
1148 2972 1229 3017 vero
1258 2951 1344 3035 quod
1378 2960 1504 3018 temere
1530 2953 1566 3018 in
1598 2973 1659 3018 nos
1687 2954 1817 3020 vibrare
1851 2953 1955 3018 telum
1986 2954 2133 3033 molitur,

110 3037 173 3105 hoc
195 3035 293 3103 modo
315 3036 456 3119 ineptire
485 3036 575 3116 libet,
611 3036 770 3104 creandos
798 3058 869 3103 esse
891 3037 965 3102 Deo
993 3057 1096 3102 novos
1148 3037 1246 3122 longe
1278 3039 1388 3122 aptius
1422 3039 1459 3103 in
1492 3058 1568 3104 eum
1601 3046 1788 3123 retorqueo:
1815 3059 1885 3104 non
1912 3039 1980 3104 alia
2006 3041 2133 3105 ratione

108 3123 250 3190 mundos
270 3120 477 3201 contendam,
500 3129 539 3187 nt
560 3123 647 3206 quod
675 3122 744 3189 illic
765 3121 915 3204 habetur,
937 3129 1093 3206 praestet.
1149 3125 1389 3204 vocatiouem,
1423 3125 1480 3208 qui
1516 3124 1559 3190 ad
1581 3132 1712 3208 tempus
1734 3123 1882 3209 perditus
1900 3123 2049 3206 videtur,
2071 3126 2135 3192 nisi

108 3211 219 3295 Neget
236 3208 391 3275 Christus
412 3228 528 3290 parem
548 3209 651 3276 101880
672 3208 937 3275 maledictionem
958 3208 1094 3294 gratiam,
1148 3209 1226 3293 quia
1249 3211 1412 3294 gratuitae
1433 3210 1603 3277 electionis
1632 3218 1784 3294 respectu
1812 3212 1873 3277 sub
1895 3211 1961 3276 Dei
1983 3210 2133 3279 custodia

108 3298 186 3381 quia
207 3295 290 3361 haec
309 3295 409 3378 longe
431 3294 597 3361 exuberet.
642 3294 681 3362 si
702 3295 739 3360 in
760 3296 923 3361 rationem
940 3295 1095 3378 utrinque
1146 3302 1268 3361 manet.

108 3383 222 3449 veniat
244 3380 419 3446 hominum
440 3402 613 3448 numerus:
636 3402 706 3447 non
724 3387 831 3464 potest
848 3380 1004 3448 Christus
1021 3381 1095 3464 plu·
1234 3381 1396 3448 Eiusdem
1427 3383 1554 3448 farinae
1586 3390 1638 3448 est
1668 3383 1757 3449 istud
1785 3381 1956 3447 dilemma:
1999 3382 2040 3449 Si
2068 3404 2131 3467 qua

109 3489 164 3534 res
186 3487 331 3544 servare,
360 3486 460 3548 quam
482 3467 664 3550 perdiderit
685 3467 803 3532 Adam.
848 3467 939 3551 Ergo
966 3467 1096 3550 pericli·
1149 3475 1237 3533 esset
1270 3468 1423 3551 specialis
1456 3468 1586 3548 electio,
1627 3490 1694 3534 non
1733 3468 1910 3552 quadraret
1943 3468 2131 3535 exhortatio

111 3554 235 3619 tabitur
252 3551 350 3617 Pauli
372 3551 464 3631 fides,
486 3554 551 3618 nisi
572 3559 709 3638 repente
731 3574 837 3620 novus
860 3553 979 3636 aliquis
996 3574 1096 3617 mun-
1149 3553 1344 3639 prophetae:
1367 3554 1588 3638 Derelinquat
1608 3556 1731 3637 impius
1753 3556 1842 3622 viam
1859 3574 1956 3619 suam
1978 3555 2060 3640 (Ies.
2081 3559 2129 3633 55,

112 3639 174 3705 dus
197 3646 353 3722 emergat.
398 3638 472 3721 Ego
494 3660 573 3705 vero
606 3662 674 3705 non
708 3638 810 3703 alium
836 3638 997 3704 monacho
1025 3639 1095 3722 cly-
1151 3640 1195 3725 7).
1225 3641 1312 3705 Nam
1330 3640 1358 3705 si
1377 3640 1497 3706 electos
1516 3640 1701 3723 alloquitur,
1720 3639 1880 3724 quomodo
1898 3640 1994 3724 impii
2012 3649 2129 3719 essent,

110 3746 212 3811 peum
234 3743 405 3808 opponam,
441 3744 541 3807 quam
576 3726 634 3807 qui
663 3724 748 3789 mihi
774 3724 816 3790 ab
845 3744 883 3789 00
903 3725 1095 3808 porrigitur.
1150 3724 1269 3810 quibus
1292 3727 1404 3791 omnia
1420 3727 1455 3790 in
1472 3726 1596 3792 bonum
1614 3725 1756 3793 cedunt?
1788 3725 1826 3792 Si
1843 3727 2012 3808 reprobos,
2036 3748 2130 3811 quor·

110 3812 266 3879 Alterum
289 3831 331 3876 ex
352 3809 459 3875 Paulo
490 3810 602 3876 locum
632 3808 780 3876 adducit:
810 3808 908 3891 Quod
938 3811 1023 3876 sicut
1059 3810 1096 3874 in
1121 3802 1124 3869 l
1150 3833 1224 3877 sum
1264 3810 1306 3876 ad
1351 3812 1612 3895 resipiscentiam
1657 3811 1841 3878 vocantur?
1904 3812 1979 3896 Ego
2020 3822 2130 3879 autem

110 3898 221 3966 Adam
237 3899 429 3962 moriuntur
447 3916 571 3975 omnes,
589 3897 638 3962 ita
655 3898 692 3961 in
703 3895 837 3961 Christo
854 3917 968 3961 omnes
986 3897 1096 3961 vivifi·
1150 3899 1301 3980 utrisque
1323 3897 1482 3963 destinari
1509 3898 1690 3983 prophetae
1717 3899 1908 3965 concionem
1931 3899 2128 3983 respondeo:

111 3984 274 4052 eabuntur
297 3988 341 4060 (1.
364 3981 440 4048 001.
463 3986 512 4061 15,
536 3985 601 4060 22).
647 3981 686 4048 Si
708 3981 770 4048 hoo
791 3981 972 4047 seeundum
992 4002 1096 4047 mem·
1151 3992 1189 4049 ut
1209 3985 1346 4067 priores,
1370 3985 1426 4066 qui
1448 4005 1588 4051 excusso
1608 3986 1687 4069 iugo
1707 3983 1932 4062 lascivierunt,
1955 3984 2130 4051 adsunam

111 4073 209 4139 brum
231 4068 387 4135 extendit
408 4067 450 4133 ad
473 4088 588 4134 omues
610 4067 705 4133 Adae
725 4068 820 4148 filios,
847 4089 986 4133 manum
1008 4069 1097 4133 Pau·
1150 4077 1299 4136 mentem
1327 4068 1464 4136 redeant
1490 4071 1623 4136 moniti:
1659 4070 1871 4148 alterivero,
1895 4070 2013 4152 quiin
2036 4070 2129 4135 malis

111 4159 164 4224 lus
185 4157 301 4236 iniicit,
330 4156 389 4238 qui
417 4153 538 4220 diserte
566 4175 645 4220 mox
666 4160 817 4231 testatur,
852 4175 920 4219 non
955 4155 1021 4219 nisi
1056 4153 1097 4219 de
1151 4157 1220 4221 suis
1250 4163 1401 4239 stupent,
1436 4156 1555 4223 talibus
1587 4156 1730 4223 stimulis
1761 4163 1965 4240 pungantur.
2016 4157 2129 4241 Neque

110 4242 239 4310 Christi
260 4240 419 4308 membris
440 4261 476 4306 se
498 4239 695 4324 intelligere.
730 4240 903 4305 Primitiae
925 4238 1095 4306 Christus:
1121 4282 1124 4289 ,
1151 4243 1241 4308 enim
1270 4242 1391 4308 0100108
1421 4243 1577 4326 fingimus
1601 4242 1759 4309 continua
1787 4242 1922 4326 spiritus
1952 4241 2129 4309 directione

112 4329 230 4396 deinde
260 4336 293 4394 et
322 4328 380 4411 qui
408 4334 489 4393 sunt
510 4325 638 4392 Christi
664 4333 847 4410 resurgent.
891 4325 980 4391 Nam
1007 4333 1096 4391 certe
1152 4349 1283 4412 semper
1315 4337 1429 4394 tenere
1464 4336 1591 4393 rectum
1624 4349 1772 4394 cursum:
1812 4329 1893 4411 quin
1923 4349 2024 4411 saepe
2055 4329 2127 4405 labi,

111 4415 178 4481 illic
200 4414 241 4481 de
262 4413 505 4480 resurreetione
527 4411 683 4495 disputat,
716 4433 816 4494 quam
845 4411 941 4477 beata
962 4413 1096 4477 immor·
1151 4436 1278 4493 errare,
1312 4414 1511 4498 impingere,
1545 4422 1579 4479 et
1610 4415 1678 4479 lere
1711 4414 1848 4479 alienari
1875 4433 1895 4477 a
1928 4414 2046 4480 salutis
2077 4415 2129 4479 via

112 4501 225 4567 talitas
260 4499 480 4582 consequitur,
520 4499 652 4582 qualem
691 4505 724 4563 et
761 4499 798 4563 in
838 4496 985 4582 symbolo
1018 4497 1096 4563 fidei
1151 4500 1299 4566 dicimus.
1329 4498 1397 4565 Sed
1419 4500 1496 4583 quia
1517 4502 1686 4584 potentius
1707 4507 1766 4579 est,
1790 4521 1854 4583 quo
1872 4506 2044 4583 teguntur,
2067 4500 2129 4566 Dei

112 4587 388 4669 praedicamus.‘²)
1150 4586 1369 4669 praesidium,
1403 4586 1518 4651 lethali
1547 4608 1601 4653 eos
1629 4587 1729 4651 ruina
1757 4585 1908 4652 excidere
1930 4586 2128 4671 impossibile

184 4772 213 4838 1)
235 4773 291 4826 Sed
308 4774 455 4828 monachus
474 4813 550 4829 .....
569 4772 728 4828 excludere:
752 4772 825 4843 Vray
843 4779 887 4827 081
909 4788 960 4841 que
979 4771 1006 4826 S.
1026 4772 1094 4825 Paul
1120 4688 1124 4797 l

116 4839 264 4910 comprend
282 4841 310 4896 11
328 4848 389 4896 1001
407 4842 432 4896 18
451 4858 532 4910 genre
550 4843 668 4909 bumain,
686 4841 753 4895 dont
770 4842 796 4896 le
815 4843 903 4895 moine
922 4841 1014 4895 dednit
1031 4839 1095 4909 qu’il
1222 4842 1252 4908 1)
1270 4843 1345 4897 Add.
1370 4843 1408 4898 Or
1426 4845 1546 4898 combien
1565 4861 1617 4914 que
1628 4844 1698 4898 Dieu
1715 4860 1749 4898 ne
1768 4844 1867 4899 touche
1886 4844 1964 4913 point
1981 4860 2017 4897 au
2035 4842 2126 4896 1111οι

114 4909 185 4965 n’est
204 4909 312 4964 loisible
336 4909 471 4964 d'exclure
489 4927 639 4980 personne,
664 4926 716 4978 que
734 4918 797 4966 tous
815 4926 849 4964 ne
867 4911 998 4966 iouissent
1015 4909 1049 4963 de
1068 4910 1096 4963 la
1153 4927 1252 4967 cueurs
1271 4911 1333 4966 d'un
1352 4914 1464 4981 chacun,
1481 4914 1505 4967 si
1522 4920 1607 4969 estce
1625 4929 1678 4982 que
1696 4915 1721 4967 ie
1739 4912 1882 4968 n'accorde
1901 4915 1979 4980 point
1993 4927 2029 4966 au
2043 4913 2125 4966 moine

115 4994 197 5049 grace
217 4978 262 5047 qui
282 4994 298 5031 a
317 4980 376 5033 este
394 4981 526 5047 apportate
545 4995 596 5049 par
613 4981 693 5034 Iasus
712 4979 809 5034 Christ.
1152 4997 1204 5048 que
1223 4981 1264 5035 108
1282 4998 1437 5050 promesses
1455 4983 1597 5051 generales
1616 4990 1712 5051 seyent
1729 4981 1916 5036 frustratoires
1935 4988 1982 5036 010.

184 5046 214 5112 2)
235 5046 317 5100 Ηο00
336 5048 434 5101 altimo
452 5049 533 5102 verba
550 5050 653 5103 abeant
673 5048 709 5103 ab
730 5049 881 5117 aceaplari
894 5048 1008 5118 pellice,
1032 5048 1095 5102 item
1120 5060 1123 5119 j
1220 5049 1303 5113 1)οη
1339 5051 1480 5104 audisseur
1497 5052 1542 5118 qui
1560 5052 1650 5105 001011
1667 5052 1720 5104 mal
1739 5049 1879 5119 despeudu
1896 5058 1958 5104 1001
1976 5065 2026 5103 son
2043 5049 2107 5102 bien.

114 5118 235 5185 primam
253 5132 358 5172 comma
376 5117 512 5184 sequentia
526 5118 682 5186 pericopae.
1120 5122 1123 5175 l
1220 5117 1251 5184 3)
1270 5068 1345 5173 Aci.
1364 5128 1393 5173 et
1409 5135 1461 5188 que
1480 5119 1550 5174 Dieu
1567 5121 1701 5188 punissoit
1718 5120 1759 5174 les
1776 5119 1880 5188 pechez
1899 5119 1975 5173 desia
1993 5118 2106 5172 commis.
