4620 5894
198 259 396 327 XXXVIII
784 255 1058 324 TRAOTA‘PUS
1081 254 1376 327 unnonoalffl
1396 254 1620 326 MINORES.

449 479 641 547 Clarissimo
662 485 691 546 et
711 480 911 546 ornatissimo
931 481 1000 546 niro
1022 479 1194 547 Lamnstio
1215 480 1425 562 Normandio,
1448 480 1643 548 Francisms
1671 480 1837 562 Vilierius,
1862 479 1895 547 S.
1915 480 1959 547 D.

354 670 427 739 Etsi
448 671 562 754 quibus
583 669 618 734 in
638 666 730 734 rebus
746 667 937 734 christianae
957 668 1121 753 relipionis
1142 672 1170 734 et
1191 669 1381 753 reipublicae
1401 671 1569 737 commodis
1589 671 1707 736 seruire
1721 689 1862 753 possum
1884 691 1939 736 cae
1958 691 2010 737 res
2030 690 2128 754 cumn
2146 671 2213 737 sint

198 787 303 850 naues
325 788 417 867 atque
438 782 571 866 ecipuae
592 779 747 865 intellipo:
779 784 882 845 tamen
909 780 992 862 guod
1010 799 1157 863 possum,
1179 781 1329 863 quoniam
1350 783 1455 849 annno
1470 782 1566 866 plau
1586 782 1686 848 studii
1706 787 1798 864 atque
1819 781 2039 848 bennolatiae
2060 783 2096 849 id
2114 781 2210 865 facio,

198 916 289 981 spero
308 896 379 978 fore
399 901 435 959 nt
451 894 598 974 homines,
620 892 686 957 nisi
708 891 764 974 qui
785 895 875 959 eruut
885 895 1091 975 peraprestes‚
1108 912 1212 958 mmm
1228 891 1283 959 boc
1299 893 1441 960 studium
1457 893 1494 960 in
1510 893 1668 960 mdmrem
1679 898 1806 977 partem
1822 893 1985 975 accipiam.
2032 892 2212 977 Scripserat

197 1009 280 1074 banc
306 1005 443 1073 libellum
472 1003 622 1072 Calvinus
653 1001 849 1088 (confecerat,
883 1002 984 1068 dicere
1005 1005 1115 1087 potins
1140 1004 1247 1071 debm:
1278 1005 1361 1086 qnod
1388 1005 1470 1071 enim
1496 1027 1566 1073 cere
1586 1004 1760 1087 adrirmare
1774 1024 1924 1087 possum,
1956 1024 2121 1089 nunquam
2140 1006 2211 1073 eins

197 1119 353 1188 scribendi
374 1138 472 1184 caesa
494 1116 652 1184 mamam
673 1116 709 1180 in
730 1135 846 1181 manns
866 1116 1008 1197 sumpsit
1030 1116 1086 1181 sed
1107 1136 1177 1181 eum
1198 1115 1287 1195 mibi,
1309 1118 1413 1199 quood
1429 1137 1489 1200 per
1509 1118 1722 1201 occupationes
1742 1116 1839 1197 licuit,
1862 1116 2013 1198 diacoi),
2041 1115 2212 1200 messuerat

197 1233 297 1318 igitur
321 1230 403 1296 bunc
431 1229 569 1295 libellum
601 1225 769 1306 Oalmnm,
801 1246 863 1291 non
890 1247 1039 1310 mapnnm
1065 1229 1191 1310 quidem
1215 1227 1307 1294 marn
1331 1229 1387 1295 sed
1410 1233 1488 1294 certe
1508 1228 1685 1309 aureolum,
1717 1247 1855 1294 sermone
1873 1227 2002 1312 pallioo,
2034 1231 2212 1294 nostrornm

197 1343 357 1411 bammum
383 1341 516 1407 rdinati
541 1340 682 1406 seorsocm
709 1338 897 1404 inserviens:
930 1359 1063 1420 quornm
1084 1339 1208 1406 aninros
1229 1340 1421 1405 manisama
1442 1341 1502 1406 illa
1523 1344 1564 1421 et,
1596 1344 1632 1405 ut
1652 1359 1722 1406 cere
1746 1338 1940 1422 appellatur,
1973 1338 2114 1422 maleioa
2133 1339 2211 1423 sati·

197 1452 338 1520 elicorum
358 1453 536 1519 crniositate
557 1451 683 1517 titillari
704 1449 900 1533 intellipebat.
948 1449 1036 1532 Quod
1058 1451 1142 1515 enim
1159 1451 1268 1533 optimi
1287 1457 1315 1516 et
1331 1451 1522 1518 nobilissimi
1539 1452 1651 1519 melici
1666 1450 1797 1534 famant,
1819 1471 1880 1517 non
1897 1455 2053 1518 contentus
2069 1449 2212 1518 morbum

197 1565 237 1630 ab
258 1565 302 1630 iis
323 1564 494 1647 depulisse,
522 1583 603 1646 quac
629 1583 680 1628 res
708 1562 803 1628 etiam
832 1583 848 1628 e
875 1561 980 1630 morbo
1006 1563 1155 1628 recreatis
1182 1566 1275 1645 aupne
1303 1563 1578 1629 convalescentibus
1605 1564 1764 1631 moiturae
1790 1563 1971 1644 videantur,
2000 1562 2212 1630 committas

196 1675 453 1758 commonefacere
480 1673 626 1740 instituit.
671 1672 800 1740 Etenim
826 1674 872 1741 sia
899 1695 932 1741 so
960 1694 1012 1740 res
1039 1672 1143 1753 babet,
1168 1677 1204 1739 ut
1224 1673 1296 1741 benc
1316 1673 1497 1741 labantibus
1516 1696 1578 1742 non
1598 1677 1706 1742 minus
1727 1675 1818 1742 utilis
1839 1676 1941 1741 cauno
1962 1679 2052 1758 alque
2067 1674 2212 1758 provisio

196 1808 295 1872 qnam
325 1786 460 1871 aeprotis
490 1785 610 1850 curatio
641 1785 820 1850 necessaria
852 1785 902 1851 sit.
950 1785 1052 1868 Qum
1080 1789 1183 1850 annm
1210 1805 1279 1851 eam
1305 1787 1410 1869 ipsam
1438 1787 1609 1852 cantionem
1632 1786 1775 1853 muribus
1800 1787 1922 1867 utilem,
1950 1785 2111 1870 plerisque
2132 1790 2212 1854 certe

197 1898 289 1966 oddo
310 1897 518 1964 necessariam
539 1896 729 1976 indicam,
757 1895 871 1978 pnibus
889 1900 966 1963 esset
994 1897 1149 1980 incognita
1171 1901 1278 1962 nostra
1298 1897 1423 1982 linpua,
1449 1898 1597 1980 qnoniam
1618 1919 1680 1980 per
1706 1918 1809 1966 annes
1833 1899 1899 1982 sere
1921 1903 2026 1982 penites
2050 1918 2088 1966 ea
2113 1919 2211 1982 quarn

197 2008 269 2077 dici
296 2009 463 2075 arriositas
488 2009 583 2090 quasi
609 2008 735 2074 morbus
761 2008 893 2089 qnidam
921 2013 1014 2092 atquc
1040 2008 1179 2093 nunqu
1203 2010 1409 2090 pervasisset,
1438 2009 1543 2075 cisum
1563 2013 1609 2076 est
1627 2009 1809 2091 faciendum
1829 2030 1908 2091 esse,
1936 2015 1971 2076 ut
1992 2010 2070 2077 aliis
2090 2032 2210 2095 quoqne

197 2119 378 2188 nanninus
406 2120 533 2199 catoris,
563 2141 584 2184 a
605 2117 719 2203 quibus
746 2123 774 2185 et
801 2119 918 2186 multas
944 2125 974 2184 et
1001 2140 1135 2204 mapnas
1155 2121 1307 2186 utilitates
1327 2122 1511 2204 recipimus,
1536 2121 1678 2188 uicissim
1699 2121 1823 2205 clipuid
1844 2142 1860 2187 e
1881 2122 1999 2187 nostris
2019 2122 2131 2205 opibus
2151 2125 2211 2190 irn-

192 2233 392 2316 pertircmns.
437 2230 532 2297 Hunc
558 2231 658 2316 ipitm
683 2229 819 2295 libellam
844 2231 962 2297 latinae
988 2232 1114 2316 linpuae
1140 2230 1294 2298 mandare
1314 2233 1456 2312 institui,
1484 2237 1519 2298 nt
1539 2234 1689 2316 qnoniam
1710 2254 1748 2300 ea
1769 2233 1880 2318 linpua
1901 2234 1994 2316 quasi
2014 2234 2146 2318 cuidam
2166 2239 2212 2302 est

198 2343 356 2428 interpres
383 2343 522 2409 connium
545 2343 612 2426 fere
638 2344 802 2410 nationum
825 2348 853 2409 et
877 2344 1029 2427 peritiam,
1058 2342 1143 2408 aliae
1169 2363 1288 2426 quoqne
1315 2344 1456 2410 nationes
1483 2343 1522 2410 ab
1550 2346 1636 2426 ipsa
1666 2345 1761 2427 qnasi
1787 2345 1828 2413 ab
1853 2345 2034 2427 interprete,
2061 2345 2139 2429 quid
2159 2345 2211 2414 bic

198 2455 321 2524 libellus
341 2455 516 2538 monemur
536 2454 748 2540 intelligerent.
797 2454 1000 2537 Quanquam
1021 2453 1067 2519 ita
1088 2454 1151 2520 sint
1173 2459 1201 2521 et
1221 2455 1303 2520 banc
1324 2455 1459 2521 laborem
1476 2477 1539 2523 non
1560 2455 1625 2522 alo'o
1646 2457 1751 2522 animm
1770 2457 1974 2541 nuceperim,
2001 2457 2069 2523 nisi
2090 2461 2126 2523 ut
2140 2458 2212 2543 piis

198 2572 227 2633 et
246 2566 312 2634 Dei
331 2565 509 2632 timentibus
535 2565 713 2632 bominibus
739 2566 936 2645 inservirem,
964 2567 1022 2631 etsi
1043 2585 1113 2630 enm
1128 2570 1309 2648 pertenuem
1329 2571 1356 2631 et
1370 2568 1581 2652 neronianam
1601 2589 1667 2635 csse
1687 2569 1799 2649 satio,
1821 2589 1869 2635 me
1889 2573 1991 2635 tamen
2011 2569 2128 2652 confido
2148 2588 2212 2636 non

198 2678 287 2744 modo
309 2677 439 2756 nullam,
461 2681 497 2740 ut
516 2677 596 2756 dini,
618 2677 775 2744 inuidiam
795 2675 986 2758 babitmnm,
1009 2678 1063 2744 sed
1085 2677 1180 2742 etiam
1198 2678 1339 2761 pratnam
1360 2679 1504 2761 aliquam
1526 2680 1565 2746 ab
1587 2681 1639 2760 iis,
1660 2681 1715 2763 qni
1736 2700 1800 2745 non
1821 2682 1945 2747 municio
1965 2681 2086 2764 inprati
2104 2681 2212 2763 testoni

198 2794 282 2870 sunt,
303 2788 467 2855 initurum.
516 2788 587 2853 Tibi
608 2809 687 2869 aero,
709 2788 884 2854 clarissime
904 2794 933 2854 et
953 2789 1155 2855 ornatissime
1174 2787 1363 2869 Numanti,
1385 2791 1536 2871 qnoniam
1553 2791 1607 2857 loc
1627 2797 1769 2857 nostram
1786 2790 1926 2874 officinm
1941 2791 2092 2874 ementati
2106 2793 2211 2878 fnisse

200 2900 430 2982 animaduerti,
457 2905 567 2967 nodus
599 2901 801 2981 muman,
836 2921 901 2983 qna
928 2899 989 2966 mei
1014 2921 1090 2984 erpa
1116 2905 1143 2965 te
1170 2899 1348 2984 singularis
1373 2901 1475 2966 aniani
1500 2902 1757 2986 sipiificationem
1785 2903 1928 2986 alipuam
1960 2904 2096 2986 ederem,¹
2125 2904 2212 2972 colui

199 3012 341 3097 equidm
362 3011 444 3078 ictuc
464 3012 569 3095 ipsam
590 3012 627 3076 in
646 3016 699 3078 tno
720 3017 786 3078 tam
807 3012 927 3078 illustri
948 3016 976 3076 et
997 3011 1084 3094 apud
1103 3032 1207 3078 omnes
1228 3010 1320 3078 bonos
1338 3012 1479 3097 gratiosa
1501 3015 1624 3080 nomim
1641 3035 1802 3096 apparere.
1845 3014 1992 3098 Accipies
2008 3016 2107 3101 ipitur
2122 3038 2145 3084 a
2162 3035 2212 3084 mc

198 3124 254 3191 loo
280 3123 517 3203 munusculum,
546 3123 699 3190 nomene
719 3123 802 3190 illud
821 3123 946 3206 quidem
972 3127 1002 3188 et
1028 3144 1135 3190 crasso
1159 3123 1228 3204 filo,
1255 3127 1289 3187 nt
1310 3124 1441 3204 denar,
1469 3144 1524 3190 nec
1545 3146 1700 3208 personae
1721 3132 1793 3192 tuae
1812 3147 1995 3212 mapnopere
2022 3127 2211 3197 nnonncns

207 3237 322 3304 Verum
351 3236 398 3302 ita
424 3236 557 3318 accipies
583 3240 618 3302 ut
646 3255 742 3319 pumn
767 3236 802 3301 in
829 3256 862 3301 eo
883 3234 946 3301 mei
967 3255 1043 3320 erpa
1064 3239 1092 3300 te
1112 3235 1229 3300 amoris
1249 3254 1287 3300 ac
1302 3235 1414 3315 potins
1435 3237 1646 3304 asmantiae
1667 3237 1888 3303 monimentum
1908 3243 2030 3306 eastme
2050 3240 2211 3325 coluerim,

193 3367 385 3432 propensam
410 3347 507 3413 buiris
531 3349 592 3415 mei
620 3347 722 3413 animi
751 3347 935 3413 voluntatem
962 3348 1173 3432 complectare,
1200 3346 1248 3412 rei
1275 3346 1397 3413 nnllam
1424 3353 1481 3412 ant
1506 3353 1583 3413 certe
1605 3369 1666 3414 non
1687 3354 1827 3415 maetam
1848 3351 1937 3416 ineas
1956 3352 2210 3420 aestimationem

285 3509 292 3525 .
340 3457 437 3524 ‚Cot
461 3458 559 3524 Mart.

207 3458 284 3526 Vde
318 3463 536 3653 &Exemplar
557 3569 714 3654 gulieum
735 3569 964 3636 authenticum
985 3569 1088 3635 semel
1107 3569 1244 3637 seorsim
1265 3570 1354 3656 typis
1376 3569 1579 3654 descriptum
1600 3570 1723 3654 prodiit
1744 3571 1806 3637 hoo
1827 3573 1888 3639 sub
1910 3572 2021 3640 titulo:

355 3685 765 3771 ADVERTISSE-
794 3684 799 3789 Ι
827 3699 958 3764 ΜΕΝΤ
980 3696 1165 3765 (ΙΟΝΤΒΕ
1188 3696 1402 3765 ΒἈΒΤΒΟ-
1425 3697 1431 3783 Ι
1454 3709 1575 3778 noem,
1599 3708 1706 3779 av’on
1727 3710 1897 3766 neruine
1923 3701 1928 3788 Ι
1954 3700 2145 3770 Iudiciaira:
2176 3711 2211 3773 at

200 3819 312 3881 autres
333 3809 438 3875 curia
457 3812 463 3892 Ι
482 3811 562 3875 sitan
584 3811 642 3892 qui
664 3818 805 3894 regnent
826 3829 886 3874 au·
906 3813 911 3891 Ι
929 3807 1105 3895 iourd’hup
1127 3830 1168 3874 au
1188 3809 1193 3894 Ι
1212 3810 1339 3875 monde.
1367 3810 1373 3893 Ι
1397 3809 1465 3876 Par
1490 3811 1537 3875 M
1558 3810 1640 3876 Ioan
1663 3809 1792 3877 (baluin.
1814 3811 1819 3897 Ι
1839 3819 2210 3893 (monmemltpe'cnaa-

199 3936 315 4006 manto
333 3944 400 3985 sano
415 3925 577 3999 ipiprapte)
614 3923 619 4005 Ι
649 3933 674 3985 A
692 3930 843 3987 GENEVE
864 3930 938 3986 PAR
956 3922 960 4005 Ι
981 3933 1046 3986 leun
1063 3930 1169 3986 Girsrd
1188 3919 1194 4008 Ι
1216 3927 1308 3986 1549.

355 4031 544 4099 Editionem
566 4035 652 4099 hanc
672 4032 850 4099 rarissimis
872 4032 1154 4098 adnumerandam
1176 4032 1352 4100 habuimus
1370 4055 1411 4100 ax
1428 4033 1627 4101 bibliotheca
1638 4034 1904 4120 Guelferbytanae.
1937 4036 2061 4103 Forma
2078 4047 2211 4123 quater·

199 4147 294 4215 naria
320 4145 444 4224 minor,
472 4145 626 4231 plagulae
652 4153 791 4229 quatuor
817 4144 968 4211 foliorum
990 4153 1118 4228 septem
1140 4143 1288 4231 (A-G),
1318 4146 1458 4231 paginae
1480 4155 1672 4212 numeratae
1695 4151 1746 4225 55,
1771 4145 1888 4214 ultima
1909 4169 2021 4217 vacua
2065 4152 2211 4219 [textum

200 4260 291 4324 huno
311 4256 413 4324 habet
431 4256 562 4342 Corpus
579 4259 750 4323 Beuannm
769 4276 843 4342 pag.
860 4261 1086 4337 1118-1137;
1109 4254 1320 4323 Stoarianum
1337 4279 1411 4343 pag.
1428 4261 1649 4323 luta-1298.
1693 4259 1806 4323 Etiam
1823 4259 1859 4323 in
1877 4258 2019 4327 editione
2035 4262 2211 4345 parisiensi

198 4370 238 4437 P.
260 4370 403 4436 Lacroix
424 4369 547 4454 legitur
567 4389 641 4454 pag.
668 4371 846 4433 lot—134.

355 4480 473 4547 Versio
494 4481 598 4546 latina
618 4478 734 4545 itidem
756 4479 858 4546 semel
879 4479 1017 4545 seorsim
1038 4500 1162 4545 excusa
1182 4478 1331 4546 habetur.
1376 4478 1480 4546 Cuius
1503 4480 1672 4564 exemplar
1692 4481 1756 4564 ipsi
1777 4481 1991 4564 possidemus.

355 4589 621 4658 ADMONInlo
633 4589 828 4658 IOANNIS
842 4591 846 4674 Ι
859 4590 1055 4658 OALVIM
1070 4588 1321 4658 ADVERSUS
1337 4592 1384 4657 A·
1399 4592 1403 4675 Ι
1416 4588 1736 4671 sunonoalsm,
1748 4590 2211 4675 QUAMIIUDIOIARIAM

199 4702 405 4772 VOOANT:
447 4703 453 4786 Ι
495 4701 733 4786 ALIASQUE
761 4703 1045 4770 PRAETEREA
1074 4708 1078 4770 Ι
1109 4698 1450 4770 ΟΠΒΙΟΒΙΤΑΤΕΒ
1476 4700 1589 4769 ΝΟΝ-
1618 4703 1624 4786 Ι
1652 4702 1856 4784 NULLAS,
1882 4703 2009 4786 QUAE
2037 4707 2209 4797 ΗΟΒΙΕΙ

199 4816 294 4883 PER
315 4811 594 4881 UNIVERSUM
614 4815 740 4882 FERE
764 4815 769 4898 Ι
795 4814 962 4883 ORBEM
983 4811 1305 4880 GRASSANTUR.
1337 4815 1342 4897 Ι
1584 4815 1590 4898 Ι
1620 4815 1650 4880 Ε
1672 4813 1800 4881 Gallico
1822 4837 1973 4883 sermone
1992 4819 2028 4884 in
2049 4821 2211 4889 Latinum

199 4946 367 4996 converm.
396 4926 401 5009 Ι
644 4926 649 5012 Ι
680 4936 865 5007 eurtum,
896 4927 900 5010 Ι
930 4926 998 4993 Per
1018 4926 1178 4991 Ioannem
1200 4924 1391 5005 Girardum,
1422 4926 1428 5011 Ι
1456 4937 1494 4991 Μ.
1512 4937 1547 4992 1).
1565 4938 1664 4994 XLIX.

355 5036 479 5103 Forma
510 5035 624 5103 eadem
658 5059 696 5104 ac
727 5060 836 5123 supra
898 5037 1059 5124 Plagulae
1091 5058 1213 5102 novem
1252 5036 1407 5123 (A—I).
1469 5038 1616 5123 Paginae
1647 5046 1840 5105 numeratae
1872 5040 2046 5126 sexaginta
2077 5064 2208 5113 novem

201 5146 489 5234 Septuugcsimam
528 5148 677 5216 obtinent
709 5156 820 5216 errata
851 5151 1020 5235 pauciora3
1062 5155 1255 5234 sequentem
1292 5149 1503 5234 subscriptio:
1546 5159 1768 5216 EXGVDEBAT
1803 5159 1965 5218 ΙΟΔΝΝΕΒ
2004 5162 2209 5239 emanans,
