4620 5894
148 228 211 292 319
558 281 561 285 .
947 224 1012 291 Da
1035 222 1257 291 AETERNA
1278 222 1363 289 Dm
2099 224 2162 292 321)

144 414 248 499 patris
276 413 412 480 consilio
439 411 631 479 electionem
658 411 906 492 commendans,
938 411 1038 477 simul
1066 409 1124 476 ubi
1175 406 1353 473 ridendum
1379 409 1556 492 prostituit
1602 407 1709 476 Sicuti
1730 411 1847 477 literae
1873 418 1908 476 et
1936 411 2075 494 spiritus
2096 411 2158 478 cir·

143 507 216 565 tuto
237 499 408 566 recumbat
429 519 543 563 eorum
564 496 693 576 fiducia,
716 497 867 564 ostendit
902 497 1123 575 Manifestavi,
1177 495 1333 560 cumcisio
1355 515 1376 559 a
1396 495 1502 560 Paulo
1525 496 1684 561 statuitur
1705 497 1817 578 (Rom.
1840 500 1870 576 2,
1896 499 1969 581 29);
1991 497 2042 561 ita
2063 503 2097 563 61
2118 496 2158 563 dc

144 585 256 668 inquit
276 585 407 671 (Ioann.
434 589 482 661 11,
507 586 551 664 6),
574 604 693 649 nomon
717 590 812 649 tuum
832 584 1021 649 hominibus
1043 602 1124 665 quos
1176 580 1341 662 baptismo
1358 580 1568 646 sentiendum
1586 588 1651 648 est:
1675 581 1835 665 quosdam
1847 582 1977 648 literale
1993 580 2159 648 duntaxat

146 669 265 736 dedisti
287 669 378 735 mihi.
423 669 489 734 'lui
516 678 625 734 crant:
656 676 690 734 61
719 670 803 735 mihi
836 690 892 736 eos
921 668 1056 747 dedisti,
1090 672 1124 731 et
1148 720 1151 725 .
1175 665 1363 750 symbolum
1390 666 1425 730 in
1458 687 1593 752 corpore
1621 676 1766 752 gestare,
1800 667 1916 751 quire
1946 668 2024 752 ipsa
2044 667 2158 751 procul

146 777 332 823 sermonem
354 760 429 835 [pag.
451 757 525 834 164]
549 762 644 819 16661
665 763 850 821 666661661.
896 753 1066 833 Videmus,
1085 760 1124 817 ut
1175 750 1303 816 abeunt
1349 750 1436 816 Nam
1462 760 1497 818 et
1518 753 1656 834 Petrus,
1678 755 1735 819 ubi
1758 753 1884 830 docuit,
1912 753 2078 837 baptismo
2100 774 2160 820 nos

145 862 214 908 ase
226 842 298 926 ipso
317 842 452 925 incipiat
462 838 564 919 Deus,
583 861 687 923 quum
699 861 760 907 nos
778 841 900 926 eligere
913 839 1082 924 dignatur:
1097 841 1123 922 ¹)
1176 835 1317 901 salutem
1349 839 1519 921 consequi,
1558 859 1638 903 mox
1671 840 1765 922 quasi
1800 838 1912 904 addita
1945 840 2158 919 correctione,

146 927 205 993 scd
226 949 286 993 nos
308 946 328 990 a
347 925 481 992 Christo
503 926 649 1009 incipere
670 926 760 1005 velit,
783 934 821 992 61
842 946 903 991 666
924 926 1066 992 66161666
1088 924 1124 989 16
1175 922 1381 1004 6166666161,
1404 944 1470 988 666
1492 925 1643 991 sufficere
1663 925 1788 990 nudam
1806 932 1840 990 et
1856 934 2034 991 externam
2050 926 2159 991 carnis

146 1034 239 1079 sacro
261 1012 318 1078 illo
340 1012 465 1095 peculio
487 1008 622 1077 ccn'seri.
668 1012 755 1078 Nam
777 1011 850 1078 ideo
872 1033 932 1078 nos
955 1012 1034 1077 dare
1056 1009 1124 1075 filio
1176 1007 1388 1086 ablutionem,
1411 1009 1475 1075 nisi
1497 1016 1531 1074 61
1552 1009 1657 1075 bonae
1679 1012 1896 1077 eonscientiae
1912 1013 2087 1095 responsio
2104 1030 2158 1077 ac-

145 1121 206 1166 666
232 1098 366 1176 dicitur,
401 1104 440 1162 61
467 1117 503 1162 66
536 1099 672 1181 6616666
703 1106 785 1164 1666
812 1097 947 1163 demum
974 1096 1124 1163 coelestis
1176 1093 1271 1159 cedat
1292 1096 1325 1179 (1
1350 1094 1439 1160 Ρ616.
1464 1099 1500 1174 3,
1524 1098 1590 1181 21).
1636 1095 1748 1177 Quare
1777 1097 1958 1180 scriptura,
2009 1119 2093 1162 uum
2119 1095 2159 1164 dc

145 1185 242 1270 regni
264 1182 441 1249 haeredem
468 1205 540 1249 esse
562 1184 658 1264 sciat,
687 1183 766 1248 dum
793 1183 834 1248 ad
855 1183 1027 1249 Christum
1049 1202 1124 1266 per·
1176 1179 1393 1246 sacramentis
1415 1179 1555 1261 disserit,
1577 1181 1730 1247 bifariam
1750 1182 1842 1264 loqui
1863 1182 1957 1248 solet
2022 1184 2035 1247 i
2056 1203 2159 1267 quum

145 1272 244 1347 tinet,
281 1277 377 1334 extra
402 1289 503 1351 quem
531 1269 676 1352 undique
709 1291 797 1335 mors
825 1278 860 1334 et
891 1270 1030 1334 exitium
1064 1289 1124 1334 nos
1177 1265 1360 1350 hypocritis
1393 1265 1476 1350 agit,
1516 1269 1574 1350 qui
1606 1269 1698 1332 inani
1730 1269 1838 1353 figura
1870 1268 2055 1352 gloriantes
2089 1289 2159 1335 rem

144 1354 304 1423 obsident
357 1353 436 1419 Ideo
469 1355 680 1419 manifestare
706 1354 801 1420 nobis
829 1354 985 1421 Christus
1018 1355 1123 1436 patris
1176 1351 1283 1434 ipsam
1305 1351 1494 1437 negligunt:
1529 1359 1568 1417 ut
1589 1353 1719 1419 futilem
1741 1374 1857 1419 eorum
1879 1358 2060 1435 [666166]
2084 1375 2159 1420 con·

144 1463 266 1507 nomen
299 1440 434 1518 dicitur,
469 1441 545 1523 quia
577 1441 745 1506 electionis
777 1449 908 1507 nostrae
941 1440 1122 1519 scientiam,
1176 1435 1347 1502 fidentiam
1368 1444 1565 1520 prosternat,
1588 1460 1630 1504 cx
1647 1460 1802 1523 perverso
1820 1460 1933 1505 eorum
1951 1461 2054 1506 sensu
2072 1441 2159 1507 veri·

144 1546 230 1595 evan
255 1526 384 1591 6111661
407 1546 486 1592 voce
507 1533 679 1603 testatem,
708 1527 827 1610 spiritu
854 1547 983 1609 quoque
1005 1546 1066 1591 suc
1088 1525 1123 1590 in
1177 1530 1280 1587 tatem
1313 1522 1463 1608 asignis
1491 1533 1630 1608 separat.
1674 1525 1717 1589 In
1749 1526 1840 1591 huno
1868 1523 2005 1591 modum
2032 1525 2160 1592 Paulus

144 1548 298 1679 cordihus
320 1612 442 1676 nostris
466 1611 627 1695 obsignat.
668 1610 708 1678 Si
730 1611 887 1697 Pighic²)
909 1610 1065 1692 creditur,
1087 1611 1122 1674 in
1176 1613 1208 1685 (l
1235 1608 1309 1674 Cor.
1336 1613 1385 1688 10,
1408 1613 1426 1673 3
1449 1616 1517 1689 ss),
1540 1610 1624 1675 nihil
1646 1611 1808 1694 profuisse
1832 1611 1936 1676 veteri
1956 1611 2081 1695 populo
2103 1611 2159 1677 ad·

143 1697 301 1765 solvendo
331 1698 392 1763 hoc
424 1695 510 1761 nodo
544 1697 766 1781 inexplicabili
791 1699 839 1762 ita
869 1697 967 1777 sudo,
1002 1698 1122 1775 laboro,
1175 1702 1303 1773 monet,
1364 1692 1429 1760 uod
1457 1696 1493 1759 in
1532 1697 1633 1761 maris
1659 1697 1803 1762 transitu
1830 1696 2020 1781 baptizatus
2047 1697 2157 1777 fuerit,

143 1784 255 1849 omnia
276 1790 385 1861 verto,
413 1781 577 1847 confundo
599 1792 634 1848 et
654 1782 851 1849 transfundo
872 1784 909 1848 16
931 1783 1057 1861 616616,
1085 1791 1123 1847 61
1175 1779 1262 1863 qnod
1281 1785 1343 1845 ean
1385 1802 1420 1844 m
1438 1781 1608 1847 nobiscum
1626 1803 1735 1849 escam
1753 1781 1958 1865 spiritualem
1979 1782 2160 1849 comederit

143 1870 325 1935 clarissimo
341 1876 461 1952 pateat,
483 1870 615 1951 propria
635 1871 834 1936 conscientia
855 1891 909 1934 me
931 1869 1121 1952 constringi.
1175 1868 1211 1930 in
1244 1865 1373 1931 deserto
1405 1866 1544 1943 (eisdem
1579 1867 1703 1933 scilicet
1735 1866 1899 1934 donorum
1932 1869 2158 1951 spiritualium

142 1956 262 2039 Atqui,
288 1961 327 2019 ut
348 1954 541 2020 facillimum
563 1955 611 2018 illi
633 1956 711 2034 fuit,
741 1976 836 2020 suem
857 1957 956 2019 istam
978 1955 1122 2038 loquaci·
1141 1928 1152 2065 J
1176 1952 1334 2037 symbolis
1346 1953 1518 2018 nobiscum
1526 1953 1739 2037 participasse
1752 1954 1965 2037 intelligens).
1982 1958 2007 2033 ¹)
2019 1955 2158 2034 Verum,

142 2048 246 2107 tatem
269 2041 393 2124 absque
415 2038 533 2105 sudore
551 2041 759 2123 profundere,
782 2043 830 2106 ita
851 2042 924 2106 fieri
944 2047 1061 2124 potest,
1085 2047 1123 2104 ut
1148 2070 1152 2141 6
1175 2038 1232 2103 ubi
1250 2037 1338 2120 apud
1354 2036 1467 2103 fideles
1484 2039 1625 2105 habetur
1634 2059 1751 2116 661616,
1773 2060 1854 2104 usus
1872 2048 2159 2106 sacramentorum

143 2129 222 2193 vinc
248 2127 332 2192 bene
361 2124 530 2205 medidus,
552 2147 636 2209 quac
664 2127 713 2191 illi
738 2128 773 2191 in
799 2128 937 2193 buccam
960 2132 1124 2192 venerunt
1176 2131 1216 2189 ut
1247 2124 1430 2208 legitimus,
1463 2125 1512 2189 ita
1544 2125 1661 2191 efficax
1693 2124 1902 2190 describitur:
1936 2127 1996 2209 qui
2024 2125 2158 2192 divinae

143 2213 302 2288 convicia,
325 2220 450 2276 temere
471 2211 627 2295 nulloque
649 2212 774 2296 pudore
796 2213 970 2277 vomuerit.
1000 2211 1039 2277 si
1056 2213 1125 2276 fixa
1176 2210 1300 2276 scilicet
1338 2210 1538 2275 institutioni
1577 2211 1823 2295 respondeat.²)
1876 2209 1951 2291 Quo
1990 2214 2160 2294 pertinent

145 2304 181 2363 et
201 2297 401 2362 inevitabilis
424 2296 541 2362 salutis
563 2318 662 2363 causa
684 2306 743 2377 est,
766 2298 832 2364 Dei
875 2297 1123 2362 raedestinatio:
1175 2296 1258 2362 istae
1279 2296 1477 2361 sententiae:
1501 2296 1654 2362 Induisse
1677 2296 1864 2376 Christum,
1887 2297 2005 2363 insitos
2027 2298 2067 2362 in
2089 2299 2159 2363 cius

146 2403 279 2448 omnem
302 2383 414 2448 excuti
435 2381 530 2447 nobis
552 2381 705 2449 fiduciam
727 2392 846 2449 conten
870 2384 904 2447 ’1.
927 2383 975 2450 Ut
987 2384 1125 2449 verbum
1176 2401 1310 2466 eorpus,
1344 2388 1378 2446 et
1409 2381 1459 2447 illi
1499 2382 1722 2466 consepultos,
1763 2383 1822 2466 qui
1859 2382 1896 2446 in
1930 2383 2003 2449 6166
2037 2403 2160 2449 661666

146 2490 213 2534 666
236 2465 370 2532 addam:
404 2488 504 2549 quum
535 2466 630 2534 docet
650 2466 776 2534 Paulus
798 2470 899 2554 (11611.
927 2475 958 2548 l,
983 2471 1034 2552 4),
1064 2489 1126 2534 666
1177 2468 1334 2552 baptizati
1354 2475 1433 2533 sunt
1455 2467 1566 2544 (Rom.
1592 2473 1620 2547 6,
1644 2473 1663 2531 4
1671 2493 1679 2547 ;
1707 2467 1779 2534 Col.
1803 2472 1832 2547 2,
1860 2471 1914 2547 12;
1944 2468 2022 2535 Gal.
2047 2472 2079 2547 3,
2104 2473 2159 2546 27;

146 2553 213 2621 fide
235 2553 410 2637 participes
432 2554 628 2620 6666166166
651 2554 781 2620 divinae
804 2554 1001 2639 adeptionis,
1030 2554 1127 2621 sicuti
1182 2554 1297 2621 lCor.
1325 2557 1380 2633 12,
1410 2555 1474 2632 27).
1519 2552 1603 2619 Inde
1631 2553 1755 2638 colligit
1783 2553 1939 2637 Pighius,
1971 2555 2161 2638 quicunque

148 2638 1126 2724 661616661661666111661616611161616616611616666,
1177 2640 1298 2708 visibili
1321 2659 1425 2723 aquae
1454 2639 1616 2705 elemento
1634 2641 1759 2722 6666661
1775 2640 1909 2718 fuerint,
1943 2662 2023 2706 vere
2042 2641 2160 2725 spiritu

147 2727 185 2791 in
216 2726 317 2791 huius
351 2725 519 2791 doctrinae
553 2734 708 2791 contextu
737 2727 966 2793 inextricabile
994 2735 1044 2791 est
1074 2726 1127 2792 vel
1179 2727 1360 2812 regenitos,
1395 2732 1429 2790 61
1456 2727 1491 2790 16
1514 2725 1640 2791 Christi
1669 2746 1787 2808 corpus
1815 2725 1990 2805 coaluisse,
2025 2735 2069 2791 ut
2091 2728 2159 2792 Dec

147 2810 369 2896 perplexum?
415 2808 526 2892 Quum
560 2833 614 2877 ecs
648 2813 705 2895 qui
739 2814 830 2895 prius
859 2813 954 2879 electi
982 2814 1125 2891 fuerunt,
1179 2815 1312 2896 eiusque
1334 2812 1479 2877 iustitiae
1501 2812 1624 2876 vivant
1652 2812 1723 2877 Nec
1745 2831 1820 2876 eum
1839 2809 1948 2893 pudet,
1972 2813 2160 2896 complures

148 2897 244 2965 docet
275 2896 456 2962 secundum
484 2899 689 2981 propositum
717 2899 827 2963 vocari
857 2898 1029 2983 (116668,
1059 2900 1125 2980 28),
1179 2899 1300 2964 talibus
1329 2897 1456 2962 naeniis
1483 2898 1622 2981 paginas
1645 2897 1798 2981 implere,
1827 2918 1931 2980 quum
1958 2899 2160 2981 generaliter

147 2984 222 3063 rite,
244 2982 308 3047 nisi
328 2982 434 3061 fallor,
464 2983 1128 3050 66611116(1161666616611661611661616
1180 2986 1291 3051 omnia
1318 2981 1445 3049 Christi
1472 2983 1622 3048 membra
1644 2985 1826 3060 nominem,
1857 2982 1918 3049 sub
1946 3005 1985 3049 ec
2008 3004 2161 3049 sermone

148 3068 226 3134 fidei
245 3075 378 3134 nostrae
401 3068 634 3134 certitudinem
656 3070 816 3136 conciliat.
1181 3068 1412 3154 comprehendi
1457 3069 1641 3152 quicunque
1680 3076 1818 3134 externo
1862 3068 2027 3153 baptismo
2070 3069 2161 3136 tincti

238 3159 312 3234 [pag.
340 3159 414 3233 125]
443 3155 708 3235 Ratiocinatiu·⁸]
732 3155 886 3240 Pighius:
927 3153 966 3221 Si
987 3156 1024 3220 in
1046 3154 1128 3220 libro
1181 3159 1307 3233 66611)
1351 3154 1457 3220 Paulo
1480 3162 1554 3237 post
1575 3163 1686 3219 161666
1697 3159 1725 3233 ⁴)
1748 3154 1841 3237 quasi
1864 3162 2008 3222 retracta
2031 3155 2161 3222 alarum

150 3241 239 3306 61166
262 3240 376 3323 scripti
399 3248 490 3318 sunt,
514 3243 698 3325 quicunque
721 3250 801 3307 6661
823 3241 949 3307 Christi
970 3242 1128 3320 membra,
1181 3242 1396 3326 expansione,
1419 3240 1558 3319 subiicit,
1580 3241 1702 3306 multos
1726 3264 1746 3306 6
1768 3240 1902 3306 Christo
1925 3241 2085 3321 deficere,
2107 3240 2162 3325 qui

151 3326 295 3391 ebriosos
313 3345 401 3409 ergo,
425 3325 600 3405 adulteros,
619 3328 717 3407 fures,
736 3328 885 3411 periuros
902 3336 935 3392 ct
950 3326 1129 3393 homicidas
1182 3350 1260 3394 vere
1292 3328 1329 3391 in
1362 3329 1433 3392 cius
1466 3347 1585 3409 eorpus
1613 3327 1704 3393 insiti
1736 3328 1882 3391 fucrant:
1917 3348 1998 3392 6616
2032 3349 2116 3411 6666
2142 3349 2161 3391 6

151 3432 254 3496 regno
280 3411 346 3475 Dei
378 3420 494 3476 contra
525 3413 734 3478 manifestam
763 3413 903 3497 apostoli
932 3414 1129 3479 sententiam
1181 3422 1275 3498 patre
1308 3413 1370 3478 sibi
1403 3411 1542 3479 creditos
1575 3413 1611 3475 in
1652 3412 1750 3477 fidem
1790 3410 2040 3496 custodiamque
2071 3433 2161 3479 suam

151 3498 330 3582 potituros:
354 3497 485 3579 quando
503 3498 586 3563 16166
603 3498 846 3564 multiChristo
862 3520 921 3581 per
933 3498 1132 3583 baptismum
1182 3500 1314 3582 recipit,
1351 3500 1398 3562 116
1430 3499 1527 3583 fingit
1544 3498 1584 3563 ab
1618 3520 1656 3563 eo
1679 3499 1818 3574 6666611,
1859 3506 1898 3562 61
1926 3521 1946 3563 6
1976 3499 2083 3565 libero
2105 3518 2160 3565 suo
2225 3552 2234 3565 .

153 3590 232 3647 sunt
253 3583 378 3660 inserti,
402 3603 544 3666 cumque
561 3584 749 3649 induerunt.
793 3586 947 3649 Primum
975 3585 1131 3650 monendi
1183 3586 1319 3652 arbitrio
1341 3605 1534 3667 suspensam
1556 3584 1699 3649 habeant
1722 3603 1815 3649 suam
1838 3583 1988 3649 salutem.
2035 3584 2160 3661 Multis,

153 3675 233 3734 sunt
255 3667 337 3730 mihi
360 3667 508 3747 lectores,
532 3676 571 3732 61
594 3670 742 3734 66116616
763 3671 930 3753 paulisper
953 3671 994 3735 ad
1017 3672 1132 3736 611666-
1183 3674 1303 3756 166611,
1332 3669 1476 3736 tutelone
1504 3670 1629 3736 Christi
1658 3671 1763 3753 gretia
1787 3691 1853 3734 non
1882 3669 1988 3734 deest:
2019 3670 2081 3736 sed
2101 3669 2161 3753 ipsi

152 3774 232 3820 nom
253 3753 362 3830 161616,
385 3755 421 3817 16
444 3776 508 3836 666
527 3754 659 3819 lascivit
680 3756 828 3840 Pighius,
852 3756 1034 3839 scripturae
1056 3779 1131 3840 pro·
1184 3758 1247 3825 sibi
1270 3756 1399 3822 desunt.
1445 3761 1519 3836 [pag.
1546 3761 1619 3836 167]
1643 3756 1756 3833 Certe,
1788 3766 1824 3819 ut
1847 3775 2020 3838 nunquam
2043 3755 2162 3839 poterit

152 3839 355 3905 sanationem
383 3839 571 3904 advertant:
602 3840 719 3905 deinde
749 3849 786 3905 61
815 3843 849 3906 16
878 3863 917 3906 66
945 3842 1132 3907 ulciscenda
1184 3845 1265 3909 satis
1288 3864 1401 3910 666616
1425 3841 1598 3906 hominum
1619 3841 1766 3908 socordia
1788 3852 1821 3904 et
1844 3841 2052 3925 ingratitudo
2074 3864 2161 3908 coar·

153 3924 345 4008 expendant
366 3925 489 3990 iustum
503 3927 567 3990 Dei
588 3927 755 4003 iudicium,
778 3927 866 4009 quod
889 3927 1050 4010 66661616
1074 3951 1131 3993 cx·
1184 3931 1250 4013 gui,
1274 3929 1329 4012 qui
1352 3947 1387 3993 sc
1400 3928 1464 3993 Dei
1488 3926 1609 3991 auxilio
1628 3927 1827 3992 subducunt:
1851 3927 1898 3991 ita
1920 3928 2061 3993 minime
2084 3927 2162 3993 tolo·

154 4012 284 4094 666114)
317 4012 473 4095 'rotam-⁵)
496 4012 693 4094 scripturam
716 4012 853 4095 pedibus
876 4013 1011 4089 6616666,
1034 4014 1131 4078 modo
1184 4015 1297 4080 rabilis
1326 4020 1376 4078 661
1403 4015 1437 4077 16
1466 4012 1635 4078 Christum
1663 4012 1874 4091 contumelia,
1905 4013 2029 4079 electos
2058 4013 2162 4080 dicere

154 4097 268 4162 fucum
296 4097 472 4162 lectoribus
500 4097 613 4176 faciat,
643 4120 702 4180 pro
732 4098 834 4163 nihilo
863 4098 953 4163 ducit
980 4100 1129 4184 Pighius.
1184 4101 1224 4165 ab
1252 4122 1290 4165 eo
1318 4100 1458 4177 servari,
1483 4099 1511 4163 si
1533 4097 1630 4163 modo
1652 4099 1768 4182 seipsi
1792 4106 1961 4162 tueantur:
1997 4108 2037 4163 111
2059 4099 2160 4165 ambi·

154 4181 255 4247 Modo
287 4204 323 4247 se
358 4183 520 4267 imperitis
552 4183 714 4263 venditet,
748 4206 866 4266 susque
900 4184 1004 4268 deque
1032 4186 1133 4251 habet
1184 4208 1286 4271 guum
1310 4187 1354 4250 sit
1365 4185 1490 4251 Christi
1512 4183 1722 4267 praesidium,
1745 4184 1831 4267 quod
1854 4183 1984 4249 diabolo
2002 4191 2038 4249 61
2060 4185 2162 4249 omni·

152 4269 262 4354 prima
285 4289 432 4352 quaeque
461 4270 593 4352 pietatis
621 4269 809 4335 rudimenta
837 4271 1030 4336 convollere.
1075 4272 1132 4336 In·
1183 4273 1245 4339 bus
1266 4273 1445 4337 inferorum
1465 4271 1626 4336 machinis
1648 4269 1903 4353 inexpugnabile
1921 4271 1993 4335 fore
2011 4273 2162 4336 affirmat

153 4362 245 4420 terea
267 4353 432 4421 Dominus
456 4376 531 4419 eum
553 4363 664 4420 monte
686 4357 852 4438 privatum
873 4358 983 4439 pueris
1006 4379 1133 4441 quoque
1184 4361 1351 4424 Daturum
1374 4378 1408 4422 se
1431 4359 1534 4422 vitam
1557 4365 1725 4422 aeternam
1747 4356 1912 4439 promittit
1932 4356 2089 4423 omnibus
2110 4357 2164 4441 qui

152 4593 220 4649 itata
236 4594 412 4649 intuuntur:
439 4596 492 4648 Car
509 4595 578 4648 Dieu
596 4611 664 4648 nous
682 4612 698 4647 6
716 4595 818 4649 choisiz
843 4603 870 4649 et
888 4612 1015 4664 16666666
1034 4597 1133 4651 devant
1256 4598 1284 4663 1)
1305 4597 1378 4650 Add.
1401 4596 1477 4651 Nous
1495 4611 1597 4664 vovens
1615 4599 1656 4664 icy
1674 4612 1777 4650 comme
1795 4598 1813 4650 il
1832 4597 1919 4665 prend
1936 4598 1966 4650 la
1985 4596 2073 4666 ligure
2092 4610 2163 4654 toute

154 4678 207 4730 que
225 4678 294 4716 nous
313 4666 487 4731 pensassions
506 4680 539 4717 en
557 4665 615 4734 luy,
639 4665 712 4717 voire
732 4665 832 4718 devant
856 4681 908 4732 que
926 4682 995 4719 nous
1013 4666 1132 4723 iussione
1185 4667 1265 4721 vuide
1283 4667 1359 4720 selon
1378 4667 1405 4719 la
1422 4666 1572 4734 6616616116
1590 4665 1623 4718 de
1643 4668 1774 4733 66616111
1792 4681 1827 4720 en
1845 4667 1970 4720 ahusent.

155 4732 241 4850 6611,1
254 4746 322 4785 6666
342 4749 456 4853 6166666
475 4749 508 4786 eu
527 4732 604 4788 Iesus
623 4733 714 4787 Christ
731 4744 800 4788 6666
820 4749 1007 4801 commenqons
1027 4737 1133 4789 16616-
1184 4804 1210 4857 E
1254 4735 1285 4801 2)
1303 4734 1376 4789 Aac.
1396 4741 1423 4789 et
1440 4740 1570 4802 pourtaut
1587 4733 1606 4786 il
1625 4733 1650 4786 lc
1669 4735 1788 4788 conicint
1806 4750 1873 4789 avec
1891 4735 1919 4788 la
1934 4742 2015 4789 vcrtu
2029 4734 2066 4791 du
2081 4738 2164 4791 sainct

175 4814 272 4852 rentre
291 4815 341 4852 son
359 4810 483 4855 eectron.
547 4849 549 4854 .
1212 4805 1287 4859 6611.

155 4815 173 4867 p
224 4866 254 4928 1)
274 4867 347 4919 Adel.
366 4867 432 4923 c’est
449 4869 512 4937 qn’il
530 4869 591 4924 n’en
610 4870 725 4924 eherehe
744 4870 822 4937 point
844 4870 871 4923 la
889 4885 969 4924 cause
989 4869 1132 4928 d’ailleurs.
1226 4821 1283 4936 ι)3)
1308 4871 1375 4925 ‘Vide
1392 4887 1430 4925 an
1447 4885 1556 4924 teneam
1572 4868 1817 4938 6111666116611661
1835 4871 1855 4924 il
1872 4869 1917 4926 n’a
1934 4874 2014 4941 point
2031 4877 2115 4930 honte
2132 4873 2163 4927 de

223 4933 254 4997 2)
274 4933 301 4988 Si
319 4936 349 4988 Pi
368 4937 414 4991 bio
433 4976 542 4992 .....
560 4939 692 4993 vomuerit
712 4955 761 4992 om.
780 4939 935 5008 1116611166.
1184 4941 1315 4995 brouiller
1333 4940 1474 5008 beaucoup
1493 4939 1527 4993 de
1545 4937 1664 4992 feuillets
1680 4937 2163 5010 11661611611666666616666661

224 5001 255 5069 3)
274 5009 317 5058 est
336 4955 451 5059 61666111
469 5008 576 5075 iusques
595 5008 622 5061 11
638 5007 771 5076 d’orgeur.
1184 5011 1230 5077 qui
1248 5016 1295 5062 ont
1312 5024 1393 5062 recen
1411 5010 1436 5061 le
1455 5009 1530 5076 signe
1548 5007 2162 5081 11611161111Β6616661611666661661-666666·

223 5071 254 5136 4)
273 5072 320 5192 661
337 5075 464 5141 66661611
482 5092 515 5131 66
534 5077 692 5130 6611661166.
1185 5086 1229 5133 tez
1246 5078 1379 5131 membres
1397 5077 1431 5130 116
1446 5076 1544 5130 Christ.

223 5139 253 5206 5)
297 5146 371 5195 6166
389 5180 396 5193 .
416 5184 422 5195 .
441 5184 447 5197 .
467 5143 626 5199 convellere.
665 5144 741 5199 Haec
758 5144 856 5199 11661161
872 5145 1023 5215 tripolitae.
1254 5143 1284 5211 4)
1303 5145 1335 5199 16
1352 5144 1405 5200 fine
1423 5146 1484 5198 libri
1503 5144 1526 5198 1.
