4620 5894
930 279 933 282 ·
976 243 1349 314 Pconneommta
1697 304 1701 311 .
2066 246 2178 315 XVII

308 435 434 501 Forma
455 443 514 523 661Ι
528 433 696 501 octonaria
717 435 834 501 minor.
878 433 1055 500 Emblema
1082 433 1231 519 gladium
1254 434 1389 501 exhibet
1409 433 1480 500 sine
1500 435 1650 515 flamma,
1680 456 1798 503 verum
1820 457 1896 504 cum
1916 437 2088 504 notissimo
2109 456 2175 505 suo

149 546 279 631 adagio.
324 545 569 628 Quaternioues
597 552 676 612 sunt
701 569 761 612 sex
789 566 865 610 cum
895 543 1029 612 dimidio
1057 545 1201 631 (a-g);
1234 546 1375 631 paginae
1403 550 1597 613 numeratae
1620 550 1677 626 99,
1711 547 1858 631 reliquae
1886 569 2013 617 vacuae
2041 555 2175 631 praeter

148 679 271 739 unam,
298 680 383 743 quae
405 666 457 724 est
479 665 597 741 quarta
618 680 639 723 a
659 660 741 738 fine,
769 658 825 723 nbi
847 657 1005 723 lectorem
1024 654 1065 723 de
1087 657 1250 741 singulari
1270 658 1380 741 operis
1402 657 1616 740 dispositione
1637 658 1813 724 certiorem
1834 659 1914 724 facit
1936 657 2172 745 typographus.

148 768 257 837 Cuius
284 771 449 836 monitum
479 771 527 836 sic
556 769 717 836 decurrit:
759 778 1105 834 ADVERTISSEMENT.
1153 770 1218 851 Qae
1240 768 1443 849 1661661616,
1465 768 1534 850 ofin
1559 770 1598 834 de
1620 790 1659 834 ae
1680 769 1812 836 sobuser
1832 792 1870 836 ers
1892 772 1926 837 lc
1946 771 2119 837 1661616116
2139 788 2173 836 ce

142 886 275 965 precem
296 880 422 961 1161611,
451 886 558 964 seyent
578 881 720 947 6116611111
741 901 800 963 quc
820 881 898 947 d'ua
919 878 999 946 ccste'
1019 885 1091 946 6661
1113 881 1176 945 mis
1197 880 1243 945 les
1263 880 1388 946 articles
1409 881 1447 946 de
1468 900 1529 945 666
1549 881 1697 947 maistres
1720 902 1792 948 6666
1814 884 1884 948 leur
1902 882 1986 967 qiose
2008 881 2174 963 6161616-

147 995 229 1074 tior,
251 993 290 1058 de
311 993 421 1060 t'oatre
441 992 500 1074 qui
518 993 602 1057 estc
624 993 797 1074 toppcsr'te,
819 991 1198 1072 611661661616666666
1220 992 1371 1058 tellement
1391 992 1614 1074 6616116661,
1641 1013 1727 1076 6661
1749 994 1910 1060 cestim
1931 1014 1977 1058 66
1998 993 2123 1074 article,
2147 992 2175 1058 il

147 1104 222 1190 fuat
242 1111 355 1170 666161
375 1105 534 1171 1661616616
554 1103 589 1168 16
602 1123 689 1187 pope
711 1104 863 1186 opposite,
885 1101 1022 1189 66661161
1042 1124 1101 1185 que
1123 1103 1151 1169 le
1172 1103 1267 1185 tiltre,
1295 1105 1352 1186 qai
1379 1108 1425 1168 est
1444 1103 1638 1184 pardessus,
1661 1125 1785 1188 potero
1812 1110 1966 1171 1661161661
1986 1104 2061 1171 ceto.
2108 1102 2175 1171 Gar

149 1215 277 1281 blane
297 1216 355 1282 des
370 1236 472 1299 papea
494 1216 521 1281 11
540 1236 561 1298 y
580 1236 617 1280 o:
651 1215 789 1295 61116166,
821 1194 981 1283 1166111
998 1214 1025 1280 at
1044 1235 1066 1297 y
1087 1237 1124 1279 a:
1158 1216 1286 1281 remede.
1335 1215 1431 1297 Qu'on
1459 1235 1554 1300 sagae
1581 1216 1658 1302 dene
1685 1217 1764 1297 ceto,
1797 1221 1826 1281 et
1845 1235 2000 1300 666616
2026 1222 2174 1282 11666616

140 1329 236 1413 point
253 1327 423 1409 menae,
443 1332 631 1410 1166666661
650 1330 746 1409 qu'ors
766 1327 946 1410 cmioiapne
966 1347 1038 1392 avec
1059 1325 1177 1391 cbonm
1199 1326 1307 1392 article
1328 1326 1358 1392 le
1378 1327 1497 1392 remede
1517 1326 1575 1408 qui
1596 1333 1642 1393 est
1665 1327 1914 1409 correspondeat.

306 1439 457 1505 Exstant
488 1438 674 1505 Articuli
704 1438 760 1504 isti
789 1460 809 1503 a
835 1435 987 1503 Scrbona
1014 1438 1190 1521 parisiensi
1222 1436 1424 1522 promulgati
1457 1459 1532 1503 cum
1567 1438 1701 1504 Caluini
1734 1437 1933 1504 Antidoto
1966 1440 2001 1504 in
2034 1445 2173 1522 utroquo

144 1571 289 1636 corpore
311 1551 543 1618 Tractatuum:
577 1550 680 1614 latine
707 1548 796 1632 apud
820 1549 1007 1615 Gallesium
1035 1569 1109 1633 pag.
1134 1553 1334 1629 378-4093
1366 1547 1455 1632 apud
1476 1550 1600 1615 Beaam
1625 1555 1707 1614 1576
1736 1571 1810 1635 pag.
1835 1554 2033 1631 coe-329,
2063 1550 2100 1614 in
2121 1548 2172 1616 ed

143 1667 286 1729 11597
321 1683 397 1748 pag.
428 1665 624 1740 255-275;
664 1662 699 1726 iu
730 1660 906 1728 Stoeriana
938 1683 1011 1745 pag.
1041 1663 1250 1740 llll—2343
1290 1660 1430 1744 denique
1463 1661 1500 1725 iu
1532 1660 1834 1728 Amstelodamensi
1866 1683 1940 1746 pag.
1974 1664 2173 1728 leo-203.

144 1773 278 1842 Gallice
300 1775 340 1840 in
362 1773 439 1840 edit
463 1774 572 1857 prima
597 1775 678 1838 1566
701 1793 775 1857 pag.
798 1772 1266 1854 471—50631nsecundas.
1290 1770 1467 1838 Stoeriana
1488 1792 1562 1858 pag.
1587 1772 1779 1838 tal-572.

975 2065 1182 2152 CAPUT
1224 2067 1352 2151 XIX.

376 2288 632 2387 BRIEVE
665 2284 1116 2386 INSTRUCTION
1151 2286 1419 2385 CONTRE
1453 2285 1542 2385 LA
1564 2287 1781 2388 -SEOTE
1816 2289 1945 2387 DES

814 2432 1325 2532 ANABAPTISTES.
1367 2424 1517 2527 1544.

198 2674 477 2774 OONTRE
503 2673 593 2772 LA
619 2673 824 2773 SEOTE
852 2673 1033 2769 PHAN
1041 2672 1372 2777 TASTIQUE
1398 2675 1527 2773 DES
1554 2672 1875 2774 LIBERTIN
1877 2677 1923 2775 S.
1972 2667 2122 2771 1545.

439 2895 721 2995 EPISTRE
747 2896 892 2993 AUX
917 2894 1205 2994 FIDELES
1231 2895 1325 2993 DE
1352 2894 1588 2994 ROUEN
1621 2894 1889 2995 CONTRE

791 3034 886 3131 UN
921 3027 1325 3197 QORDELIER.
1383 3024 1534 3128 1547.

305 3255 487 3322 Neminem
514 3255 603 3320 inter
630 3253 742 3319 doctos
768 3252 1048 3336 historiarumque
1076 3254 1198 3319 saeculi
1220 3252 1339 3320 decimi
1360 3255 1446 3320 sexti
1467 3255 1591 3338 peritos
1611 3256 1727 3339 fugero
1748 3255 1949 3321 arbitramur
1970 3255 2170 3340 gravitatem

106 3398 109 3421 ·
164 3366 449 3451 minuitcsumque
482 3367 608 3432 exitum
640 3371 791 3431 motuum
823 3364 956 3430 illorum
988 3364 1377 3450 religioso-politicorum
1410 3365 1451 3431 ab
1478 3367 1722 3451 Anabaptisfis,
1752 3385 1836 3450 quos
1863 3367 2041 3446 vocabant,
2075 3366 2176 3452 longe

161 3476 282 3563 lataque
303 3479 535 3555 excitatorum,
558 3479 614 3562 qui
635 3476 824 3545 clanculum
845 3476 952 3559 primo
975 3484 1145 3558 serpentes
1167 3496 1246 3542 mox
1264 3477 1394 3559 publice
1416 3485 1450 3543 61
1471 3477 1745 3560 perniciosissime
1766 3487 1958 3562 eruperunt,
1980 3479 2016 3544 11
2037 3479 2175 3545 tandem

163 3600 283 3656 mata
306 3592 457 3674 oppressi
484 3598 564 3655 aunt
591 3589 826 3673 suppliciisque
856 3595 889 3653 et
917 3588 1080 3672 sanguine
1102 3588 1267 3654 exstincti.
1311 3588 1405 3654 Nihil
1428 3589 1587 3672 estquod
1609 3589 1739 3655 mireris
1761 3589 2073 3656 ettaleshomiues
2094 3600 2175 3659 tunc

164 3703 333 3779 exstitisse,
355 3710 389 3768 ct
410 3700 491 3767 talia
511 3703 552 3768 ab
574 3699 782 3778 adversariis,
805 3707 874 3765 tam
896 3699 1047 3789 civilibus
1068 3720 1167 3783 quam
1184 3699 1422 3781 ecelesiasticis,
1446 3722 1561 3785 passos
1578 3722 1658 3767 esse.
1703 3701 1747 3766 In
1765 3700 1918 3767 omnibus
1935 3703 2026 3767 enim
2042 3701 2176 3788 magnis

164 3813 506 3880 mbumausrum
517 3811 841 3891 commutationibus,
863 3811 1554 3895 6661161111111161611616611616166661
1576 3814 1680 3897 ipsius
1702 3812 1890 3896 opinionem
1901 3813 2055 3894 excitata,
2076 3813 2177 3880 fatale

166 3926 399 4009 quodrmmodo
420 3933 455 3991 et
476 3925 686 3991 ineluctabile
708 3944 780 3989 6666
802 3923 944 4003 videtur,
966 3943 1022 3990 eos
1044 3925 1131 4007 ipsos
1153 3924 1210 4007 qui
1232 3943 1285 3989 res
1303 3944 1406 3990 novas
1424 3933 1621 4007 promovent
1637 3925 1832 4007 plerumque
1849 3924 1885 3989 in
1904 3923 2052 3992 diversas
2069 3924 2176 3991 scindi

167 4046 282 4123 prees:
303 4037 408 4104 aliam
427 4037 558 4104 fortiter
580 4037 680 4102 simul
701 4045 735 4101 61
755 4037 992 4120 circumspecte
1013 4037 1193 4121 agentium,
1216 4056 1356 4118 quorum
1377 4035 1525 4102 humeris
1546 4036 1648 4102 totius
1664 4037 1714 4102 rei
1730 4035 1861 4118 pondus
1877 4034 2053 4116 incumbit;
2074 4035 2176 4102 aliam

169 4166 271 4217 mm
292 4150 353 4234 qui
368 4156 577 4215 remorentur
596 4157 629 4213 et
646 4148 797 4213 nolentes
814 4147 1003 4225 trahuntur,
1026 4147 1127 4213 aliam
1145 4146 1286 4230 denique
1305 4146 1511 4214 ardeliouum
1528 4155 1562 4214 et
1578 4148 1798 4226 factiosorum,
1822 4148 1878 4230 qui
1896 4147 1951 4214 vel
1967 4147 2176 4230 impatientia

172 4261 237 4342 aa,
264 4261 321 4327 161
344 4261 482 4326 scientia
503 4260 590 4326 male
611 4261 742 4340 1611116,
770 4259 824 4327 161
845 4258 1033 4325 ambitionis
1052 4259 1184 4343 pruritu
1205 4257 1348 4338 incitati,
1378 4280 1445 4325 una
1465 4259 1521 4325 vel
1542 4259 1648 4325 altera
1667 4260 1820 4324 veritatis
1847 4258 2010 4341 particula
2031 4268 2173 4343 arrepta,

172 4388 232 4439 flu
255 4392 496 4457 saepenumero
525 4373 598 4455 ipsa
625 4373 878 4456 exaggeratione
905 4378 1116 4454 pervertunt,
1150 4381 1183 4435 61
1210 4371 1337 4437 coelum
1366 4370 1463 4437 terris
1495 4372 1635 4438 miscere
1667 4370 1756 4436 haud
1789 4376 1962 4447 verentur,
1996 4369 2173 4438 dummodo

173 4480 300 4567 gloeioso
318 4485 457 4568 ingenio
479 4483 690 4549 satisfaciant.
715 4483 777 4548 'In
800 4484 864 4549 ista
884 4484 1098 4548 commotione
1119 4502 1180 4564 pro
1201 4483 1440 4549 instauratione
1461 4503 1630 4549 sacrorum
1653 4480 1843 4566 evangelica
1860 4500 1943 4547 saec.
1968 4481 2065 4548 XVI.
2087 4484 2176 4550 facta

175 4594 399 4682 masmae
420 4604 455 4662 ct
474 4594 692 4663 iconoclastae
713 4595 798 4660 varii
820 4595 951 4679 generis
972 4593 1150 4676 variaeque
1171 4592 1446 4660 denominationis
1467 4595 1544 4660 huic
1565 4595 1663 4659 tertio
1684 4591 1810 4677 agmini
1831 4593 1954 4675 passim
1975 4592 2173 4660 adnumera·

175 4700 287 4776 han.
329 4707 411 4774 Non
432 4706 590 4790 estquod
611 4707 667 4772 bic
689 4728 919 4772 recenseamus
941 4726 1056 4771 omues
1077 4705 1299 4788 inquisitionis
1321 4715 1395 4770 tum
1416 4706 1621 4790 theologicae
1642 4710 1714 4769 tum
1735 4703 1889 4787 politicae
1912 4706 2066 4771 saevitias
2088 4725 2173 4789 quac

178 4818 273 4889 llfia
289 4821 326 4887 in
347 4819 433 4887 locis
454 4826 660 4903 perpaucae
683 4829 763 4883 sunt
785 4820 820 4882 iu
843 4818 993 4883 homines
1019 4837 1161 4901 quorum
1189 4817 1269 4882 alios
1299 4819 1490 4883 innocentes
1517 4826 1550 4882 61
1576 4817 1675 4898 plane
1697 4815 1907 4897 christianos,
1937 4816 2018 4882 alios
2040 4815 2172 4884 rabidos

182 4936 321 4999 116616
342 4938 459 5015 captos
482 4930 617 5009 dixeris,
639 4938 674 4995 et
694 4931 906 4995 miseratione
927 4931 1036 5012 potius
1058 4950 1156 5011 quam
1177 4948 1283 5012 poena
1304 4928 1430 5012 dignos.
1475 4926 1559 5007 Sed,
1582 4927 1666 5010 proh
1688 4927 1795 5005 dolor,
1818 4933 1867 4993 sic
1886 4928 2012 4993 ferebat
2030 4931 2172 4994 istorum

200 5058 338 5128 1661616
361 5042 509 5112 conditio
520 5050 555 5106 et
575 5042 793 5108 fanaticorum
815 5040 1022 5125 quorundam
1043 5041 1226 5120 hominum,
1248 5040 1403 5105 miseram
1425 5038 1631 5123 plebeculam
1652 5040 1687 5104 in
1705 5060 1800 5105 suam
1817 5047 1940 5105 sectam
1957 5038 2172 5117 trahentium,

204 5156 292 5223 bna
317 5155 463 5224 audacia
492 5161 526 5219 et
550 5153 690 5219 insanie.
735 5154 816 5219 Post
845 5152 1049 5238 tragoediam
1070 5153 1365 5218 Monasteriensem
1393 5153 1464 5235 ipse
1491 5152 1705 5237 magistratus
1734 5157 1846 5216 noster
1868 5150 2171 5234 Argentorateusia

261 5268 374 5325 06161111
387 5281 486 5338 opera
527 5263 584 5320 Vol.
608 5265 676 5321 VH.
1943 5277 1964 5329 (¹,
