4620 5894
148 237 188 298 at
733 223 962 294 Aamoom
984 220 1280 294 recubueris
1302 221 1600 317 PARISIENSIS
2130 225 2173 289 28

144 421 254 509 palam
275 425 335 486 est
378 417 496 484 Refert
515 415 617 483 etiam
638 413 902 499 Augustinus,‘¹)
925 434 1006 497 quas
1028 435 1127 482 exon·
1186 410 1350 478 Probatur
1372 410 1524 476 similiter
1544 411 1688 478 ratione:
1703 413 1725 495 ¹)
1747 410 1835 494 Quia
1852 413 1880 478 si
1903 411 2172 481 satisfaciendum

146 508 291 579 sationes
308 512 501 589 praetexere
515 501 666 569 solebant
681 501 734 566 sui
754 500 912 582 temporis
927 497 1128 567 idololatrae.
1186 505 1238 564 est
1259 518 1319 581 pro
1340 497 1483 581 peccatis
1505 498 1540 562 in
1563 497 1625 563 hac
1647 498 1716 564 vita
1737 498 1883 577 mortali,
1912 501 2062 584 sequitur
2084 496 2172 583 quod

145 592 312 661 Dicebant
333 591 422 657 enim
444 589 608 673 vulgares,
631 608 666 652 se
683 607 751 651 non
767 585 898 652 visibile
914 584 997 652 illud
1014 586 1130 665 colere,
1186 584 1244 669 qui
1264 590 1463 667 praeventus
1492 592 1542 649 est
1563 590 1684 665 morte,
1715 583 1812 651 debet
1837 585 2026 652 satisfacere
2048 587 2084 650 in
2106 583 2171 651 alio

147 678 206 749 sed
234 699 360 744 numen
388 673 474 760 quod
500 674 570 740 illio
599 671 809 739 invisibiliter
840 671 1017 738 habitabat
1064 672 1133 755 Qui
1186 668 1323 747 mundo,
1352 677 1386 735 et
1411 691 1471 753 per
1492 689 1695 752 consequens
1725 678 1775 736 est
1801 671 1893 737 locus
1922 671 2105 738 destinatus
2128 670 2171 736 ad

148 787 227 833 vero
254 763 470 850 purgatioris,
499 768 537 827 ut
560 762 632 845 ipse
652 759 816 842 loquitur,
840 757 1007 908 relifionis
1026 765 1133 838 erant,
1187 753 1344 822 solvenda
1376 755 1486 821 debita
1513 776 1597 839 quae
1624 763 1760 821 restant.
1806 756 1972 824 Probatur
1998 759 2099 823 etiam
2128 779 2171 824 ex

147 874 209 919 neo
230 850 459 928 simulacrum,
487 866 548 912 nec
575 845 784 911 daemonium
805 866 840 910 se
862 865 968 910 coore
990 845 1133 925 aiebant,
1186 841 1395 926 philosophia
1422 841 1580 906 naturali:
1608 843 1685 925 quia
1712 843 1858 923 animae,
1885 864 1966 927 quae
1994 865 2170 912 exorasse

147 937 207 1005 sed
228 958 288 1020 per
305 936 449 1021 effigiem
471 953 659 1017 corpoream
681 930 803 995 intueri
826 931 897 997 eius
919 933 968 995 rei
990 931 1133 1016 signum,
1187 929 1333 1012 corporis
1351 935 1472 993 natura
1485 935 1663 993 traxerunt
1672 928 1844 995 humorem
1856 927 2086 1013 ponderosum,
2102 953 2169 997 non

149 1044 250 1109 quam
279 1021 385 1089 colere
413 1020 578 1086 deberent
623 1017 719 1082 Idem
745 1037 789 1082 ex
815 1015 959 1083 Eusebio
987 1025 1021 1082 et
1047 1017 1134 1083 Lao-
1186 1024 1321 1098 possent
1341 1015 1454 1079 statim
1475 1015 1511 1078 in
1538 1013 1666 1080 coelum
1689 1015 1834 1097 evolare,
1863 1016 1927 1082 nisi
1949 1017 2041 1099 prius
2064 1017 2169 1085 desio-

147 1110 253 1176 tantio
275 1109 352 1175 licet
367 1105 563 1190 intelligere.
598 1103 712 1186 Quum
726 1125 804 1188 ergo
825 1102 908 1169 nihil
926 1125 946 1168 a
967 1103 1134 1169 veteribus
1186 1108 1343 1167 narentur
1370 1101 1569 1186 perignem.
1617 1098 1715 1181 Quod
1744 1110 1855 1167 autem
1881 1102 2034 1187 magistri
2062 1104 2169 1170 nostri

146 1194 328 1262 idololatris
349 1193 512 1269 differant,
534 1191 590 1274 qui
612 1189 709 1255 hodie
733 1210 768 1255 se
789 1195 1003 1272 prosternunt
1024 1210 1134 1256 coram
1186 1196 1340 1254 asserunt
1361 1186 1501 1252 firmiter
1520 1185 1731 1264 credendum,
1755 1196 1789 1254 et
1806 1187 1995 1255 nullatenus
2013 1186 2169 1257 dubitan-

148 1282 283 1361 statuis,
306 1279 536 1346 constituimus
559 1298 600 1341 ex
624 1275 724 1343 verbo
745 1276 824 1352 Dei,
847 1282 882 1340 et
902 1281 1053 1341 veterum
1074 1297 1133 1359 pa·
1186 1272 1275 1352 dum,
1297 1272 1382 1356 quod
1401 1272 1501 1339 habet
1521 1279 1651 1339 tantum
1669 1274 1897 1357 apparentiam
1918 1275 2169 1358 probabilitatis,

148 1375 237 1434 trum
266 1363 444 1443 sententia,
473 1384 599 1428 morem
628 1361 716 1426 huno
744 1368 857 1445 aperte
884 1359 1043 1427 damnari.
1088 1362 1134 1426 Et
1185 1361 1221 1424 in
1245 1381 1282 1425 eo
1310 1359 1440 1442 sequuti
1466 1367 1546 1424 sunt
1572 1358 1721 1443 regulam
1750 1361 1845 1426 iuris:
1868 1360 1999 1428 Dubius
2027 1362 2063 1427 in
2091 1363 2166 1444 fide,

148 1461 237 1522 certe
270 1471 387 1519 verum
420 1457 471 1515 est
504 1446 591 1532 quod
625 1447 673 1511 ait
706 1447 930 1531 Augustinus,
966 1449 1133 1513 neminem
1185 1444 1327 1511 infidelis
1345 1453 1403 1511 ost.
1450 1442 1564 1511 Satius
1587 1453 1770 1511 esttamen
1793 1446 1914 1524 dicere,
1938 1447 2026 1530 quod
2048 1451 2167 1516 sitres

147 1561 258 1619 orare,
282 1537 336 1604 vel
357 1534 492 1601 adorare
520 1536 709 1599 intuentem
731 1533 961 1611 simulacrum,
990 1533 1069 1617 quin
1092 1533 1132 1598 ab
1186 1531 1420 1597 indubitabilis.
1465 1531 1551 1595 Nam
1578 1530 1652 1596 dato
1681 1532 1769 1615 quod
1791 1534 1934 1598 rationes
1956 1555 2039 1616 quae
2061 1535 2167 1602 addu-

147 1648 185 1693 eo
213 1623 364 1691 exaudiri
393 1643 428 1688 se
451 1629 554 1705 putet.
599 1619 673 1685 Hoc
700 1620 788 1684 enim
815 1618 893 1685 facit
920 1627 955 1684 et
976 1618 1133 1703 quodam·
1185 1625 1304 1684 cuntur
1326 1618 1394 1683 sint
1411 1617 1538 1694 dubiae,
1562 1617 1720 1683 autoritas
1738 1628 1851 1684 tamen
1873 1618 2029 1687 ecclesiae
2050 1643 2166 1706 super·

147 1711 245 1779 modo
267 1715 442 1792 extorquet
463 1706 522 1772 illa
543 1706 766 1772 membrorum
787 1707 907 1789 figura,
935 1706 1055 1789 inquit,
1083 1705 1133 1770 uti
1185 1705 1325 1769 veniens
1350 1725 1405 1768 eas
1433 1703 1599 1770 certificat
1644 1703 1718 1770 Hoc
1747 1713 1858 1770 autem
1884 1706 1991 1789 posito
2014 1708 2099 1791 quod
2113 1711 2167 1776 'sit

148 1801 278 1865 animus
299 1797 336 1860 in
357 1813 493 1877 corpore
514 1793 641 1871 vivens,
664 1792 843 1858 arbitretur
860 1793 982 1856 sentire
1005 1811 1131 1873 corpus,
1184 1790 1428 1874 purgatorium,
1462 1791 1610 1872 sequitur
1643 1789 1857 1856 infallibiliter
1888 1791 2043 1858 alterum:
2079 1797 2166 1881 quod

148 1883 235 1970 quod
258 1903 318 1950 suo
343 1879 548 1947 simillimum
570 1877 669 1944 videt.
715 1876 860 1944 Proinde
881 1897 983 1959 quum
1004 1877 1041 1940 in
1062 1876 1132 1942 loco
1183 1877 1323 1942 miserae
1368 1876 1511 1956 animae,
1558 1896 1642 1958 quae
1688 1875 1733 1941 ibi
1774 1881 2026 1961 torquentur,²)
2071 1881 2165 1949 adiu·

148 1969 307 2036 eminenti
326 1967 493 2046 locantur,
516 1974 554 2031 ut
573 1986 593 2030 a
614 1963 823 2048 precantibus
845 1961 1033 2042 videantur,
1062 1962 1134 2045 ipsa
1184 1961 1312 2027 vandae
1339 1961 1408 2027 sint
1435 1962 1589 2029 vivorum
1616 1961 1799 2048 suffragiis:
1834 1972 1868 2028 et
1894 1964 2076 2032 tenendum
2104 1977 2164 2048 est,

148 2053 363 2122 similitudine
392 2054 613 2118 animatorum
639 2050 864 2115 membrorum
901 2055 936 2113 et
964 2069 1131 2127 sensuum,
1184 2047 1270 2130 quod
1296 2069 1364 2113 non
1393 2049 1464 2115 sine
1493 2069 1592 2114 causa
1617 2050 1719 2114 missa
1740 2072 1799 2134 pro
1827 2048 1990 2117 defunctis
2011 2052 2167 2121 instituta

147 2141 300 2226 quamvis
328 2160 427 2206 sensu
449 2148 483 2203 et
510 2137 621 2202 anima
642 2143 785 2214 careant,
810 2134 960 2200 afficiunt
983 2135 1132 2200 infirmos
1183 2132 1262 2211 fnit,
1293 2154 1377 2218 quae
1414 2135 1649 2219 praesupponit
1672 2136 1800 2202 animas
1831 2137 1989 2203 sacrificio
2026 2138 2084 2205 illo
2112 2141 2164 2208 iu·

147 2228 284 2308 animos,
307 2234 345 2291 ut
360 2226 474 2292 vivere
496 2245 534 2289 ao
551 2223 677 2306 spirare
694 2220 877 2286 videantur.
910 2220 985 2286 Hac
1006 2221 1133 2286 ratione
1184 2220 1256 2285 vari
1288 2241 1394 2304 posse.
1439 2220 1519 2286 Ideo
1546 2221 1602 2304 pia
1628 2228 1736 2288 mater
1762 2222 1913 2302 ecclesia,
1949 2245 2051 2308 quum
2079 2226 2168 2295 nihil

149 2312 318 2381 deoretum
347 2311 411 2377 fuit
436 2307 570 2392 olim,²)
603 2326 737 2390 nequa
769 2307 899 2389 pictura
930 2306 967 2371 in
1000 2306 1132 2390 templis
1184 2305 1321 2371 haberet
1340 2307 1377 2371 in
1398 2307 1584 2392 scripturis,
1612 2308 1729 2374 maluit
1750 2307 1841 2375 abuti
1862 2309 2021 2390 Psalmis,
2045 2320 2079 2378 et
2100 2313 2167 2383 leo-

147 2404 251 2479 esset,
287 2419 330 2463 ne
361 2395 447 2480 quod
476 2394 595 2461 colitur
625 2392 679 2461 vel
705 2391 862 2458 adoratur
888 2393 924 2457 in
951 2393 1132 2475 parietibus
1184 2391 1330 2458 tionibus
1352 2414 1394 2458 ex
1414 2392 1498 2460 libro
1519 2393 1594 2472 Iob,
1626 2401 1660 2458 et
1680 2395 1794 2461 multis
1816 2395 1896 2462 locis
1917 2396 2165 2481 prophetarum,

147 2486 192 2553 sit
208 2485 383 2568 depictum.
419 2480 499 2546 Ideo
515 2479 711 2545 Ambrosius
720 2480 749 2563 ⁸)
771 2476 811 2545 de
828 2477 958 2543 Helena
978 2478 1130 2562 loquens:
1184 2498 1284 2561 quam
1311 2478 1495 2563 relinquere
1517 2481 1655 2546 miseras
1678 2481 1806 2547 animas
1834 2483 1905 2549 sine
1927 2482 2165 2554 sublevatione

147 2572 282 2638 Invenit
304 2568 446 2647 titulum,
466 2565 581 2650 inquit,
602 2586 714 2650 regem
735 2563 893 2641 adoravit,
916 2585 983 2630 non
1000 2564 1131 2648 lignum

147 2658 277 2757 utique,
305 2655 381 2737 quia
402 2653 457 2718 hio
485 2651 618 2738 gentilis
646 2659 698 2718 est
725 2671 833 2741 error,
863 2658 896 2715 et
916 2650 1046 2717 vanitas
1068 2651 1131 2716 im·
1562 2700 1787 2758 ANTIDOTUM·

171 2765 287 2809 rorum.

148 2764 171 2826 P
1270 2822 1323 2888 De
1349 2825 1540 2908 purgatorio
1570 2825 1604 2888 in
1633 2823 1812 2906 ¹scripturis
1840 2834 2037 2910 perpetuum
2064 2829 2165 2896 silen-

437 2958 703 3028 ARHOULUS
725 2960 832 3026 ΗΠ
1183 2908 1282 2973 tium:
1312 2918 1347 2975 et
1368 2911 1629 2994 Augustinus,⁸)
1658 2911 1714 2992 qui
1742 2910 1778 2973 in
1806 2933 1846 2976 ea
1872 2933 1907 2976 re
1935 2915 2167 2982 eonsuetudini

416 3048 422 3062 ,
833 3012 840 3026 ·
1183 2993 1285 3073 cedit,
1320 2997 1468 3081 agnoscit
1498 3003 1611 3062 tamen
1643 2995 1736 3061 nullo
1758 2999 1940 3080 scripturae
1977 3001 2166 3069 testimonio

460 3089 528 3170 ΒΘ
559 3087 821 3199 Pufglfflil
1183 3080 1272 3233 {tlt
1290 3082 1755 3251 tth'fltttlttllrtt
1774 3083 1991 3237 lldllll
2012 3086 2166 3242 ltl‘lt:

234 3255 289 3322 Ad
310 3254 385 3322 hacc
399 3254 535 3337 palor
554 3255 739 3320 emendam
759 3259 804 3321 est
824 3236 853 3319 et
875 3254 1054 3321 ambacuc
1074 3255 1132 3320 du·
1183 3253 1350 3333 noricam,
1373 3276 1434 3322 neo
1455 3262 1565 3322 certae
1587 3253 1791 3335 autoritatis,
1821 3263 1855 3321 et
1874 3257 1945 3340 ipse
1966 3259 2104 3339 fatetur,
2133 3269 2166 3327 et

147 3344 310 3410 abacta
334 3341 555 3426 propatorium
584 3360 666 3407 eece:
696 3342 732 3406 ia
758 3360 819 3423 qao
848 3341 974 3407 comae
995 3341 1131 3408 ᾶθίθηῖαθ
1183 3339 1410 3426 Hieronymus
1439 3340 1608 3422 admonet,
1638 3350 1672 3407 et
1697 3343 1845 3408 omnium
1872 3364 2034 3411 consensu
2055 3345 2166 3429 prodi·

148 3430 302 3508 cuma,
332 3428 467 3507 ieiunio,
496 3426 686 3510 elsarnosyno
714 3427 849 3510 uiaque
878 3427 966 3494 boum
987 3426 1131 3512 operibus
1183 3433 1255 3490 tum
1276 3434 1334 3492 est.
1379 3427 1466 3493 Nam
1494 3427 1602 3494 locum
1628 3429 1685 3512 qui
1706 3428 1801 3492 citari
1823 3429 1907 3495 solet
1928 3451 1971 3496 ex
1992 3432 2101 3514 priore
2124 3433 2166 3499 ad

148 3517 311 3594 incautior,
333 3521 368 3580 at
388 3515 482 3580 citius
503 3513 671 3581 liberentur
691 3535 712 3579 a
728 3515 853 3596 poenis.
1182 3511 1372 3579 Corinthios
1390 3517 1421 3597 (1
1443 3514 1518 3580 Ocr.
1537 3519 1566 3594 3,
1589 3516 1652 3600 13),
1675 3515 1745 3598 ipse
1763 3515 1860 3582 ahter
1879 3519 2028 3599 exponit:
2051 3539 2166 3601 quem·

1183 3598 1360 3665 admodum
1395 3601 1468 3666 sani
1502 3622 1617 3667 omnes
1649 3602 1745 3669 aliter
1780 3603 2011 3686 exponendum
2038 3604 2164 3672 vident

236 3686 402 3754 Probatur
423 3687 484 3752 sio:
508 3685 596 3767 Quia
616 3684 730 3751 multis
751 3686 872 3751 sanctis
894 3686 1074 3765 monachis,
1097 3694 1131 3752 et
1184 3683 1279 3751 Siout
1315 3687 1403 3752 enim
1436 3687 1631 3770 metaphora
1660 3690 1767 3754 estin
1796 3689 1985 3756 nominibus
2014 3691 2164 3775 stipulae,

149 3775 277 3843 devotis
310 3773 471 3838 matronis
504 3771 607 3839 factae
642 3778 722 3837 sunt
754 3771 866 3838 variae
899 3773 1129 3855 apparitiones,
1183 3771 1287 3850 foeni,
1310 3780 1344 3837 et
1364 3773 1461 3858 ligni:
1485 3774 1533 3838 ita
1550 3775 1665 3856 procul
1687 3773 1785 3841 dubio
1808 3797 1929 3842 nomen
1950 3777 2038 3861 ignis
2060 3786 2166 3844 meta-

149 3862 207 3929 ubi
236 3861 366 3926 animae
389 3858 451 3924 hoc
473 3857 644 3924 dixerunt:
672 3858 758 3924 siout
774 3855 914 3923 habetur
935 3859 970 3923 in
993 3858 1131 3944 dialogis
1183 3858 1316 3940 phorice
1336 3860 1465 3943 eapitur
1486 3881 1545 3943 pro
1567 3861 1719 3925 examine
1741 3862 1892 3946 spiritus,
1915 3884 1979 3946 quc
2001 3863 2166 3930 humanae

149 3947 306 4032 Gregorii
329 3943 371 4010 ad
393 3944 448 4010 lon
531 3946 629 4024 ,imo
650 3965 711 4028 per
732 3950 848 4008 totum.
895 3941 993 4024 Quod
1014 3947 1041 4010 si
1059 3947 1130 4012 Lu·
1183 3943 1350 4010 dochinus
1376 3953 1531 4028 pereunt:
1565 3946 1630 4010 Dei
1663 3952 1773 4012 autem
1807 3949 1930 4013 veritas
1957 3951 2064 4014 instar
2092 3951 2187 4017 auri.

148 4033 280 4100 therani
301 4051 362 4114 pro
384 4030 489 4095 nih'o
511 4038 669 4114 reputent
690 4029 774 4095 tales
795 4029 1022 4111 revelationes,
1046 4033 1131 4098 siout
1182 4032 1348 4117 probatur.
1385 4032 1530 4098 'llametsi
1553 4039 1665 4098 autem
1682 4034 1901 4118 Augustinus,
1924 4043 1961 4101 ut
1979 4035 2057 4115 dixi,
2076 4037 2167 4104 vinci

147 4121 211 4204 ipsi
230 4119 358 4197 dicunt,
386 4116 440 4183 vel
463 4137 534 4183 esse
555 4116 748 4200 phantasias
769 4114 894 4181 cerebri
915 4117 1002 4182 male
1022 4116 1130 4201 dispo-
1183 4139 1219 4183 se
1251 4139 1271 4182 a
1309 4118 1544 4184 consuetudine
1584 4140 1701 4201 passus
1743 4128 1809 4200 est,
1861 4127 1897 4184 ut
1933 4123 2165 4205 purgatorium

148 4206 219 4285 siti,
243 4204 296 4272 vol
318 4210 448 4287 spectra
468 4211 502 4269 et
523 4203 733 4287 praestigias,
757 4201 877 4285 quibus
900 4200 1006 4268 Satan
1027 4203 1131 4270 illusit
1182 4224 1249 4269 non
1278 4213 1430 4288 negaret:
1467 4204 1552 4269 nihil
1581 4212 1692 4270 tamen
1734 4206 1832 4272 audet
1865 4227 2020 4273 asserere.
2071 4206 2165 4291 Quin

148 4291 351 4358 hominibus:
375 4288 571 4374 respondeo,
596 4288 803 4355 authenticas
825 4288 926 4354 fuisse
947 4289 1049 4356 factae
1071 4311 1130 4373 per
1183 4291 1284 4355 etiem
1312 4290 1500 4357 dubitanter
1533 4291 1691 4374 loquitur,
1729 4292 1840 4359 dicens
1875 4291 2067 4359 incredibile
2096 4315 2164 4361 non

150 4377 359 4444 autoritatem
371 4374 535 4461 Gregorii,
554 4377 610 4459 qui
620 4375 684 4440 fuit
694 4396 788 4458 papa.
817 4373 984 4441 Probatur
1002 4375 1129 4457 deindo,
1182 4397 1269 4457 esse,
1292 4384 1339 4457 et,
1362 4385 1475 4443 utrum
1497 4379 1544 4443 ita
1565 4377 1622 4456 sit,
1666 4379 1757 4444 uaeri
1778 4400 1881 4462 posse.
1926 4379 1980 4444 Ad
2002 4379 2085 4446 haee
2106 4400 2163 4446 ne·

149 4484 209 4547 per
241 4462 331 4546 longi
364 4463 521 4546 temporis
555 4461 855 4546 praescriptionem.
900 4459 989 4542 Quia
1016 4483 1130 4530 omnes
1182 4466 1346 4547 quaquam
1372 4464 1434 4529 sibi
1461 4471 1598 4531 constat.
1643 4399 1815 4548 giqnidem
1842 4465 1905 4532 alio
1933 4465 2003 4530 loeo
2025 4467 2163 4546 animas,

150 4548 305 4616 ecclesiae
327 4554 406 4613 sunt
427 4548 583 4614 fundatae
605 4569 704 4632 super
721 4546 911 4631 opinionem
932 4550 1129 4635 purgatorii:
1182 4571 1284 4632 quum
1306 4548 1346 4614 de
1368 4551 1499 4616 saeculo
1522 4551 1679 4629 exierint,
1709 4550 1856 4618 diversas
1878 4551 2081 4635 receptiones
2103 4552 2163 4619 ha·

149 4634 204 4702 vel
230 4633 347 4700 saltem
372 4632 606 4717 locupletatae,
643 4632 761 4718 quoad*
777 4634 1013 4702 anniversaria.
1057 4635 1129 4701 Imo
1181 4636 1259 4701 bere
1279 4635 1395 4714 tradit,
1426 4636 1483 4702 ubi
1506 4635 1585 4702 boni
1607 4636 1726 4721 gaudio
1748 4638 1917 4717 fruantur,
1946 4646 2164 4722 torqueantur

149 4721 250 4787 etiam
280 4719 402 4803 pagani
429 4720 495 4785 iem
521 4720 688 4788 habebant
712 4719 813 4784 istam
841 4718 1009 4801 notitiam,
1045 4723 1130 4788 sicut
1182 4720 1270 4786 mali.
1317 4722 1478 4804 Requiem
1501 4744 1612 4805 porro,
1641 4743 1723 4806 quae
1745 4726 1902 4790 continuo
1924 4732 2163 4808 postmortem

150 4814 288 4892 apparet
315 4816 388 4870 tum
412 4824 454 4869 ex
487 4809 609 4889 poetis,
645 4813 679 4872 et
706 4805 900 4889 praesertim
928 4829 970 4874 ex
999 4806 1128 4875 Ovidio.
1187 4872 1193 4877 .

150 4942 356 4955 μ

220 5026 249 5096 1)
266 5028 298 5083 n
316 5026 380 5084 rso
407 5025 459 5082 113
1183 4938 1435 5103 Be'mlelefrnoggur
1453 4962 1574 5018 similiter
1591 4966 1704 5021 ratione.
1740 4965 1819 5022 aaa
1835 4966 2033 5024 invemat
2047 4971 2080 5023 a
2097 4966 2162 5025 «aa

216 5095 248 5233 {l
266 5096 612 5223 glan-lkhtl‘lliltioiiildudree
628 5167 785 5225 Theodosii.
1251 5098 1283 5236 ἐξ
1300 5117 1347 5228 Ἐξ
1361 5109 1426 5226 ἓξὲξ
1442 5101 1625 5240 ᾓοῗθὲῗξξὼ
1643 5186 1685 5241 ag·
1704 5189 1763 5242 cap·
1781 5172 1806 5229 1·
