4620 5894
182 244 245 309 379
507 240 510 246 ’
852 229 976 300 ACTA
997 226 1179 298 SYNODI
1200 229 1522 297 salsamina
2128 229 2197 297 880

183 418 1166 515 pseudepiobleetusmeusiuquobeueeomplaauitaui·
1216 418 1552 501 irupediruutapaois
1579 418 1671 484 uuim
1697 417 1787 484 meda
1813 415 2198 500 eramusmaerore

183 534 254 582 mae
275 532 377 579 uuae:
399 509 472 576 dedi
493 508 645 591 spiritmn
665 526 769 572 meum
790 526 888 588 super
909 526 988 587 eum,
1010 504 1166 571 iudicium
1217 508 1355 586 matum
1376 505 1471 587 pasis
1499 508 1630 586 portum
1654 504 1888 586 perveniemus,
1922 503 1954 569 si
1982 503 2131 584 precibus
2157 501 2198 569 ab

181 600 326 688 questibus
357 594 534 675 mutuabit,
569 613 632 660 uem
671 593 841 672 emteudet,
879 611 977 674 meque
1010 591 1165 671 clamabit,
1217 590 1332 656 bamili
1353 596 1382 655 et
1400 590 1528 658 enutrio
1548 591 1639 657 eorde
1654 588 1807 672 protestis
1829 590 1937 671 ipsum
1960 587 2080 655 Obristi
2100 587 2200 671 spiri·

183 686 374 756 arundiuem
394 685 578 766 quassatam
604 700 667 746 nou
687 679 870 762 mafriuqet,
901 683 929 744 et
949 678 1051 744 timum
1070 677 1167 758 fumi»
1216 681 1292 757 tum,
1313 677 1370 758 qui
1388 681 1433 742 est
1448 696 1518 759 pau
1537 681 1654 756 uestra,
1672 677 1936 742 invocaverimus:
1955 680 1992 740 ut
2010 676 2047 740 iu
2060 672 2199 743 miuus

183 792 265 859 qaus
293 790 356 836 mou
383 768 564 850 exstinquet.
609 764 705 831 Hune
725 785 797 830 uero
817 764 969 845 spiritum
991 763 1094 845 pasis,
1117 783 1167 828 aa·
1212 763 1412 846 praesideat,
1438 766 1474 827 ut
1493 762 1593 829 tuom»
1611 762 1758 828 sordibus
1778 762 1897 828 uostris
1916 760 2079 845 infundat:
2104 764 2200 843 utque

184 857 294 926 sitatis
321 861 351 922 et
376 851 642 930 mauaududiuis,
672 870 769 932 qumu
796 869 917 932 semper
944 850 1032 930 apud
1052 867 1166 928 murem,
1217 869 1275 915 uos
1294 850 1330 913 iu
1351 846 1495 913 omuibus
1513 850 1557 915 ad
1573 849 1680 931 ipsius
1699 847 1852 926 bouormu,
1873 853 1902 913 et
1923 844 2201 913 oeramEaeleeiae

184 949 215 1013 et
233 962 305 1010 aum
326 939 470 1007 ommibus
486 937 643 1004 orasse
660 937 840 1002 debeamus:
857 940 924 1001 tum
940 955 1012 1001 vero
1028 935 1167 1000 rmeime
1218 934 1385 999 utilitatem
1405 938 1537 1016 reputet
1558 935 1686 1019 diripat.
1731 933 1787 998 Ad
1807 933 1886 1000 tales
1907 932 2199 1014 abrasisset:

185 1030 223 1096 iu
243 1028 299 1094 boo
319 1045 409 1093 suere
430 1042 573 1091 musessu
593 1023 629 1088 iu
650 1043 711 1105 que
732 1021 944 1100 assumimus,
965 1026 1001 1086 ut
1015 1041 1077 1101 per
1093 1041 1167 1104 qra-
1218 1019 1335 1086 Adbua
1354 1025 1383 1084 te
1404 1019 1551 1102 loquente,
1572 1039 1636 1086 eaeo
1656 1019 1779 1087 adsum
1827 1019 1940 1101 Quare,
1963 1024 2000 1085 ut
2018 1016 2203 1085 huiusmodi

185 1116 268 1183 mum
288 1113 395 1194 ipsius
419 1109 575 1193 Spiritus,
597 1109 851 1188 aouteutieuibus,
887 1127 968 1189 quae
989 1107 1087 1171 mimis
1108 1107 1168 1171 diu
1219 1106 1412 1172 erationibus
1433 1107 1563 1172 assidue
1582 1104 1808 1186 iuarmbmuue,
1829 1111 1950 1187 qrmma
1960 1123 2135 1191 possumus
2151 1122 2204 1169 ea-

189 1199 367 1266 Eeoiesium
388 1200 551 1274 premunt,
572 1195 649 1277 buis
667 1195 789 1261 taudem
811 1199 885 1274 [pag.
905 1199 957 1273 aa]
976 1194 1166 1273 importatur.
1219 1193 1314 1257 ritate
1334 1212 1387 1256 eos
1407 1191 1444 1256 ia
1459 1192 1597 1259 Domino
1617 1190 1792 1271 hortamur,
1809 1197 1845 1257 ut
1863 1213 1926 1257 meo
1946 1212 2008 1271 ore,
2026 1195 2120 1273 atque
2137 1209 2204 1257 uuo
2261 1200 2265 1205 '

191 1286 309 1368 (leuare,
337 1304 377 1350 ue
406 1283 473 1364 ipsi
499 1282 600 1347 mom
625 1281 826 1346 eorueutiems
853 1299 968 1346 ausam
999 1279 1098 1342 alicui
1119 1278 1168 1343 de
1219 1279 1340 1360 spirita
1371 1276 1477 1343 Deum
1502 1283 1630 1360 patrem
1663 1279 1699 1343 ia
1729 1276 1852 1344 Christo
1879 1279 1957 1344 Iesu
1979 1277 2202 1361 phmfieeruus,

185 1369 359 1525 meai
374 1367 583 1519 pagisorum
599 1387 770 1519 {term
787 1367 943 1464 perimus,
964 1365 1104 1428 meatus
1124 1367 1170 1514 αέίέ
1220 1365 1278 1447 qui
1297 1367 1344 1430 est
1364 1363 1455 1429 Deus
1476 1363 1710 1465 benedicturis
1730 1364 1865 1444 mesula,
1888 1363 2000 1431 Amen.

301 1475 365 1521 um
445 1474 479 1520 oe
499 1473 590 1533 uero,
756 1474 778 1519 a
798 1472 905 1519 murrea
926 1450 1121 1517 uuoemuuoda
1446 1488 1459 1511 ..

869 1702 1139 1774 PRAEFATIO
1161 1705 1213 1771 IN
1234 1703 1523 1773 ANTOEOTUM.

273 1888 348 1963 [pag.
379 1886 434 1962 30]
472 1881 548 1947 Hoe
582 1881 685 1946 habet
722 1878 928 1946 reverentiae
965 1878 1003 1941 in
1035 1876 1172 1943 eeelesia
1224 1878 1300 1962 gius
1328 1876 1523 1961 produeere,
1552 1878 1637 1943 nihil
1663 1898 1745 1961 opus
1772 1884 1824 1945 est
1848 1877 2109 1963 inpraesentia
2153 1877 2209 1944 De

187 1970 370 2039 ehristiana
403 1968 490 2033 sueri
518 1966 645 2033 eeneilii
678 1986 815 2043 nomen,
844 1972 883 2029 ut
909 1963 1076 2042 auditum,
1104 1983 1172 2028 non
1224 1963 1420 2030 [tudertino
1448 1965 1538 2030 enim
1565 1964 1701 2031 eoneilie
1728 1985 1826 2049 agere
1852 1965 1996 2031 institui:
2024 1961 2113 2049 quod
2140 1962 2209 2030 illis

189 2056 237 2122 im
280 2051 476 2120 ritosmedo
497 2053 666 2136 protinus,
690 2052 748 2119 sed
771 2071 891 2136 gravem
913 2051 1070 2114 etiamst
1091 2068 1171 2114 sano
1224 2050 1322 2134 longe
1343 2057 1395 2116 est
1412 2049 1580 2117 dissimile.
1613 2049 1727 2130 Quum
1743 2057 1793 2117 tot
1814 2057 2030 2118 eernerentur
2046 2051 2082 2116 in
2104 2048 2210 2125 seele-

189 2143 227 2210 iu
255 2142 319 2205 ieie
355 2138 521 2223 praeditos
558 2139 709 2203 homines
746 2142 959 2204 commoveat.
1004 2135 1051 2200 Et
1083 2154 1171 2213 sans,
1225 2137 1275 2201 sia
1296 2136 1514 2219 corruptelas:
1538 2157 1639 2220 quum
1665 2136 1705 2201 de
1726 2137 1895 2222 religionis
1919 2136 2067 2203 doetrina
2087 2155 2210 2220 graves

190 2248 295 2313 quum
317 2225 378 2292 hoe
405 2226 446 2291 ab
467 2225 563 2288 initio
589 2223 743 2290 eurandis
771 2222 927 2290 eeelesias
948 2242 1028 2287 suas
1049 2219 1173 2286 morbis
1225 2230 1360 2287 exortae
1389 2229 1501 2288 essent
1528 2222 1771 2303 eontentionas,
1800 2223 1857 2288 diu
1884 2229 1918 2289 st
1944 2223 2100 2288 ardenter
2120 2219 2210 2287 mul·

189 2315 351 2381 usitatim
368 2309 553 2376 remedium
571 2308 758 2376 adhibuerit
776 2308 881 2386 Deus,
904 2313 943 2372 ut
959 2307 1174 2373 eonvenirent
1226 2315 1336 2373 terum
1363 2308 1447 2374 vetis
1475 2308 1659 2390 expetitum
1687 2309 1751 2374 fuit
1778 2309 1967 2376 eaneihum:
1995 2309 2053 2392 qui
2084 2307 2211 2374 seilieat

188 2399 238 2486 pii
269 2405 304 2464 et
336 2397 442 2464 saneti
472 2402 637 2479 pastores,
677 2416 716 2461 ae
748 2395 901 2461 invocato
935 2393 1007 2459 eius
1039 2393 1173 2456 nomina
1226 2393 1288 2459 hee
1314 2392 1410 2458 medo
1438 2392 1541 2459 finem
1566 2395 1662 2459 malis
1691 2394 1842 2461 omnibus
1870 2395 2009 2460 allatum
2032 2394 2074 2460 iri
2096 2413 2211 2478 spera·

190 2491 376 2553 statuerent
411 2480 499 2566 quod
528 2481 664 2565 spiritus
698 2488 833 2546 sanetus
861 2479 1022 2545 distabat:
1054 2478 1173 2543 merito
1225 2480 1315 2546 bant
1359 2479 1518 2562 Imperite
1540 2479 1576 2545 id
1597 2479 1750 2564 quidem:
1779 2481 1866 2546 Nam
1893 2489 1932 2546 ut
1958 2480 2057 2547 hedis
2086 2478 2211 2546 eonsti-

191 2570 283 2639 aud
309 2590 424 2635 amnes
450 2568 525 2652 pios
550 2569 587 2632 in
611 2567 734 2632 honore
767 2565 905 2631 sensilia
937 2585 1008 2630 asse
1040 2563 1173 2629 debent.
1227 2573 1319 2631 tutus
1337 2575 1388 2631 est
1405 2587 1517 2632 rerum
1534 2573 1651 2645 status,
1675 2566 1771 2633 fusile
1788 2567 2001 2651 perspiciunt,
2020 2566 2211 2651 quieunqne

226 2677 267 2724 ee
292 2655 434 2721 interest
462 2651 550 2736 quod
577 2652 698 2737 vulgus
725 2652 899 2716 hominum
919 2649 1095 2715 immodiea
1116 2648 1174 2715 ad-
1226 2651 1280 2717 vel
1302 2651 1461 2718 mediocri
1481 2651 1658 2736 prudentia
1680 2661 1759 2717 sunt
1780 2653 1930 2736 praediti,
1952 2653 2084 2718 nullam
2104 2650 2212 2718 malo·

191 2741 366 2808 miratione
388 2741 599 2823 obstupeseit,
629 2748 667 2803 ut
687 2738 772 2803 nihil
790 2745 910 2888 gestes
930 2734 1061 2802 iudicet
1105 2734 1175 2816 Qui
1226 2758 1303 2802 rum
1330 2737 1530 2805 levationem
1564 2738 1605 2804 ab
1631 2739 1672 2804 iis
1708 2745 1781 2818 [pag.
1807 2745 1861 2819 32]
1896 2738 2095 2822 sperandam
2127 2758 2212 2817 esee,

195 2848 276 2897 vero
299 2833 378 2892 sunt
400 2825 562 2905 saniores,
585 2825 710 2891 sensim
732 2825 788 2907 qui
812 2846 864 2889 em
886 2829 921 2889 at
938 2820 1095 2900 modeste,
1118 2819 1177 2888 sad
1227 2844 1366 2906 querum
1387 2831 1446 2904 est,
1469 2830 1542 2891 tum
1563 2825 1709 2909 eogendi,
1731 2831 1805 2890 tum
1832 2824 1977 2891 habendi
1998 2823 2130 2893 eonsilii
2151 2844 2212 2908 pe-

190 2921 304 2981 tamen
325 2913 493 2996 inquirere
522 2912 586 2977 sibi
613 2918 691 2976 ante
714 2912 925 2994 permittunt,
954 2928 1054 2992 quam
1075 2907 1174 2991 plane
1227 2915 1339 2975 testas.
1385 2909 1454 2976 Sed
1481 2911 1653 2994 quianon
1681 2910 1861 2994 apparebat
1888 2912 1955 2977 alia
1976 2911 2093 2979 melior
2115 2910 2212 2991 ratio,

191 2999 426 3069 assentiantur.
472 2999 582 3082 Atque
608 2997 657 3061 ita
678 2997 752 3062 fieri
779 2996 950 3063 usuvenit:
979 3015 1021 3059 ne
1048 3002 1174 3059 temere
1227 2995 1363 3078 plurimi
1383 3017 1451 3062 non
1474 2997 1555 3062 mali
1577 2996 1743 3076 homiues,
1766 2998 1822 3080 qui
1844 2998 2033 3064 eonsultum
2055 2995 2213 3064 eeclesiae

190 3085 290 3152 nudis
311 3085 486 3151 hominum
507 3083 651 3167 plaeitis,
683 3081 742 3148 sed
763 3083 822 3148 uni
848 3088 982 3147 tantum
1002 3081 1075 3146 Deo
1097 3080 1175 3146 sub·
1227 3083 1402 3164 optabant,
1441 3103 1484 3147 ex
1519 3083 1658 3149 eoneilie
1698 3082 1822 3167 aliquid
1860 3083 1923 3150 sibi
1959 3083 2211 3168 pollieebantur.

190 3173 314 3241 seribat
343 3171 434 3237 fides
490 3168 554 3235 Sed
585 3168 784 3248 reelamant,
822 3168 941 3251 quibus
979 3173 1067 3232 certa
1099 3186 1175 3249 per·
1227 3168 1344 3251 Itaque
1372 3190 1392 3234 a
1418 3169 1534 3234 multis
1561 3168 1798 3249 desideratum,
1832 3169 1967 3235 tandem
1998 3169 2093 3254 quasi
2125 3188 2213 3236 eom·

190 3279 325 3327 suasum
347 3264 412 3336 est,
435 3263 493 3322 aut
514 3256 570 3339 qui
591 3255 711 3321 saltem
732 3255 806 3320 aliis
827 3252 1027 3338 persuadere
1049 3251 1174 3330 volunt,
1227 3255 1322 3319 muni
1343 3255 1518 3320 christiani
1538 3256 1627 3321 orbis
1654 3277 1734 3323 voee
1754 3256 1941 3340 flagitatum
1961 3255 2035 3323 filit
2080 3253 2214 3337 Quibus

191 3344 377 3423 eonsilium,
400 3342 627 3426 qualecunque
647 3342 707 3421 sit,
735 3339 833 3406 modo
853 3339 918 3405 rite
939 3339 983 3404 sit
1004 3338 1174 3417 indietum,
1227 3350 1340 3406 autem
1362 3340 1403 3407 de
1425 3341 1533 3406 eausis
1555 3340 1756 3424 aliquamdiu
1776 3342 1917 3407 dilatum
1938 3341 2052 3424 fuerit,
2082 3340 2212 3426 perspi·

191 3428 859 3579 ttutoehtfftttttmstt
881 3432 1176 3578 ἰῗῖΐιιὲἓὲἓῖἓιὲ
1227 3427 1591 3580 turstatt·
1619 3428 2032 3581 thalattias
2041 3429 2213 3582 tlt?

192 3600 304 3682 reeipi,
326 3535 485 3681 qii‘idquid
502 3597 581 3664 inde
602 3565 768 3682 prodierit,
801 3600 849 3664 At
860 3534 994 3681 q(quanto
1015 3597 1176 3682 Augusti·
1228 3600 1332 3679 fietas,
1360 3600 1507 3682 quisquis
1540 3535 1618 3665 neri³
1630 3598 1736 3679 videt,
1770 3566 1845 3683 plus
1860 3536 1967 3684 l(iriam
2000 3620 2116 3668 eaeeus
2148 3606 2211 3668 eet

192 3707 258 3753 nus
279 3682 497 3768 prudentior?
521 3690 604 3765 [pege
624 3689 678 3763 31]
700 3686 757 3767 qui
778 3705 838 3767 pro
861 3684 1022 3767 singulari
1043 3683 1175 3766 quidem
1228 3684 1356 3764 Quibus
1378 3693 1489 3751 autem
1510 3687 1617 3752 eausis
1638 3687 1740 3752 fuerit
1757 3687 1926 3766 adductus,
1945 3693 1984 3752 ut
2000 3707 2212 3770 quaeeunque

194 3792 257 3839 sua
293 3769 469 3850 modestia,
508 3790 577 3834 non
607 3770 806 3835 medioerem
838 3770 984 3835 eonsiliis
1017 3769 1176 3834 honoram
1227 3778 1339 3853 posset
1364 3793 1474 3837 moras
1501 3778 1664 3852 uastaret,
1693 3772 1764 3855 ipse
1791 3773 1924 3856 quidem
1950 3773 2068 3840 melius
2095 3773 2211 3841 namt:

192 3856 315 3925 defert:
337 3856 431 3921 illam
452 3863 575 3934 tamen,
598 3876 697 3938 quam
717 3855 801 3934 dini,
828 3855 1086 3920 moderationem
1108 3875 1176 3919 non
1227 3856 1338 3939 aliqua
1369 3865 1482 3921 tamen
1515 3878 1557 3922 ex
1588 3865 1684 3940 parte
1715 3859 1875 3926 eoniieere
1907 3881 2091 3942 possumus
2135 3861 2212 3929 Hee

191 3949 367 4030 propterea
388 3943 531 4008 retinere
554 3941 684 4006 desinit.
728 3942 816 4006 Nam
838 3940 996 4007 adversus
1018 3939 1175 4005 Maximi·
1226 3941 1300 4006 ideo
1329 3943 1454 4007 laetum
1475 3950 1595 4024 putant
1616 3945 1782 4021 nonnulli,
1810 3967 1867 4026 ne,
1890 3952 2048 4029 tunquam
2069 3945 2212 4032 vulgare

191 4052 274 4097 num
296 4029 461 4095 Asianum
483 4027 649 4094 seribens:
672 4027 789 4110 Neque
811 4048 872 4112 ego
893 4024 1057 4113 synodum
1078 4026 1175 4091 Niee-
1228 4027 1400 4110 quiddam,
1428 4029 1604 4094 eonsilium
1625 4030 1799 4097 vileseeret
1824 4040 1894 4097 tam
1915 4031 2211 4118 apud⁸Prineipes,

192 4137 281 4196 nam,
296 4117 321 4199 ι)
344 4115 462 4198 inquit,
485 4135 547 4180 nee
567 4120 604 4178 tu
621 4114 871 4179 Ariminensem
889 4110 996 4192 debes,
1019 4119 1176 4194 tunquam
1227 4135 1326 4196 quam
1355 4112 1444 4196 apud
1471 4114 1630 4198 plebeios,
1644 4118 1668 4199 ¹)
1698 4119 1726 4182 si
1747 4126 1817 4183 tam
1839 4117 1934 4183 faeile
1962 4119 2075 4183 statim
2094 4119 2213 4187 linisset

191 4201 491 4284 praeiudieaturus,
520 4198 648 4267 afferre
691 4200 763 4266 Nee
785 4220 847 4284 ege
869 4199 967 4264 huius
990 4198 1176 4278 autoritate,
1226 4200 1448 4284 impetratum.
1485 4200 1578 4266 Solet
1594 4203 1683 4268 euim
1701 4205 1843 4286 pretinm
1861 4205 1961 4270 rebus
1972 4203 2093 4270 addere
2110 4205 2213 4291 longa

192 4308 255 4353 nee
277 4295 313 4352 tu
334 4288 424 4353 illius
447 4285 613 4351 detineris.
660 4283 911 4369 seripturarum
933 4285 1174 4365 autoritatibus,
1227 4287 1443 4370 exspuetstie,
1483 4285 1580 4353 modo
1618 4310 1661 4354 ne
1692 4289 1839 4355 taedium
1876 4291 2085 4357 interveniat
2136 4293 2213 4376 Ego

192 4393 263 4438 non
282 4393 552 4456 quorumeunque
570 4372 722 4455 propriis,
745 4370 803 4437 sed
825 4373 972 4454 utrisque
993 4371 1175 4437 eommuni-
1227 4381 1339 4438 tamen
1362 4373 1462 4438 aliam
1484 4373 1584 4439 tuias
1606 4375 1769 4440 rationem
1789 4376 1906 4442 iudieo.
1951 4377 2099 4443 Tametsi
2120 4379 2213 4445 euim

192 4457 257 4523 bus
279 4461 433 4538 testibus,
462 4480 516 4525 res
543 4479 693 4538 sumre,
722 4479 820 4523 eausa
848 4479 923 4524 eum
950 4479 1062 4536 eausa,
1092 4459 1176 4523 ratio
1228 4460 1403 4526 eonsilium
1426 4459 1514 4542 quod
1534 4458 1636 4541 daret,
1659 4461 1782 4527 seiebst
1799 4463 1885 4527 nihil
1902 4462 1971 4528 fore
1988 4463 2088 4542 aliud,
2110 4484 2213 4549 quam

194 4563 272 4610 eum
301 4545 429 4611 ratione
451 4552 563 4612 uertet
609 4545 755 4610 Tantum
777 4544 840 4610 sibi
866 4551 900 4609 et
921 4544 994 4609 aliis
1015 4543 1177 4609 libertatis
1228 4544 1463 4612 eonduetitiam
1495 4545 1628 4611 turbam
1657 4568 1793 4613 suorum
1825 4549 2043 4629 assealarum,
2077 4551 2113 4616 in
2146 4569 2213 4633 qua

194 4636 330 4696 sanetus
352 4631 404 4697 vir
425 4631 583 4711 coneedit,
600 4639 640 4696 ut
660 4653 703 4696 ne
724 4630 767 4696 ad
788 4629 1025 4714 praeiudieium
1046 4630 1178 4713 quidem
1228 4633 1298 4715 ipse
1320 4633 1409 4697 eolus
1430 4631 1605 4711 emineret,
1634 4654 1673 4697 ea
1701 4642 1813 4700 tamen
1841 4642 1892 4700 est
1919 4636 1970 4701 vis
1997 4635 2105 4702 malae
2133 4656 2212 4702 eon·

194 4715 306 4782 valere
324 4714 487 4781 Nieenum
508 4717 684 4784 eonsilium
705 4717 795 4796 velit,
817 4718 881 4783 nisi
899 4736 1017 4783 eausae
1038 4717 1177 4783 veritate
1229 4718 1395 4792 scientiae,
1418 4727 1457 4781 ut
1478 4717 1660 4801 trepidaret
1677 4720 1832 4786 adsolum
1854 4721 1982 4786 consilii
1998 4723 2211 4789 mentionem.

195 4821 238 4866 en
260 4801 435 4883 seripturis
457 4802 539 4867 bene
559 4809 741 4886 perspecta.
1231 4803 1318 4869 Nam
1352 4802 1432 4869 adeo
1460 4803 1620 4872 dissoluta
1646 4813 1681 4872 et
1710 4807 1848 4873 effraeni
1874 4807 2011 4875 libidine
2038 4815 2212 4893 grassatur

282 4885 421 4965 Verum,
444 4886 485 4951 de
505 4889 624 4972 priseis
645 4890 712 4956 illis
730 4889 877 4956 eeneiliis
898 4909 1085 4955 sermonem
1105 4889 1177 4954 lon-

1299 5091 1328 5159 1)
1351 5093 1492 5149 amasae
1508 5095 1558 5152 boe
1575 5097 1721 5153 membrum
1742 5099 1773 5152 ie
1790 5097 1926 5166 remoue,
1948 5098 2018 5154 er'eut
2040 5099 2124 5156 mom
2141 5114 2212 5171 quau

266 5160 296 5229 1)
315 5162 362 5231 qui
378 5176 395 5216 a
413 5161 473 5217 estb
489 5159 517 5216 le
534 5161 668 5231 prineipal
684 5163 730 5233 qu
746 5161 790 5219 tut
806 5163 901 5218 mmsis
918 5177 953 5218 en
970 5161 1091 5232 l'llglise.
1227 5163 1354 5231 proxime
1369 5165 1493 5233 requitur
1509 5167 1630 5234 phrasis.
