4620 5894
144 333 265 404 XLIV
735 332 1011 403 TRAO'MTUS
1032 332 1328 404 monofflol
1348 332 1572 402 MINORES.

300 527 444 613 Legitur
463 525 545 594 1666
567 526 676 593 versio
698 525 818 611 gallioa
834 526 870 591 16
887 524 1033 609 Corpore
1050 530 1252 592 1666161666
1268 521 1401 589 Bonane
1422 525 1514 603 1566,
1536 542 1611 608 pag.
1634 524 1863 604 1009---11183
1885 529 1919 589 61
1936 521 1972 587 16
1989 520 2164 588 Stoeriane

147 642 242 720 1611,
264 659 339 724 pag.
365 640 585 704 llas-1274.
630 636 809 721 appendix
830 635 946 723 gullioe
967 657 1033 702 non
1056 642 1174 701 exstat.

820 1032 826 1041 ·
953 981 1159 1068 OAPUT
1211 980 1359 1065 XXV.

310 1220 677 1322 CONSENSIO
712 1220 954 1317 MUTUA
988 1219 1063 1316 IN
1096 1218 1187 1314 RE
1221 1215 1806 1317 SAORAMENTARIA.
1856 1208 2007 1313 1549.

303 1440 412 1524 Quam
437 1441 556 1526 longae
578 1461 741 1524 quamque
763 1438 983 1522 deplorandae
1005 1438 1046 1504 (16
1068 1457 1161 1504 66666
1182 1458 1285 1504 66666
1306 1439 1550 1506 6661666666166
1573 1439 1720 1521 661666
1744 1437 1834 1504 16166
1852 1437 1943 1523 16666
1964 1438 2165 1508 6161661666

147 1573 319 1622 saerorum
343 1551 637 1619 instaurandorum
665 1550 867 1638 coryphaeos
891 1550 971 1616 olim
992 1558 1128 1616 exortae
1150 1551 1232 1629 sint,
1255 1571 1355 1633 quam
1377 1550 1497 1615 6661166
1518 1559 1632 1633 postea
1653 1558 1687 1614 ot
1707 1570 1807 1633 quam
1828 1550 2029 1633 16616661111
2052 1553 2164 1619 animo

147 1664 189 1730 ab
210 1685 324 1730 eorum
347 1664 481 1731 essedis
504 1665 728 1742 continuatae,
757 1683 854 1728 nemo
881 1669 933 1728 661
958 1663 1015 1746 661
1043 1663 1177 1729 neseiat.
1221 1661 1337 1746 Ipsum
1362 1666 1515 1727 nostrum
1537 1660 1716 1728 Calvinum
1743 1681 1830 1727 nova
1858 1661 1968 1745 aliqua
1997 1669 2031 1728 61
2054 1663 2166 1730 media

81 1764 85 1771 ⁴
146 1775 205 1842 616
224 1776 414 1860 ingressum
434 1775 596 1855 vidimus,
622 1775 750 1840 tamin
771 1774 987 1841 Institutione
1007 1795 1068 1840 666
1089 1794 1189 1857 quarn
1210 1774 1245 1837 in
1265 1773 1339 1839 aliis
1360 1773 1505 1855 seriptis,
1538 1782 1572 1839 61
1593 1779 1710 1859 typum
1732 1772 1900 1840 doetrinae
1921 1773 1962 1842 ab
1984 1795 2023 1840 66
2044 1795 2165 1859 propo·

15 1952 19 1963 ,
147 1888 264 1968 61166,
292 1888 329 1951 16
357 1907 421 1970 666
449 1887 657 1971 aequiaseere
683 1893 818 1970 possent
844 1905 958 1951 omnes
985 1885 1105 1968 quibus
1133 1883 1287 1969 Zwinglii
1315 1885 1482 1950 sententia
1509 1883 1550 1950 de
1572 1885 1712 1970 mystiea
1734 1894 2017 1953 sacramentorum
2037 1886 2166 1954 6161616

147 1999 250 2064 61616
272 1999 418 2064 16661166
438 1998 600 2064 iudicasse
622 1997 804 2076 videbatur,
827 2017 935 2080 66666
957 1997 1069 2062 61666
1090 1995 1115 2060 11
1136 1995 1194 2078 661
1214 1994 1488 2062 Lutherauorum
1510 1994 1642 2081 dogma,
1665 2005 1780 2081 utpote
1801 1998 1940 2064 rationis
1961 1997 2167 2081 simplieitati

147 2111 260 2177 minus
280 2110 488 2190 6666661666,
512 2109 666 2194 66616611
687 2104 894 2174 recusabant.

302 2221 474 2287 Lutherus
500 2223 571 2304 ipse
597 2220 728 2287 biennio
755 2228 833 2284 ante
860 2219 987 2285 obitum
1014 2239 1112 2285 suum
1140 2219 1397 2285 oontroversiam
1424 2217 1517 2283 illam
1540 2219 1742 2303 aliquamdiu
1763 2242 1824 2305 per
1844 2221 2019 2287 formulam
2041 2220 2167 2288 1111116-

147 2332 343 2418 bergensem
360 2332 501 2416 sopitam
519 2330 736 2397 instauravit:
759 2330 853 2396 ouius
870 2331 1039 2396 auerrimis
1056 2327 1236 2396 insultibus
1253 2329 1451 2396 ’1661666666
1468 2351 1537 2396 666
1554 2332 1665 2398 minus
1682 2332 1897 2399 vehementer
1913 2331 2167 2417 responderunt,
2238 2394 2241 2401 .

148 2444 360 2529 antesignani
381 2442 548 2527 quondam
569 2444 621 2510 sui
642 2448 676 2508 et
696 2441 850 2526 magistri
870 2441 1064 2507 memoriam
1085 2447 1118 2507 61
1140 2438 1325 2507 doetrinam
1346 2440 1446 2507 simul
1463 2441 1562 2509 enixo
1579 2449 1718 2510 tuentes.
1764 2441 1856 2526 Quos
1875 2450 1987 2510 tamen
2004 2430 2167 2512 calvinus

148 2560 217 2621 tam
238 2556 274 2620 in
294 2554 415 2622 iudioio
436 2554 478 2620 de
500 2554 641 2621 Lutheri
670 2554 797 2619 meritis
825 2553 861 2618 in
888 2552 1034 2619 medium
1061 2551 1189 2636 prolato
1216 2572 1316 2636 6666
1342 2551 1378 2617 16
1405 2552 1508 2636 166166
1531 2555 1718 2639 argumenti
1739 2555 1936 2622 traotatione
1958 2556 2007 2622 rei
2028 2556 2166 2623 minime

148 2666 345 2734 satisfooisse
377 2674 512 2750 questus
543 2674 601 2733 661.
646 2666 719 2731 Iam
744 2665 802 2729 illo
830 2664 998 2749 praeolaro
1021 2663 1221 2730 Germaniae
1254 2663 1381 2729 lumine
1413 2665 1576 2732 exstineto
1606 2676 1642 2732 61
1672 2666 1901 2752 theologorum
1933 2667 2166 2734 saxonioorum

148 2777 268 2845 studiis
288 2778 325 2842 in
347 2778 412 2844 alia
432 2779 614 2845 certamina
631 2777 809 2856 conversis,
829 2777 900 2860 ipse
920 2775 1010 2859 66616
1032 2773 1256 2841 oonoiliandae
1279 2783 1314 2841 et
1334 2775 1538 2841 6666616666
1555 2786 1590 2842 61
1606 2779 1735 2861 eopiam
1752 2779 1814 2845 sibi
1833 2778 1946 2845 datam
1963 2786 2066 2859 ratus,
2087 2798 2166 2845 666

148 2888 384 2957 hhrrioensihus
410 2889 555 2972 primum
583 2896 617 2954 61
644 2908 755 2955 eoram
782 2896 816 2954 61
841 2909 902 2971 per
930 2887 1044 2952 literas
1072 2907 1171 2970 agere
1196 2886 1315 2970 eoepit,
1344 2887 1602 2954 1666611666
1631 2889 1777 2956 6116166
1799 2912 1854 2957 eos
1875 2896 1909 2956 et
1930 2889 2166 2958 Genevensem

149 3000 335 3081 eoolesiam,
364 3000 453 3084 apud
473 3020 572 3084 quam
592 3000 697 3084 ipsius
719 2998 857 3066 doeendi
878 3000 963 3065 66116
984 2999 1082 3065 66166
1103 2998 1249 3078 6616161,
1270 3019 1450 3065 oonsonsus
1471 2998 1590 3084 aliquis
1612 3001 1649 3067 in
1670 3000 1810 3070 artioulo
1832 3001 1873 3068 de
1894 3003 2111 3069 66666666116
2131 3009 2166 3068 61

126 3111 319 3198 6666616116
346 3111 388 3178 de
414 3133 516 3179 ooena
540 3118 724 3196 pararetur.
770 3109 864 3192 Quae
892 3109 1004 3176 studia
1032 3131 1092 3194 per
1118 3111 1288 3194 integrum
1314 3131 1440 3175 annum
1462 3131 1632 3195 nunquam
1654 3120 1803 3180 eessante
1825 3113 1943 3179 ardore
1964 3115 2164 3195 oontinuata,

148 3223 320 3310 sigillatim
342 3223 455 3290 omnia
475 3243 647 3291 reeensore
667 3222 730 3289 hoo
751 3222 822 3289 loeo
843 3221 1104 3307 supersedemus,
1126 3221 1284 3287 theseum
1303 3221 1470 3305 epistolieo
1492 3222 1571 3289 olim
1591 3223 1716 3290 edendo
1738 3225 1836 3308 plura
1856 3226 2058 3292 reservaturi
2079 3246 2164 3309 6666

148 3334 215 3403 hue
241 3337 409 3420 pertinent
435 3336 616 3421 quibusque
647 3333 785 3400 historia
811 3354 925 3400 rerum
952 3341 1121 3419 gestamm
1146 3332 1307 3399 illustrari
1333 3335 1462 3417 6616611.
1517 3335 1584 3401 Pro
1610 3344 1759 3420 tempore
1785 3336 2057 3422 inpensioribus
2085 3338 2163 3405 sub-

149 3448 304 3515 61616666
330 3469 415 3533 quae
442 3447 608 3514 sufficient
634 3444 677 3511 ad
704 3445 936 3512 deelarandam
962 3445 1124 3530 originem
1151 3446 1222 3510 6166
1251 3443 1441 3510 doeumenti
1463 3443 1505 3510 de
1526 3467 1590 3529 quo
1612 3469 1700 3513 anno
1724 3451 1806 3512 1549
1826 3449 1914 3514 inter
1936 3447 2162 3530 Generonses,

150 3558 346 3626 ’1661666666
372 3568 407 3624 61
431 3560 671 3626 Neooomenses
695 3565 844 3642 pastores
871 3558 1042 3637 66666611,
1070 3557 1188 3640 661666
1216 3576 1296 3621 mox
1323 3555 1437 3639 plures
1458 3555 1542 3622 aliae
1561 3556 1717 3625 eeclesiae
1738 3558 1921 3626 helvetioae
1943 3559 2163 3643 adstipulatus

149 3678 237 3748 sunt,
256 3669 324 3735 imo
344 3679 378 3736 61
400 3678 534 3736 exterae
555 3669 744 3754 pleraeque,
774 3668 862 3753 apud
882 3690 963 3753 6666
984 3668 1219 3737 1166666666
1241 3669 1455 3752 Tigurini,
1478 3669 1535 3752 qui
1557 3668 1750 3750 666616166,
1776 3671 1865 3736 fama
1886 3678 1921 3737 et
1939 3670 2100 3738 autoritas
2121 3671 2164 3739 ad

150 3778 241 3846 huno
268 3801 371 3864 usque
397 3781 484 3847 diem
510 3781 625 3849 661611
669 3781 792 3848 Merito
818 3780 951 3865 quidem
973 3780 1070 3846 illum
1091 3780 1182 3846 Bona
1208 3780 1335 3863 oorpori
1356 3785 1560 3847 traotatuum
1581 3779 1713 3848 Caluini
1734 3782 1993 3867 theologioorum
2013 3782 2163 3866 inseruit,

151 3891 335 3978 genuinum
357 3892 483 3960 soilieet
503 3893 628 3978 ingenii
649 3893 874 3971 6166166166,
897 3913 1015 3958 verum
1037 3911 1076 3956 ea
1097 3899 1230 3957 166166
1252 3889 1359 3956 forma
1375 3911 1578 3974 expressum,
1600 3912 1668 3976 qua
1685 3900 1760 3975 post
1777 3893 1890 3978 plures
1914 3896 2165 3962 retraetationes

150 4002 286 4070 tandem
312 4005 348 4069 in
374 4005 542 4088 66111666
569 4003 697 4086 prodiit
742 4004 812 4070 Nos
840 4002 931 4069 aliud
957 4001 1122 4086 quoddam
1147 4001 1304 4067 molimur
1332 4010 1366 4067 61
1392 4002 1516 4068 maius:
1556 4022 1594 4070 66
1621 4024 1689 4069 666
1716 4005 1822 4071 solum
1849 4005 1944 4072 66616
1969 4026 2011 4071 ex
2039 4007 2165 4075 mutuis

151 4123 305 4182 autorum
332 4115 438 4181 literis
463 4114 618 4198 deoerpta
645 4114 723 4179 huie
750 4115 904 4199 praeviae
929 4121 1064 4180 nostrae
1090 4113 1275 4178 narrationi
1302 4110 1475 4193 addemus,
1504 4113 1562 4179 sed
1590 4115 1654 4198 ipsi
1676 4117 1784 4180 textui
1805 4137 1865 4183 suo
1886 4117 1957 4185 loeo
1978 4117 2165 4185 reeudendo

150 4225 292 4293 ineditas
314 4227 492 4292 nonnullus
509 4225 666 4291 formulas
683 4227 933 4308 praemittemus
949 4246 1032 4309 quas
1049 4224 1172 4307 primas
1190 4244 1370 4290 eonsensus
1386 4232 1551 4308 postremo
1568 4227 1724 4309 utrinque
1747 4228 1872 4312 6666611
1895 4228 2165 4297 adumbrationos

152 4357 211 4404 seu
233 4337 470 4404 delineationes
491 4335 624 4416 dixeris,
646 4336 752 4420 116666
773 4336 954 4402 eorundem
975 4343 1128 4402 autorum
1150 4336 1279 4402 66111666
1296 4333 1523 4404 adnotationes
1541 4336 1787 4423 subiungemus,
1809 4340 1998 4423 exquibus,
2020 4350 2166 4424 quantae

151 4448 252 4514 fuerit
272 4449 370 4514 molis
392 4448 478 4514 hano
500 4447 599 4513 talem
621 4447 761 4515 uendere
782 4467 905 4530 paoem,
928 4446 1024 4514 faoile
1042 4447 1266 4532 perspioietur.

306 4560 370 4626 His
398 4569 491 4626 tanto
519 4560 625 4644 magis
652 4559 746 4625 nobis
771 4558 992 4625 insistendum
1019 4558 1193 4627 videbatur
1221 4580 1285 4643 666
1312 4558 1446 4627 brevius
1470 4559 1616 4644 adeoque
1636 4559 1747 4626 166166
1767 4561 1805 4625 16
1827 4563 2013 4629 enarranda
2033 4562 2166 4631 (lalvini

151 4667 351 4752 6116166166
380 4672 477 4736 amioi
503 4693 575 4736 rem
602 4671 792 4755 attigerunt.
836 4671 891 4736 Ex
917 4669 1036 4754 quibus
1062 4670 1152 4736 Besa
1179 4668 1369 4738 adannum
1394 4675 1568 4737 154911011
1589 4671 1758 4738 61611666
1780 4671 1894 4738 habet:
1929 4673 2001 4740 Hoo
2028 4675 2167 4742 666166ίί6

155 4780 355 4848 6666661616
375 4782 526 4861 1611161661
545 4783 662 4848 vulnus
688 4782 961 4861 (oontroversiam
982 4781 1270 4866 adiaphoristieam
1291 4783 1416 4862 innuit)
1449 4783 1607 4847 6666166616
1635 4782 1778 4864 benefida
1797 4783 1958 4852 Dorulaus
1979 4787 2067 4869 opud
2088 4787 2168 4853 Hel·

151 4893 247 4959 661166
274 4894 497 4974 compensavit,
531 4893 658 4961 Farollo
684 4894 783 4960 616661
802 4915 841 4960 oo
865 4892 993 4959 0616166
1018 4893 1174 4977 Tipasam
1189 4893 1357 4975 profectis,
1384 4898 1433 4972 61,
1461 4913 1559 4974 66166
1585 4893 1674 4959 vieto
1703 4900 1780 4961 66661
1800 4896 1988 4978 quibusdam
2012 4896 2168 4964 06161666

151 5003 461 5072 66666161661611661
486 5005 630 5070 1166611111
656 5005 778 5088 fovere,
811 5006 849 5073 de
870 5005 1082 5072 communiis
1103 5024 1141 5069 ea
1161 5025 1196 5069 re
1217 5006 1358 5069 omnium
1378 5003 1612 5070 Helvetioorom
1633 5006 1833 5073 ecobsiarum
1854 5026 2003 5073 66666666
2024 5009 2169 5076 66161166

151 5116 291 5197 liqueret.
338 5115 447 5197 Neque
473 5135 546 5180 vero
572 5115 705 5198 1111116116
728 5117 818 5200 foetu
846 5117 911 5200 fuit
938 5121 974 5182 61
1000 5117 1082 5181 buter
1108 5116 1202 5181 166166
1226 5119 1255 5181 61
1282 5116 1427 5181 aritae
1456 5120 1600 5182 66166166
1626 5118 1806 5185 6611666166.
1851 5117 1980 5202 &apa
2002 5125 2048 5187 661
2068 5120 2169 5204 igiter

148 5246 278 5293 6166666
297 5229 437 5294 omnam
458 5226 693 5293 Heluetloomm
713 5233 742 5293 61
763 5227 991 5295 1116611666
1011 5227 1214 5295 murima
1235 5227 1456 5310 approbatione
1476 5229 1648 5310 6666661616,
1669 5249 1751 5312 quoe
1764 5231 1954 5313 6666661116
1976 5229 2020 5296 D.
2037 5230 2169 5300 Beata
