4590 5902
925 286 1293 354 PROLEGOMENA.
1968 288 2110 355 XXXV

98 478 241 543 adiimus
263 486 297 542 et
318 478 459 563 singulis
482 478 686 543 documentis
714 499 735 542 a
755 477 892 542 Rillieto
914 477 981 541 iam
1003 476 1099 543 editis
1120 498 1197 543 cum
1219 477 1420 544 authenticis
1441 477 1684 560 exemplaribus
1705 476 1814 541 denuo
1836 477 1963 544 collatis
1985 478 2111 563 reliqua

94 611 136 654 ex
158 588 277 655 iisdem
300 589 542 674 descripsimus,
565 591 645 654 item
662 611 704 655 ex
727 598 814 655 tomo
826 589 964 655 XLVII
982 588 1234 674 protocollorum
1246 588 1392 656 Senatus
1411 569 1623 673 quaeeunque
1644 588 1685 654 ad
1696 588 1783 655 hane
1794 608 1928 654 causam
1938 590 2110 670 faciebant,

94 708 171 784 post
192 701 333 767 cundem
356 710 515 781 autorem,
544 721 641 784 quem
665 703 701 766 in
723 700 874 766 omnibus
896 701 1176 768 accuratissimum
1199 708 1233 766 et
1254 702 1319 767 fide
1341 701 1572 787 dignissimum
1591 703 1792 784 reperimus,
1821 700 1934 766 sedulo
1956 708 2112 785 excerpta

93 813 284 898 relegimus.
329 815 440 897 Atque
463 814 525 878 hac
547 813 656 879 fausta
676 813 772 879 nobis
794 812 905 879 oblata
925 813 1095 879 occasione
1117 813 1198 880 viris
1220 813 1418 880 doctissimis
1440 813 1623 898 Theophila
1634 812 1750 897 Heyer
1771 818 1806 877 et
1815 811 1968 896 Adelpho
1980 811 2111 893 Crivel,

92 923 305 991 archivorum
327 924 575 991 Genevensium
597 925 779 1008 praefectis,
802 922 931 1009 publico
953 925 1078 1008 gratias
1100 945 1198 1009 agere
1220 925 1377 991 debemus
1398 926 1659 1004 officiosissimae,
1682 944 1887 1007 prosaque
1909 931 2111 991 noshwres

93 1036 295 1102 adiuverunt
325 1044 359 1102 et
387 1045 623 1121 promoverunt
649 1036 865 1101 humanitate.
916 1035 1113 1102 Addidimus
1142 1037 1242 1102 etiam
1270 1036 1433 1102 nonnulla
1459 1060 1501 1103 ex
1523 1035 1777 1102 Commentariis
1804 1036 1981 1102 ministerii
2008 1056 2111 1120 snpra

93 1148 161 1213 iam
183 1149 376 1214 memoratis
398 1148 605 1232 deprompta3
627 1148 708 1213 item
731 1170 773 1214 ex
793 1148 1029 1214 Turieensibus
1049 1169 1178 1232 quoque
1200 1148 1345 1215 archivis
1374 1149 1478 1233 (Plut.
1501 1146 1563 1214 vt
1585 1147 1661 1212 Vol.
1686 1151 1745 1211 105
1768 1147 1848 1212 olim
1869 1148 1910 1212 Β.
1933 1147 1977 1232 h)
1999 1147 2110 1231 copias

92 1267 223 1327 nostras
246 1261 410 1341 auximus,
431 1261 479 1325 ita
501 1269 539 1325 ut
560 1282 649 1327 nunc
671 1259 806 1325 tandem
828 1257 887 1323 tibi
908 1260 996 1326 Aeta
1017 1280 1134 1326 causae
1156 1257 1360 1327 Servetanae
1381 1260 1514 1344 integra
1532 1280 1715 1344 proponere
1736 1260 1907 1342 possimus.
1940 1258 2111 1327 Beruense

92 1392 174 1437 vero
197 1372 419 1457 apographon,
443 1379 476 1437 et
498 1372 589 1437 aliud
611 1371 698 1455 quod
720 1371 878 1438 Genevae
905 1373 940 1436 in
962 1370 1159 1438 bibliotheca
1181 1371 1286 1438 civica
1308 1379 1431 1452 exstat,
1458 1372 1544 1437 nihil
1565 1370 1707 1454 amplius
1729 1368 1824 1436 nobis
1846 1369 2109 1453 suppeditarunt

252 1483 381 1565 Quibus
402 1485 451 1550 ita
472 1483 617 1550 studiose
634 1483 824 1567 conquisitis
846 1491 881 1549 et
898 1481 1036 1567 digestis
1058 1482 1124 1548 duo
1142 1482 1281 1567 denique
1299 1484 1529 1568 supplementa
1539 1485 1609 1550 sive
1620 1481 1793 1550 corollaria
1814 1480 2045 1547 subiunximus
2067 1480 2110 1547 ad

94 1570 270 1662 historiam
292 1594 425 1663 Servati
456 1596 674 1678 antiquiorem
697 1595 905 1679 pertinentia
948 1595 1104 1660 Alterum
1126 1602 1178 1661 est
1204 1593 1478 1662 documentorum
1505 1595 1642 1661 actionis
1664 1600 1781 1660 contra
1802 1614 1880 1659 eum
1901 1593 2052 1659 Viennae
2074 1592 2110 1660 in

91 1706 299 1791 Delphinatu
320 1709 500 1786 institutae,
524 1708 577 1774 eui
596 1706 653 1772 ille
675 1708 753 1791 fuga
775 1728 810 1772 se
831 1705 1001 1785 subduxit,
1034 1708 1147 1791 paucis
1177 1708 1346 1774 mensibus
1374 1715 1551 1791 antequam
1574 1706 1732 1798 Genavae
1756 1704 1865 1769 denuo
1886 1705 1924 1769 in
1945 1725 2110 1771 carcerem

91 1819 318 1885 coniiceretur.
352 1819 556 1885 Authentica
575 1818 675 1884 huius
697 1838 815 1883 musae
837 1824 910 1884 acta
930 1816 1026 1883 hodie
1049 1818 1219 1902 deperdita
1241 1826 1327 1898 sunt,
1351 1819 1483 1900 scilieet,
1501 1825 1540 1884 ut
1561 1840 1603 1884 ex
1624 1819 1697 1901 ipsa
1720 1816 1854 1881 Vienna
1875 1813 2110 1901 quaerenh‘bus

89 1932 289 2015 rescriptum
318 1937 383 2011 est,
411 1928 541 2015 pridem
563 1929 715 1996 incendio
742 1930 924 2013 absumpta
976 1928 1135 2013 Oportuit
1161 1931 1263 2015 igitur
1285 1952 1326 1996 ex
1355 1930 1557 1998 secundariis
1579 1930 1727 1996 fontibus
1748 1928 1901 2013 colligere
1923 1948 2006 2012 quae
2025 1927 2111 1994 forte
2127 1962 2148 2007 4

89 2045 160 2108 iam
181 2042 261 2107 olim
282 2041 370 2107 edita
391 2043 535 2120 fuerunt,
559 2049 632 2106 tum
653 2041 879 2121 aMeshemio,
898 2048 970 2106 tum
990 2042 1135 2106 maxime
1156 2043 1191 2106 in
1211 2041 1309 2108 libro:
1332 2043 1556 2109 Nouveaux
1578 2041 1793 2107 memoires
1816 2038 2041 2105 d’histoire
2063 2039 2110 2106 de

90 2155 271 2239 critique
294 2161 333 2219 et
355 2154 401 2219 de
422 2154 671 2231 litterature
692 2175 765 2238 par
785 2153 833 2219 Μ.
856 2152 991 2218 l'abbe
1012 2152 1245 2239 d'Artigny.
1290 2154 1414 2220 Paris
1435 2157 1529 2219 1749.
1574 2155 1676 2219 Temo
1697 2152 1743 2216 Π.
1764 2173 1839 2235 pag.
1863 2154 2022 2216 55-154.

247 2265 402 2331 Alterum
423 2263 689 2352 supplementum
712 2266 858 2332 eontinet
879 2263 1033 2348 epistolas
1058 2264 1183 2349 aliquot
1210 2286 1293 2348 quas
1315 2265 1590 2348 Oecolampadius
1619 2272 1653 2330 et
1673 2265 1841 2341 Buoerus,
1868 2262 1983 2329 multis
2011 2266 2108 2332 annis

89 2385 168 2443 anta
193 2376 327 2444 Caluini
349 2385 509 2461 tempora,
528 2377 568 2444 de
590 2377 690 2443 rebus
712 2384 747 2442 et
766 2376 859 2443 libris
881 2375 1014 2443 Servati
1035 2384 1168 2442 mutuas
1191 2378 1402 2460 scripserunt
1447 2377 1494 2442 Et
1515 2376 1647 2460 quidem
1669 2374 1875 2442 Bueerianas
1898 2396 1940 2440 ex
1962 2375 2109 2445 archivis

88 2488 271 2555 Seminarii
292 2490 400 2555 nostri
421 2490 715 2574 Argentoratensis
737 2488 971 2572 depromimus,
998 2495 1144 2553 caeteras
1168 2489 1329 2554 sumimus
1356 2511 1398 2554 ex
1425 2488 1568 2554 editione
1590 2490 1699 2572 prima
1720 2489 1933 2572 epistolarum
1954 2490 2109 2575 Zvvinglii

88 2610 124 2667 et
144 2600 401 2684 Oeeolampadii,
424 2601 473 2666 ita
494 2609 608 2668 tamen
626 2609 664 2667 ut
684 2600 783 2667 huius
805 2600 963 2667 iudicium
986 2597 1027 2665 de
1049 2597 1190 2666 Servate
1210 2600 1420 2684 magistratui
1440 2600 1627 2667 Basileensi
1647 2600 1794 2666 oblatum
1816 2622 1893 2681 non,
1922 2608 1960 2666 ut
1980 2602 2028 2667 ibi
2050 2621 2108 2666 ex·

87 2720 165 2792 stat,
187 2713 291 2778 latine
312 2734 448 2779 versum
469 2713 530 2777 tibi
552 2713 777 2792 exhibeamus,
801 2711 859 2778 sed
880 2711 1067 2796 germanice
1089 2733 1131 2776 ex
1153 2711 1345 2778 authentico
1366 2712 1550 2798 exemplari
1570 2712 1781 2796 descriptum,
1803 2714 1839 2777 in
1860 2713 2006 2779 archivis
2027 2712 2108 2779 civi-

82 2825 165 2889 tatis
186 2824 389 2890 Basileensis
412 2832 587 2890 asservato.
631 2823 857 2908 Apographon
879 2822 1036 2889 debemus
1056 2823 1181 2906 insigni
1199 2822 1391 2888 liberalitati
1412 2825 1476 2889 viri
1499 2823 1672 2891 clarissimi
1689 2822 1768 2890 Chr.
1790 2823 1837 2889 Io.
1855 2823 2108 2909 Riggenbaehii,

81 2935 273 3021 theologiae
295 2937 331 3000 in
355 2935 523 3003 academia
544 2937 653 3020 patria
674 2936 876 3020 professoris,
899 2934 965 3018 qui,
992 2941 1031 2998 ut
1051 2954 1111 3017 per
1134 2954 1371 3000 amanuensem
1401 2936 1544 3019 aliquem
1572 2935 1656 3001 illud
1682 2943 1835 3001 nostrum
1862 2936 1898 3000 in
1925 2956 2024 3001 usum
2051 2933 2107 2999 de·

81 3045 298 3116 scribendum
320 3056 451 3114 curaret
471 3054 616 3132 rogatus,
640 3046 876 3112 humanissime
899 3046 961 3113 hoc
982 3045 1088 3111 officio
1109 3047 1180 3130 ipse
1202 3045 1338 3132 defungi
1359 3046 1474 3113 voluit.

165 3214 191 3245 θ
253 3184 268 3221 d
