4620 5894
189 204 251 267 aas
951 176 1136 260 reeens
1158 192 1223 258 nn
1245 190 1439 259 Bonane.
1653 248 1658 259 .
1897 260 1900 265 ,
2143 192 2207 257 aas

191 390 342 455 Tasrrctio
363 387 382 452 l.
406 407 430 452 c.
475 386 627 450 L'aatcur
654 384 691 449 dc
719 386 790 447 cette
813 381 902 464 plica
927 384 973 445 est
1002 380 1171 464 Myconius
1283 380 1346 446 tias
1369 388 1484 464 agant:
1506 379 1692 463 potuissent
1713 380 1826 445 iinon
1848 380 1946 447 trahi.
1987 381 2083 447 Dum
2102 377 2209 464 igitur

188 477 262 542 dont
280 495 319 540 oa
336 473 494 539 renotuit
511 470 544 536 la
560 470 649 534 raaia
665 469 746 534 daras
763 467 979 549 l’excmplairc
1000 466 1078 531 dela
1097 466 1170 530 Via.
1249 466 1256 479 '
1286 466 1408 550 gratias
1436 472 1556 549 agunt,
1584 465 1670 549 qued
1698 466 1796 530 tracti
1824 474 1904 532 sunt
1929 466 2124 543 efficaciter,
2152 462 2207 529 alii

421 556 616 640 Gompapoie.
640 592 680 601 -
704 552 796 636 Facy
810 573 847 634 p.
872 553 941 633 45.)
1222 550 1378 617 videntur
1399 550 1519 617 babere
1541 550 1628 634 quod
1650 551 1864 633 querulantur
1884 560 2002 619 contra
2011 550 2207 629 Dominum,

1223 635 1311 719 quod
1338 657 1406 701 non
1434 637 1503 701 sint
1532 637 1630 702 tracti
1656 658 1732 703 eum
1760 638 1881 704 effectu
1901 638 1997 704 bene.
2042 636 2111 702 Hic
2128 654 2207 703 vero

188 747 282 813 Viris
308 742 591 812 exeellentissimis
619 763 657 807 ao
686 739 883 806 doctissimis
912 739 1017 805 servis
1046 737 1172 804 curisti
1224 723 1377 787 diOimUffl
1411 730 1501 805 l)atet
1529 722 1676 805 quidem,
1710 722 1798 805 qUOd
1830 725 1883 803 fil,
1916 745 1977 790 ⁰111·
2006 730 2121 789 &uilem
2147 720 2208 787 ’Μ

189 833 400 901 Genevensis
434 829 588 895 eeclesiae
618 826 803 910 pastoribus
831 825 989 891 fratribus
1021 832 1056 890 et
1081 846 1171 909 sym·
1223 808 1384 908 0⁰⁰131t⁸m
1404 808 1505 873 habet
1521 828 1656 874 causam
1673 829 1772 891 quam
1794 809 1884 875 solus
1900 809 1995 875 novit
2011 808 2116 874 Deus.
2139 806 2208 873 Neu

310 958 313 963 .
345 915 461 1002 mystis
489 915 525 978 in
545 912 690 978 Domino
714 910 913 977 venerandis
936 911 1015 976 guig,
1224 894 1319 960 nobis
1351 893 1589 977 perscrutanda
1619 902 1679 959 est.
1730 892 1821 959 Illud
1859 915 1936 960 vero
1968 899 2116 960 constat:
2154 912 2207 958 eos

1223 1000 1395 1045 reeusasse
1424 979 1561 1044 verbum
1584 977 1868 1061 depraedicatam,
1898 1001 1938 1045 eo
1965 978 2054 1064 quod
2076 985 2207 1044 eontra·

277 1069 312 1136 S.
324 1069 521 1154 decepimus
532 1066 646 1132 literas
656 1065 871 1149 magistratus
883 1065 995 1141 vestri,
1008 1063 1033 1144 ¹)
1051 1064 1172 1128 iratres
1222 1066 1310 1130 rium
1332 1074 1404 1129 erat
1424 1066 1574 1147 ipsorum
1595 1064 1722 1129 studiis.
1766 1065 1921 1149 Reliqua,
1944 1087 2030 1148 quae
2051 1062 2207 1132 videntur

189 1157 225 1223 in
246 1156 391 1220 Domino
413 1151 609 1231 venerandi,
637 1151 780 1235 legimus
802 1157 835 1216 et
856 1150 1089 1234 expendimus,
1111 1169 1171 1232 pro
1224 1151 1279 1216 bie
1301 1172 1372 1216 esse
1394 1152 1430 1215 in
1453 1151 1567 1227 dubie,
1595 1149 1741 1215 Domino
1764 1151 1836 1217 Deo
1886 1151 2106 1229 ermittimus,
2135 1156 2207 1215 eta

187 1242 346 1325 temporis
363 1240 492 1305 ratione
511 1239 600 1305 satis.
628 1236 804 1302 Doluimus
822 1246 941 1316 autem,
965 1234 1052 1320 quod
1064 1233 1171 1301 Satan
1224 1237 1318 1303 nobis
1340 1237 1448 1302 sobrie
1467 1235 1679 1318 inquirenda:
1701 1244 1736 1301 et
1751 1236 1781 1302 si
1799 1173 1885 1319 qnid
1895 1244 1985 1302 recte
2001 1236 2207 1304 voluerimus

188 1328 223 1394 in
244 1326 398 1393 ecelesias
419 1325 491 1409 pias
519 1325 644 1390 zizania
672 1321 809 1388 subinde
831 1323 958 1406 spargit
978 1319 1170 1399 indefessus,
1223 1322 1265 1387 ad
1288 1324 1433 1406 quietem
1454 1328 1601 1387 nostrum
1624 1342 1735 1399 nosse,
1766 1321 1881 1389 deoere
1908 1329 1946 1388 nt
1974 1342 2044 1387 non
2072 1344 2092 1387 a
2114 1340 2207 1405 prae·

188 1419 224 1477 et
245 1412 452 1478 coneordiam
479 1417 585 1476 tentat
611 1410 806 1492 perturbare
839 1429 959 1492 magno
986 1429 1063 1473 cum
1083 1407 1171 1489 peri·
1225 1409 1364 1474 scientia
1376 1406 1452 1485 Dei,
1472 1429 1532 1473 nee
1550 1430 1571 1473 a
1587 1408 1888 1490 praedestinatione
1905 1414 1940 1473 et
1956 1407 2128 1485 electione,
2146 1405 2207 1471 nisi

188 1498 262 1564 enlo
283 1498 409 1583 gloriae
430 1495 512 1560 Dei:
536 1517 598 1561 nee
624 1515 693 1559 non
722 1503 755 1559 et
780 1494 854 1559 aliis
882 1493 1028 1560 eeclesiis
1056 1499 1171 1557 notam
1223 1503 1322 1577 prout
1343 1514 1425 1576 opus
1447 1502 1513 1571 est,
1542 1492 1820 1575 quemadmodum
1842 1494 1957 1578 paucis
1979 1493 2206 1570 indisso-imus,

187 1586 322 1649 inurere
344 1583 440 1649 valde
461 1602 536 1646 eum
557 1581 688 1645 iniuria.
732 1580 886 1645 Indicare
908 1578 1040 1645 videtur
1057 1600 1096 1643 ea
1118 1598 1171 1642 res
1196 1596 1199 1611 ·
1223 1579 1282 1645 sed
1314 1600 1334 1644 a
1365 1578 1431 1644 fide
1457 1580 1667 1661 incipiamus,
1706 1581 1903 1662 praesertim
1941 1579 2023 1644 dum
2056 1577 2207 1644 doeemue

188 1671 224 1735 in
248 1668 399 1734 enierum
417 1669 464 1733 sie
486 1667 655 1750 agentium
673 1675 855 1732 extremam
873 1666 1081 1748 pravitatem.
1104 1664 1171 1728 Hie
1224 1665 1398 1748 simplices,
1420 1686 1498 1729 nam
1521 1664 1584 1730 hoc
1601 1663 1697 1729 medo
1719 1686 1762 1729 ne
1774 1666 1797 1747 ¹)
1820 1665 2010 1748 implicatur
2033 1663 2208 1729 dubitatio·

189 1691 281 1821 doder
303 1754 407 1819 suasit
427 1754 547 1835 itaque,
568 1759 608 1816 nt
627 1754 740 1835 paucis
762 1751 804 1817 ad
825 1752 938 1834 illas2)
957 1748 1171 1834 respondere-
1224 1750 1332 1829 nibus,
1355 1771 1375 1814 a
1397 1752 1516 1833 quibus
1537 1759 1650 1833 posset
1671 1750 1796 1815 seduoi:
1820 1750 1878 1816 sed
1895 1750 2051 1833 precibus
2068 1770 2130 1832 pro
2146 1748 2208 1815 fide

188 1861 279 1906 mus:
312 1840 460 1923 pluribus
483 1839 572 1903 enim
600 1857 669 1901 nen
697 1859 778 1921 opus
805 1838 914 1903 visum
936 1844 1001 1911 est,
1032 1857 1075 1900 ne
1098 1855 1172 1899 ver·
1225 1835 1424 1919 acquirenda
1453 1837 1657 1919 innititur,²)
1691 1844 1724 1900 et
1757 1857 1797 1900 ea
1828 1836 1959 1919 quidem
1993 1835 2121 1901 effieaai
2152 1854 2209 1918 per

187 1926 304 1992 borum
345 1926 517 1989 nimietate
558 1922 647 2007 apud
676 1925 813 2009 ‚aliquos
857 1944 918 1988 nos
956 1920 1172 1988 redderemus
1226 1944 1333 2005 opera.
1378 1921 1508 1987 Videtis
1536 1942 1615 2004 ergo
1642 1922 1885 2004 simplicitatem
1911 1930 2062 1987 nostram
2091 1921 2208 1985 iubae

188 2019 365 2095 suspectos.
1226 2008 1427 2091 quaestione,
1451 2028 1517 2090 qua
1538 2007 1643 2071 maior
1665 2030 1735 2072 esse
1757 2009 1792 2071 in
1813 2008 1973 2090 religione
1993 2006 2085 2071 haud
2103 2010 2210 2089 pomst

274 2097 502 2181 Hieronymus
524 2094 580 2158 illo
602 2095 698 2159 nobis
715 2102 766 2159 cst
780 2095 923 2178 ignotus,
945 2100 977 2158 et
995 2114 1056 2157 nos
1074 2092 1174 2156 nimi-
1227 2101 1260 2159 et
1287 2095 1394 2178 magis
1419 2094 1580 2158 intricata.
1625 2093 1795 2176 Rogamus
1824 2094 1936 2176 itaque
1958 2092 2148 2157 Dominum
2173 2098 2210 2155 nt

188 2204 265 2248 rum
286 2183 349 2265 ipsi
370 2182 475 2266 ignoti
492 2201 614 2246 eumue.
638 2181 794 2246 Persuasi
815 2181 917 2262 igitur
940 2188 974 2243 et
992 2178 1174 2243 doctrinam
1226 2181 1263 2243 in
1285 2179 1401 2243 eadem
1428 2178 1638 2261 simplicitate
1665 2200 1727 2243 nos
1749 2180 1892 2244 retineat
1915 2180 1951 2243 in
1974 2180 2077 2242 finem
2098 2198 2208 2261 usqua

188 2275 338 2334 nostram
359 2286 427 2331 non
449 2267 556 2349 magis
573 2274 695 2329 notam.
718 2266 873 2348 Improbe
895 2285 973 2346 ergo
994 2284 1056 2329 nos
1078 2270 1175 2329 voeat
1226 2265 1362 2330 Interea
1383 2271 1494 2329 tamen
1516 2264 1670 2328 nolumus
1687 2265 1888 2347 pertinaciae
1905 2264 2068 2330 accusari:
2092 2263 2210 2346 siquis

189 2355 226 2418 in
249 2354 449 2419 consortium
472 2351 592 2416 erroris
615 2352 666 2415 sui
689 2372 727 2416 ao
748 2349 958 2415 mendaoiter.
1000 2349 1175 2413 Edidimus
1227 2373 1271 2416 ex
1292 2350 1393 2416 verbo
1421 2370 1482 2415 nes
1505 2349 1636 2415 erudire
1665 2351 1787 2433 poterit
1808 2350 1941 2428 melius,
1971 2349 2089 2431 procul
2113 2346 2210 2414 dnbio

190 2439 259 2505 iam
281 2437 361 2502 elim
382 2437 619 2501 confessionem
641 2435 718 2500 fidei
737 2442 882 2500 nostrae:
906 2440 940 2499 et
957 2455 997 2499 ea
1013 2435 1175 2500 haetenus
1227 2437 1535 2519 obtemperabimus,
1558 2436 1741 2518 etquidem
1763 2436 1915 2519 prompti.

190 2525 255 2589 fuit
275 2522 453 2606 inculpata.
1315 2520 1372 2588 Sic
1395 2542 1590 2607 responsum
1614 2522 1765 2587 velumus
1793 2520 1835 2587 ad
1861 2523 1990 2600 literas,
2018 2540 2107 2603 quae
2134 2519 2210 2586 satia

277 2607 373 2674 Siout
392 2609 496 2693 igitur
522 2608 558 2672 in
580 2607 639 2672 illa
667 2607 778 2671 omnia
798 2613 980 2672 tractamus
1002 2604 1175 2688 simplicis·
1227 2608 1347 2691 planae
1369 2615 1456 2673 sunt.
1492 2607 1546 2673 Ad
1568 2606 1824 2691 disputationem
1846 2628 1945 2691 quam
1966 2605 2107 2672 misistis
2129 2604 2212 2671 nihil

191 2695 289 2761 sime:
321 2695 368 2758 ita
400 2702 435 2758 et
467 2692 507 2758 de
536 2694 709 2772 electione,
745 2691 801 2756 nbi
828 2693 918 2758 loeus
947 2697 1011 2771 eet,
1047 2692 1175 2775 agimus
1227 2693 1414 2772 reddimus,
1438 2694 1503 2758 nisi
1525 2692 1628 2758 adea
1650 2714 1732 2776 quae
1754 2695 1846 2759 etin
1868 2693 1975 2758 literis
1997 2691 2210 2758 offendimus:

191 2780 383 2846 orthodoxe.
414 2780 514 2845 Libet
534 2800 573 2844 ea
594 2779 634 2843 do
656 2779 767 2844 revel
789 2779 888 2844 verbo
911 2777 1018 2843 dicere
1041 2784 1174 2843 senten·
1228 2779 1383 2844 videntur
1405 2781 1493 2844 enim
1511 2779 1593 2844 haee
1614 2779 1711 2862 lenge
1733 2779 1975 2862 explanatione,
2005 2799 2108 2862 quam
2130 2797 2211 2861 quae

190 2868 272 2932 tiam
305 2874 461 2931 nestram.
510 2865 625 2949 Elegit
652 2864 747 2929 Deus
779 2886 839 2929 nes
871 2864 906 2928 in
935 2863 1069 2929 Christo
1098 2863 1174 2928 Iesu
1228 2866 1264 2929 in
1286 2864 1460 2931 collatione
1482 2863 1652 2929 dieantur:
1679 2865 1733 2931 hio
1755 2865 1844 2930 enim
1866 2885 1934 2929 non
1956 2865 2064 2930 selum
2083 2863 2211 2948 sophis·

190 2959 269 3017 ante
291 2952 558 3018 eonstitutienem
576 2950 708 3015 mundi:
730 2950 837 3032 Ephe.
860 2954 886 3016 l.
915 2949 1022 3015 Mittit
1038 2950 1178 3015 verbum
1228 2958 1298 3015 tarn
1320 2952 1390 3034 agit
1411 2952 1639 3035 Hieronymus
1660 2951 1730 3027 ille,
1761 2950 1818 3016 sed
1842 2960 1875 3015 ot
1896 2950 2062 3015 haeresim
2083 2949 2122 3015 in
2143 2948 2212 3032 qui·

191 3038 371 3121 evangelii,
400 3036 487 3120 quod
516 3043 567 3102 est
595 3036 635 3100 de
658 3036 792 3103 Christo
820 3036 887 3100 filio
909 3036 974 3100 Dei
1002 3037 1087 3103 vivi:
1121 3037 1178 3118 qui
1228 3035 1368 3104 busdam
1395 3057 1511 3119 sapere
1539 3036 1680 3102 videtur.
1724 3037 1888 3119 Exempla
1920 3035 2017 3100 libuit
2045 3035 2211 3101 adnotare

190 3123 280 3188 hune
301 3123 367 3189 fide
388 3123 506 3207 recipit
528 3131 695 3202 servatur,
719 3122 776 3205 qui
797 3143 865 3188 non
886 3121 1004 3205 reeipit
1023 3121 1178 3189 condem·
1229 3122 1325 3187 Nihil
1345 3123 1388 3187 ad
1409 3145 1470 3187 nos
1493 3120 1579 3204 qued
1596 3123 1713 3187 Vellae
1736 3121 1861 3188 dietum
1882 3128 2023 3205 torquet,
2046 3122 2213 3187 nescimus

190 3217 300 3276 natur.
344 3208 447 3276 Mare.
470 3208 530 3273 ult.
555 3207 706 3274 Verbum
728 3208 812 3273 illud
833 3208 978 3273 mittitur
999 3230 1058 3292 per
1079 3230 1178 3273 mun·
1231 3231 1304 3293 que.
1326 3209 1396 3276 Nos
1424 3209 1514 3275 enim
1534 3210 1607 3273 Dee
1635 3230 1701 3274 nen
1723 3208 1915 3286 tribuimus,
1943 3208 2009 3274 nisi
2026 3207 2212 3273 misericor·

192 3293 272 3360 dum
299 3295 510 3361 universum:
551 3294 624 3361 vult
653 3295 744 3359 onim
765 3296 859 3360 Deus
886 3316 1000 3359 omnes
1027 3294 1177 3360 homines
1230 3295 1320 3360 diam
1352 3302 1385 3359 et
1417 3295 1599 3361 bonitatem
1631 3302 1664 3360 et
1694 3315 1778 3378 quae
1805 3295 1859 3360 bie
1888 3294 2017 3360 similia.
2061 3294 2214 3379 Ingenuo

192 3381 303 3446 salvos
338 3381 424 3459 fieri,
465 3388 499 3446 ot
537 3379 579 3444 ad
618 3382 821 3465 agnitionem
860 3381 1009 3447 veritatis
1049 3382 1176 3448 venire:
1230 3403 1308 3465 ergo
1330 3381 1469 3448 dicimus
1491 3381 1568 3464 eligi
1590 3403 1649 3447 nes
1671 3381 1706 3445 in
1729 3380 1873 3459 Christo,
1897 3382 1983 3447 sieut
2005 3379 2134 3446 dictum
2155 3390 2213 3459 est,

194 3470 210 3529 1
236 3467 340 3530 Timo.
360 3470 389 3530 2.
412 3465 606 3531 Oommnnis
626 3474 677 3533 est
693 3469 787 3532 Dens
809 3469 971 3532 omnium:
995 3468 1177 3533 eommunis
1229 3468 1330 3533 fidem
1359 3468 1450 3551 sequi
1477 3468 1617 3532 verbum
1644 3467 1793 3532 auditum
1827 3476 1859 3531 et
1884 3472 2065 3550 receptum
2118 3465 2213 3533 Hanc

193 3558 245 3615 est
267 3551 421 3616 Christus
443 3559 591 3618 servator
613 3552 770 3617 omnium.
1231 3555 1286 3638 qui
1308 3554 1433 3619 habent
1455 3560 1489 3617 et
1510 3554 1655 3618 retinent
1680 3554 1716 3617 in
1744 3554 1845 3617 finem
1866 3574 1969 3636 usque
1998 3552 2110 3617 salvos
2133 3552 2213 3633 fieri,

281 3635 459 3701 Caeterum
476 3659 544 3701 non
562 3660 674 3702 omnes
688 3638 835 3717 eredunt,
854 3640 912 3721 qui
930 3637 1077 3703 audiunt.
1101 3638 1177 3702 Non
1230 3640 1286 3723 qui
1318 3662 1385 3704 non
1413 3638 1537 3703 habent
1564 3639 1787 3705 condemnari.
1832 3639 1921 3704 Ante
1946 3639 2214 3705 constitutionem

192 3721 297 3786 trabit
316 3742 428 3787 omnes
451 3732 553 3805 pater.
582 3722 736 3788 Christus
758 3724 846 3787 enim
869 3725 915 3786 ait
936 3724 982 3787 Ιο.
1007 3728 1041 3787 6;
1071 3724 1177 3788 Nemo
1230 3726 1319 3790 enim
1341 3724 1457 3788 mundi
1485 3726 1511 3788 si
1540 3726 1661 3789 electio
1685 3727 1771 3791 faeta
1798 3733 1862 3803 est,
1901 3727 1950 3790 ita
1977 3724 2050 3789 fieri
2078 3742 2216 3790 neeesse

192 3815 302 3892 potest
330 3809 446 3872 venire
476 3809 518 3872 ad
545 3830 613 3887 me,
641 3810 705 3873 nisi
726 3817 822 3890 pater
845 3810 901 3890 qui
922 3809 1013 3873 misit
1035 3830 1088 3873 me
1111 3821 1177 3872 tra·
1231 3820 1290 3875 est
1336 3811 1483 3891 Quaerat
1509 3812 1613 3894 igitur
1639 3811 1738 3876 bomo
1770 3811 1826 3876 ille
1855 3812 1936 3876 alies
1964 3811 2019 3894 qni
2048 3811 2216 3876 erroribus

192 3894 280 3959 xerit
297 3914 388 3958 eum:
412 3895 635 3976 scriptumest
653 3895 742 3959 enim
760 3896 795 3957 in
811 3893 992 3977 prophetis:
1016 3896 1062 3958 Et
1079 3900 1179 3959 crunt
1231 3898 1301 3961 eius
1328 3896 1593 3979 patreeinentur:
1628 3919 1689 3963 nos
1721 3918 1835 3962 sumus
1868 3897 1963 3962 aliter
1995 3897 2144 3962 instituti
2174 3916 2217 3961 ex

193 3999 308 4043 omnes
337 3979 424 4044 doeti
453 3980 575 4045 aDeo.
621 3979 713 4060 Quos
742 3981 845 4063 igitur
871 3980 989 4055 trabit,
1023 3980 1176 4045 eredunt:
1230 3982 1331 4048 verbo
1354 3984 1427 4047 Dei.

192 4085 274 4148 quoe
295 4086 361 4128 non
384 4064 502 4145 trahit,
533 4087 598 4130 non
621 4066 775 4130 eredunt:
810 4075 844 4129 et
870 4067 907 4130 in
934 4066 987 4130 his
1016 4073 1094 4130 sunt
1121 4067 1178 4148 qui
1317 4067 1512 4132 Adserimus
1533 4068 1637 4151 igitur
1659 4090 1718 4133 nes
1739 4069 1910 4134 iustificari
1927 4068 2001 4147 fide,
2024 4088 2090 4151 qua
2106 4068 2218 4134 medie

193 4151 391 4228 trahuntur,
421 4161 458 4215 ut
479 4151 638 4231 diximus,
668 4158 702 4216 et
724 4159 836 4216 tamen
865 4173 931 4215 non
954 4151 1110 4231 eredunt,
1140 4173 1178 4216 eo
1231 4153 1405 4219 Christum
1434 4154 1573 4227 iacimus
1601 4166 1753 4220 nostrum
1779 4177 1847 4219 una
1874 4176 1949 4220 cum
1975 4156 2067 4220 omni
2094 4155 2217 4221 merito

193 4235 281 4319 quod
303 4242 444 4300 traetum
468 4249 622 4303 renuunt.
651 4238 795 4303 Faciunt
816 4236 902 4319 quod
920 4235 1076 4302 Christus
1099 4237 1178 4302 dicit
1229 4241 1391 4323 passionis
1413 4240 1498 4317 eius,
1521 4252 1559 4303 ut
1581 4242 1736 4305 convenit
1758 4240 1870 4306 electis
1892 4241 1970 4305 Dei:
1999 4240 2102 4325 elegit
2125 4242 2218 4307 enim

192 4320 241 4387 Io.
272 4326 306 4385 3:
348 4322 441 4387 Haec
468 4333 519 4388 est
547 4323 790 4400 condemnatio,
822 4322 909 4404 qnod
936 4322 995 4387 lux
1022 4324 1116 4387 venit
1142 4325 1177 4387 in
1230 4346 1286 4390 eos
1304 4326 1340 4389 in
1352 4324 1493 4390 Christo.
1515 4325 1592 4389 Non
1610 4326 1789 4403 iustificari,
1813 4327 1931 4409 quibus
1948 4348 1987 4391 ea
2004 4325 2086 4392 fides
2106 4327 2216 4393 deest:

192 4407 370 4486 mundum,
405 4415 438 4472 et
471 4409 661 4474 dilexerunt
694 4410 844 4473 homines
879 4409 986 4492 magis
1014 4410 1175 4488 tenebras,
1230 4411 1307 4493 quia
1325 4418 1359 4476 et
1381 4411 1495 4476 electio
1518 4409 1611 4476 deest
1627 4420 1660 4476 ot
1678 4410 1809 4494 adoptio
1828 4413 1979 4492 filiorum,
2002 4419 2037 4476 et
2054 4412 2217 4498 quidquid

194 4511 294 4574 quam
316 4493 433 4558 luoem.
468 4495 632 4578 Voluptas
655 4496 690 4559 in
713 4494 853 4577 peccatis
876 4494 991 4576 placet,
1015 4502 1053 4558 ut
1073 4496 1177 4560 vitam
1230 4496 1272 4561 ad
1292 4496 1528 4561 haereditatem
1550 4499 1644 4580 regui
1666 4500 1818 4580 pertinet

194 4595 277 4658 quae
300 4585 350 4642 cst
371 4581 553 4645 seeundum
575 4583 685 4646 Deum
707 4581 804 4664 plane
826 4586 1049 4646 contemnant.
1080 4581 1177 4646 Tales
1315 4583 1456 4648 Habetis
1489 4582 1606 4665 igitur,
1641 4605 1724 4666 quae
1752 4585 1831 4649 dare
1864 4584 1989 4666 placuit
2021 4584 2064 4649 ad
2097 4584 2217 4654 literas

194 4659 306 4742 itaque
329 4661 406 4728 dum
425 4666 694 4747 condemnantur,
718 4687 816 4733 eausa
834 4672 912 4731 sunt
929 4667 1081 4749 propriae
1100 4689 1177 4733 cen·
1229 4675 1368 4733 vestras.
1419 4669 1632 4732 Arbitremur
1665 4677 1778 4734 autem
1809 4670 1894 4734 nihil
1926 4691 1996 4735 esse
2028 4671 2118 4753 quod
2156 4694 2217 4740 vos

195 4744 428 4815 damnationis:
456 4753 542 4818 sieut
563 4754 621 4837 qui
643 4762 818 4819 servantur
839 4752 964 4818 habent
986 4774 1045 4818 eur
1067 4759 1100 4818 et
1122 4754 1176 4820 oui
1230 4755 1333 4837 possit
1354 4753 1535 4819 offendere:
1560 4764 1618 4819 aut
1640 4755 1728 4838 quod
1745 4777 1813 4821 non
1831 4757 1875 4820 sit
1894 4756 2101 4822 catholicum.
2127 4760 2218 4825 Boni

1239 4910 1436 4918 ——n--a-

198 4937 397 4945 ———

1299 4975 1329 5039 1)
1347 4991 1398 5029 nee
1421 4977 1451 5029 V.
1473 4976 1501 5030 0.
1522 4975 1620 5029 Simler
1638 4978 1760 5032 coniicit.-
1779 4994 1841 5032 non.

265 5036 295 5101 1)
313 5038 407 5093 literas
425 5046 531 5094 vestras
548 5041 581 5094 V.
600 5042 628 5094 C.
665 5043 696 5096 B.
715 5043 741 5098 S.
1301 5044 1327 5111 2)
1348 5043 1395 5097 Sic
1416 5044 1558 5112 legendum
1586 5061 1647 5099 eum
1669 5046 1703 5101 V.
1726 5047 1755 5101 G.
1781 5052 1807 5100 et
1829 5048 1864 5101 al.
1900 5047 2054 5114 Exemplar
2080 5050 2112 5103 ia
2139 5052 2218 5106 Actae

263 5104 294 5172 2)
312 5106 373 5162 illas
390 5113 496 5162 vestras
514 5108 604 5163 iidem.
1231 5118 1400 5167 casmeta-m
1417 5114 1495 5169 babet
1511 5116 1619 5170 inicitur
1634 5131 1668 5169 ea
1686 5130 1739 5184 quo
1759 5115 1839 5185 Fasy
1854 5117 1921 5186 fecit
1936 5117 2064 5171 initietur.
