4620 5894
148 251 187 320 X
740 251 1015 322 mortuus
1038 252 1334 323 ufluoaoalm
1354 253 1578 323 ecmonus.

148 441 345 525 conscnpti,
369 439 412 506 ad
433 459 515 524 qnos
536 441 636 505 ctiam
658 410 877 509 conficiendos¹
899 442 1072 509 baccalarii
1094 442 1131 508 in
1152 441 1320 527 theologia
1341 463 1417 509 suas
1439 442 1620 509 sententias
1640 440 1866 521 contulerant,
1895 449 1934 507 ut
1953 442 2172 528 intelligimus

150 574 193 620 ex
216 553 299 619 actis
322 557 352 617 7.
376 550 518 635 Aprilis,
546 571 611 632 pua
632 551 685 617 elie
703 552 806 635 sanae
832 559 908 620 sunt
924 554 1170 637 supplicationes
1190 553 1339 633 solennes,
1368 554 1506 619 mannae
1527 554 1610 637 puocl
1631 575 1727 636 quarn
1747 553 1831 619 lusce
1852 553 1961 620 diebus
1981 555 2056 635 ipsa
2076 574 2172 621 sacra

148 663 288 747 facultas
309 662 477 730 nonnullos
499 661 651 729 articulos
669 663 764 745 ficiem
785 670 925 731 nostram
946 665 1146 731 orthodoxam
1166 669 1383 745 mannua
1405 665 1506 746 abac
1527 664 1670 731 munes
1686 665 1851 748 pellendas
1872 669 1995 731 mature
2017 665 2172 732 madidis-

149 781 212 856 sat,
239 780 268 840 ct
290 776 334 842 aa
354 795 488 857 qnorum
509 774 676 840 editionnn
695 773 825 857 fuerunt
845 777 945 841 aucti
966 775 1153 843 Baccalarii
1177 777 1364 859 fueruntque
1390 773 1467 840 DD.
1490 775 1660 840 Doctorum
1687 779 1715 839 ct
1744 775 2005 841 Bacoalariorum
2031 777 2172 841 annium

149 885 343 970 spnprapbis
363 885 530 969 obsipnati,
560 887 681 952 eosdem
703 886 862 953 Dominus
889 893 992 955 aanor
1020 887 1092 954 Rea
1116 886 1318 972 approbasset
1344 907 1381 952 ac
1408 888 1444 951 in
1466 891 1525 952 toto
1546 907 1640 971 repno
1665 886 1872 968 publicandas
1892 888 2055 968 cclnnsct,
2085 893 2172 953 etne

149 996 258 1077 aliter,
290 1016 386 1079 pam
411 997 448 1062 in
469 998 585 1064 neclan
611 999 799 1079 continetur,
827 1000 1060 1067 concionaretur
1089 997 1283 1065 inbuisset.
1326 997 1418 1081 Ergo
1441 996 1493 1062 die
1519 1003 1548 1062 1.
1568 999 1712 1084 Augusti
1738 997 1817 1062 editi
1846 1007 1925 1064 sunt
1946 998 1995 1062 illi
2019 999 2170 1079 Articuli,

151 1107 269 1174 deinde
291 1109 384 1174 iussu
405 1108 511 1193 Regis
533 1109 624 1194 typis
645 1109 802 1176 mandati.
871 1165 874 1171 .

306 1219 400 1285 Haec
421 1219 487 1287 ille.
532 1219 627 1302 Quae
658 1220 699 1296 ὦς
716 1226 747 1284 ἐν
765 1213 893 1308 παρόδῳ
917 1222 958 1288 de
980 1221 1215 1307 approbatione
1237 1219 1452 1285 articulorum
1477 1219 1570 1303 regia
1596 1221 1747 1304 attingit,
1778 1219 1820 1285 ad
1842 1218 1985 1286 edictum
2008 1226 2170 1304 spectant,

150 1350 210 1396 seu
231 1329 346 1395 literas
374 1352 456 1414 quas
484 1333 645 1398 vocabant
671 1341 837 1417 patentes,
871 1333 1051 1418 instigante
1079 1339 1113 1396 ct
1140 1338 1336 1416 procurante
1363 1330 1465 1395 Petro
1487 1330 1616 1408 Lisetc,
1645 1338 1782 1396 senatus
1807 1330 1997 1414 parisiensis
2018 1331 2171 1414 praeside

150 1461 289 1521 summo,
312 1441 343 1506 d.
368 1445 418 1506 23.
441 1442 518 1506 Iulii
542 1443 650 1523 dates,
684 1445 804 1528 quibus
825 1445 888 1529 ipsi
910 1443 1041 1511 articuli
1062 1443 1181 1510 inserti
1202 1451 1237 1508 et
1257 1443 1291 1507 in
1313 1441 1446 1524 imperii
1467 1441 1574 1527 legem
1597 1462 1760 1506 summam
1782 1442 2070 1526 inviolabilemque
2092 1463 2170 1508 san-

149 1553 207 1619 citi
233 1559 325 1631 sunt,
359 1574 427 1618 non
456 1552 663 1620 obstantibus
691 1556 864 1621 contrariis
886 1555 982 1640 regni
1009 1552 1299 1622 constitutionibus
1325 1559 1425 1636 atque
1452 1552 1753 1619 consuetudinibus.
1802 1554 1875 1619 Hcs
1905 1553 2034 1632 literas,
2067 1575 2171 1637 quum

149 1669 280 1728 textum
303 1663 530 1729 Articulorum
565 1665 722 1748 gallicum
754 1667 982 1734 authenticum
1015 1665 1210 1744 exhibeant,
1245 1672 1278 1730 et
1306 1666 1342 1729 in
1368 1664 1564 1730 universum
1592 1662 1634 1729 ad
1660 1664 1892 1730 illustrandam
1920 1686 1991 1730 rem
2020 1672 2170 1730 nostram

149 1774 296 1840 mammo
317 1774 454 1855 faciant,
488 1797 530 1841 ex
554 1776 734 1857 decussimi
755 1778 830 1844 ICti
851 1778 1027 1845 Isamberti
1048 1777 1241 1844 collectione
1267 1775 1377 1861 (Tem.
1399 1775 1480 1841 XII.
1502 1797 1592 1840 num.
1617 1776 1695 1860 368)
1718 1774 1928 1860 depromptas
1950 1777 2025 1855 tibi,
2048 1777 2171 1842 Lector

148 1883 315 1964 benevole,
338 1887 629 1954 communicandas
651 1910 723 1954 esse
744 1890 944 1955 censuimus.

307 2104 463 2189 Franpois
485 2113 536 2174 etc.
584 2107 707 2176 Oornm
727 2131 814 2192 pour
835 2113 991 2192 pcurccir
1016 2116 1044 2176 et
1069 2111 1237 2190 remedier,
1267 2109 1355 2174 ainsi
1382 2109 1461 2191 pn’il
1487 2114 1531 2175 est
1551 2109 1630 2191 plns
1657 2131 1716 2192 pne
1743 2111 1850 2191 repnis
1877 2114 1904 2175 et
1932 2109 2116 2189 necessaire,
2147 2109 2169 2175 ὰ

143 2215 311 2298 plusieurs
331 2219 498 2284 scandales
519 2225 547 2284 et
567 2219 715 2287 atrones
730 2242 798 2304 par
818 2241 854 2306 cp
874 2223 986 2288 elevarat
1007 2223 1199 2300 interamna,
1229 2225 1471 2287 ammata
1492 2242 1530 2286 cn
1546 2227 1606 2287 cest
1626 2223 1738 2287 adven
1758 2224 1796 2288 cle
1818 2219 1899 2287 Ncet
1919 2221 2044 2287 waler
2059 2220 2169 2301 passi,

144 2348 213 2411 par
235 2328 263 2394 le
285 2349 395 2412 moyen
416 2335 444 2395 et
464 2330 485 2394 ὰ
507 2331 670 2397 l’cccasion
689 2333 744 2397 des
764 2333 965 2413 contentions,
997 2333 1234 2400 contradictione
1256 2336 1284 2396 et
1305 2333 1504 2399 altercatione
1525 2331 1563 2399 ‹le
1584 2334 1720 2399 certalns
1736 2333 1969 2415 preduateura,
1995 2331 2169 2415 mactmus

150 2439 348 2523 etpublians
376 2442 517 2508 elienses
544 2447 573 2508 et
600 2443 772 2509 contraires
800 2444 961 2526 bunun,
1032 2443 1077 2509 Et
1097 2444 1164 2526 ofin
1182 2464 1241 2526 pue
1262 2423 1350 2511 telles
1366 2443 1549 2510 paveant
1569 2449 1597 2510 ct
1612 2445 1829 2527 pernicieuses
1848 2444 2056 2526 entreprinscs
2077 2441 2169 2524 n’ap

144 2556 270 2632 parton
293 2552 314 2615 a
335 2558 440 2618 nostre
461 2554 595 2637 relipicn
617 2574 740 2619 aucuns
767 2554 985 2622 inconveniens
1005 2562 1033 2622 et
1054 2556 1230 2640 clcrnmapes
1256 2553 1471 2638 irreparables
1497 2573 1611 2620 comme
1637 2556 1709 2621 elles
1724 2560 1918 2638 pcnrrcpent
1937 2555 2023 2638 faire
2043 2555 2074 2620 si
2095 2554 2169 2620 elles

150 2667 283 2745 estam
305 2665 439 2744 tolentes,
567 2663 636 2731 Nos
656 2663 807 2732 trescbers
827 2671 855 2732 et
875 2667 945 2733 bien
966 2687 1054 2733 amec
1074 2667 1119 2732 lea
1140 2665 1252 2749 Dopen
1273 2671 1301 2732 ct
1321 2664 1477 2732 Doctcurs
1497 2665 1534 2731 cle
1555 2666 1588 2731 la
1610 2665 1743 2733 Facultc'
1764 2667 1802 2733 cle
1826 2666 1988 2750 Theclcpie
2008 2665 2047 2732 alc
2067 2670 2170 2732 nostre

151 2771 284 2840 munau
303 2773 371 2856 fille
391 2771 597 2842 l’Unioersiti
613 2778 652 2844 ‹lc
672 2776 781 2859 Paris,
802 2799 973 2863 concopuec
993 2783 1020 2844 et
1041 2778 1210 2844 assenabler
1229 2782 1364 2861 supeant
1382 2797 1442 2843 noc
1462 2777 1584 2844 cculoir
1604 2783 1632 2845 et
1647 2780 1841 2861 pnsuasicn
1856 2798 1941 2860 pour
1961 2777 2090 2844 doner
2110 2797 2170 2843 sur

150 2904 183 2952 ce
204 2905 320 2970 mccc,
347 2892 445 2972 apant
459 2909 527 2970 par
548 2909 654 2956 nsenre
675 2892 704 2956 ct
723 2910 849 2974 macra
868 2888 1071 2957 cumulos
1091 2889 1226 2970 annuli,
1246 2888 1326 2972 faict
1346 2892 1374 2954 et
1394 2887 1515 2954 arrecti
1534 2888 1579 2954 lcs
1596 2888 1733 2956 Articles
1754 2909 1789 2973 cp
1810 2908 1905 2971 apres
1926 2889 1964 2954 de
1981 2893 2043 2954 mot
2064 2888 2086 2953 ὰ
2106 2893 2170 2954 mot

151 2996 282 3078 insnec,
303 2997 344 3065 cir
364 2999 410 3066 alr
430 3004 482 3065 ont
500 2999 675 3082 fiddmwnt
696 3001 820 3068 annia
840 3021 873 3068 cc
893 3002 951 3086 qui
971 3005 1016 3068 est
1038 3000 1060 3065 ὰ
1080 3002 1183 3067 croire
1203 3006 1232 3068 et
1253 3000 1275 3065 ὰ
1291 2999 1438 3084 meane
1457 3000 1513 3067 cles
1527 3002 1655 3082 polana
1672 3002 1728 3084 qui
1746 3005 1814 3067 sont
1831 2999 2034 3085 cnicnrdbup
2054 2998 2170 3066 tombec

150 3128 189 3174 en
210 3114 398 3178 uanam
419 3133 458 3177 en
479 3133 511 3178 ee
528 3113 583 3194 cni
606 3132 751 3181 concerno
771 3117 873 3180 unare
893 3113 1010 3180 saincte
1029 3114 1086 3198 top
1106 3117 1134 3178 et
1154 3112 1303 3198 rdipun:
1325 3112 1470 3196 capam
1490 3112 1629 3179 Articles
1649 3113 1683 3179 la
1704 3118 1811 3181 lenem
1831 3111 1976 3178 scant:

308 3333 371 3400 Les
389 3332 501 3419 Dopen
522 3339 551 3402 ct
572 3335 706 3404 Facta
725 3336 763 3402 de
787 3336 952 3421 Tleclcpie
972 3356 1011 3402 en
1032 3334 1238 3403 tUnioersitt
1258 3335 1297 3402 de
1320 3333 1427 3416 Paris,
1449 3335 1560 3401 alona
1577 3333 1686 3418 titides
1709 3334 1802 3402 aaut
1822 3355 1860 3401 en
1881 3334 1975 3400 Ianus
1998 3331 2113 3400 Clonin

312 3443 436 3512 Gonane
456 3447 543 3512 ainsi
563 3450 625 3514 scit
644 3468 704 3532 pne
723 3447 926 3534 auicnrclbup
944 3468 1023 3515 ncces
1042 3467 1156 3532 copcrn
1167 3469 1233 3530 par
1253 3447 1299 3514 les
1319 3447 1506 3514 munnae
1522 3452 1550 3512 c
1566 3447 1765 3514 aarum
1781 3446 1935 3513 fflaucuru
1950 3447 2171 3530 pcdiwbnrs
2189 3475 2191 3479 ’

144 3555 321 3639 paciano
347 3558 502 3624 bobinos
527 3561 701 3628 canaan
728 3565 756 3626 et
781 3561 933 3642 dunen,
959 3559 1125 3643 pitonius
1155 3556 1263 3640 Mdes
1296 3559 1395 3643 (selon
1423 3579 1456 3625 ce
1480 3559 1625 3642 pu'cscrit
1651 3560 1753 3624 scinu
1777 3557 1863 3624 Paul
1888 3578 1957 3624 aua
1977 3556 2169 3643 prenens)

152 3666 240 3734 ainsi
267 3688 325 3751 pue
349 3671 435 3751 petis
462 3671 573 3754 enfans
601 3670 667 3736 mal
692 3671 806 3740 stables
832 3674 1111 3756 etpenarrastee,
1140 3670 2170 3755 anredebntespartrapitceetrncner,ettonrnansbtous

151 3783 240 3844 acub
263 3779 301 3846 cle
321 3779 459 3847 elienses
479 3782 648 3849 doctrinas:
668 3788 697 3848 ct
716 3804 761 3849 an
781 3783 886 3850 deuon
906 3784 945 3851 cle
965 3786 1068 3848 autre
1088 3785 1215 3846 caua
1241 3780 1351 3866 cbarpe
1371 3783 1552 3864 appartient
1574 3782 1725 3865 appaiser
1748 3786 1775 3868 et
1798 3800 1954 3863 compcser
1975 3781 2021 3848 les
2038 3782 2112 3863 aaa
2132 3783 2171 3848 cle

149 3890 289 3956 dicaces
316 3891 470 3959 ioannes
494 3896 721 3962 contains
746 3896 893 3977 opinions
917 3914 956 3961 en
983 3894 1017 3961 la
1040 3893 1103 3978 foy,
1199 3892 1289 3958 Nous
1317 3893 1388 3959 lien
1414 3913 1560 3960 asseurec
1586 3894 1630 3959 clu
1652 3893 1816 3959 tressainct
1829 3912 1950 3974 propos
1970 3898 1999 3958 et
2016 3892 2170 3977 relicinnc

149 4001 273 4068 couloir
289 4003 329 4068 cle
351 4009 455 4070 nostre
477 4005 549 4090 Rop
570 4007 798 4089 nescirestien,
826 4026 923 4072 avons
948 4005 1058 4072 adoni
1078 4005 1116 4071 cle
1136 4005 1261 4088 rediper
1281 4026 1320 4070 en
1340 4005 1427 4087 brief
1443 4005 1535 4072 ordre
1556 4025 1588 4070 ce
1609 4025 1669 4087 qne
1689 4004 1818 4087 copton
1831 4003 1982 4086 mesebon
2000 4010 2028 4070 et
2047 4004 2107 4071 lire
2124 4004 2170 4071 lec

148 4112 257 4194 tideus
279 4114 420 4182 dcaeurs
442 4118 705 4199 etpreclicateurs
724 4124 753 4185 ct
773 4119 817 4184 les
833 4122 939 4184 autres
958 4117 1068 4201 fideus
1090 4114 1267 4183 Circuitus
1293 4135 1398 4198 crcpre
1418 4135 1490 4181 accc
1512 4114 1643 4200 l'Eplise
1667 4114 1855 4197 catlclipne,
1881 4115 2025 4182 toulant
2047 4133 2169 4182 anans

151 4225 277 4292 annes
298 4233 326 4292 et
342 4228 559 4310 propositionis
580 4249 768 4296 concertans
788 4230 822 4296 la
843 4228 913 4313 Fop
932 4229 1134 4312 auiourclbup
1155 4228 1219 4293 mis
1233 4247 1301 4309 par
1310 4226 1474 4310 plmienrs
1494 4247 1532 4292 eu
1552 4228 1695 4310 different
1715 4232 1743 4292 et
1764 4229 1974 4294 concursio.

309 4344 339 4404 1.
376 4339 416 4406 ll
440 4341 516 4424 saut
544 4361 651 4424 cropre
678 4341 716 4407 de
743 4343 878 4413 certaine
903 4346 931 4406 et
954 4342 1054 4424 sance
1079 4339 1134 4424 sap
1159 4359 1218 4422 pue
1238 4338 1268 4405 le
1288 4337 1458 4422 Baptesrne
1486 4344 1531 4405 est
1558 4339 1672 4404 atoue
1692 4339 1866 4405 accusare
1881 4359 1967 4423 pour
1989 4338 2057 4404 letor
2076 4335 2171 4419 saltet,

150 4467 267 4516 meone
288 4471 354 4515 ana
369 4452 457 4532 petis
478 4451 600 4534 casam,
620 4457 727 4535 etque
742 4473 810 4534 par
831 4452 931 4537 icelup
952 4457 998 4519 est
1018 4450 1133 4516 nante
1154 4451 1188 4517 la
1205 4470 1299 4535 praec
1320 4451 1364 4516 du
1385 4451 1487 4517 sainct
1507 4449 1629 4533 Espn't.

307 4564 340 4626 2.
378 4561 448 4628 Par
473 4584 536 4629 une
562 4585 676 4632 mecm
700 4569 858 4630 cuntance
884 4568 912 4628 et
935 4563 1064 4646 tenuat
1091 4563 1130 4629 cle
1154 4562 1209 4647 foy
1236 4566 1281 4628 est
1308 4562 1330 4626 ὰ
1358 4581 1464 4646 crcpre
1488 4581 1547 4644 pue
1571 4561 1713 4627 l’namme
1740 4582 1762 4628 a
1788 4582 1846 4627 son
1874 4561 1967 4643 franc
1996 4566 2025 4628 et
2056 4559 2170 4627 liberal

151 4671 278 4754 artare,
294 4692 363 4754 par
382 4672 483 4756 laquel
502 4675 529 4740 il
542 4682 623 4758 peut
640 4697 681 4742 on
702 4674 772 4741 bien
793 4695 833 4740 cn
850 4676 917 4742 rnal
935 4675 1039 4757 faire:
1060 4680 1169 4759 etpar
1189 4674 1289 4756 lepuel
1309 4674 1410 4753 aussi,
1432 4673 1567 4738 combien
1588 4673 1667 4756 pu'il
1689 4674 1750 4740 scit
1770 4693 1809 4740 en
1824 4672 1921 4756 pecti
1941 4673 2059 4753 montel,
2080 4671 2170 4737 Dies

153 4784 279 4868 aptarat,
302 4805 335 4850 se
350 4790 429 4866 peut
445 4785 561 4852 retecer
581 4789 603 4853 ὰ
621 4809 723 4874 praec.

309 4901 340 4962 3.
376 4895 422 4962 Et
446 4900 524 4963 n’cst
544 4919 611 4981 pas
637 4901 740 4966 moins
766 4901 882 4966 certain
905 4898 981 4981 pu’ia
999 4918 1077 4967 caca
1097 4896 1153 4980 pai
1174 4899 1241 4961 sont
1260 4915 1298 4960 en
1319 4915 1406 4980 urps,
1438 4899 1582 4961 ansano
1602 4897 1640 4962 cle
1661 4897 1779 4976 raison,
1814 4916 1910 4978 apres
1927 4896 2020 4962 avoir
2040 4897 2170 4962 mmmis

147 5006 264 5090 pescli
284 5008 401 5089 montel,
422 5009 456 5074 la
471 5010 636 5091 carnem
656 5016 735 5077 eure
753 5012 934 5092 necnmire,
954 5008 1087 5092 laquelle
1108 5007 1240 5073 aaran
1260 5026 1297 5071 eu
1311 5006 1484 5086 wntriticn
1506 5007 1722 5090 amessian
1743 5007 1977 5088 sacramentale,
1999 5006 2077 5090 pn'il
2096 5007 2171 5087 faut

154 5118 368 5187 comtemnit
385 5121 472 5204 faire
493 5142 537 5186 an
554 5125 685 5205 prestre,
706 5127 735 5186 et
748 5122 968 5204 pacilianunt
989 5142 1027 5187 cn
1047 5118 1253 5201 sanfacticn.
