4620 5894
188 170 229 236 lb
1017 168 1083 236 Du
1103 164 1380 236 SOANDALIS.
2165 168 2209 233 20

189 359 277 426 nihil
298 357 395 425 nobis
415 357 460 423 sit
480 357 645 442 reliquum
666 363 994 441 praeterextremam
1015 356 1175 423 bonorum
1227 376 1288 440 pre
1310 357 1455 422 iustitiae
1483 377 1562 423 suae
1591 356 1779 423 defensione
1806 356 1991 433 certabant,
2019 374 2104 437 quae
2124 355 2208 422 nihil

191 445 341 514 omnium
370 444 525 528 inopiam.
580 444 669 509 Nam
702 443 770 508 illic
801 443 960 510 stultitiae
998 442 1176 509 damnatur
1227 458 1330 525 quam·
1349 443 1459 510 fumus
1481 451 1562 523 erat,
1585 442 1643 508 sed
1663 451 1777 507 tamen
1798 440 1932 507 Christo
1950 441 2124 525 pretiosior
2144 441 2208 509 illis

191 532 348 599 uniuersa
369 530 542 596 hominum
565 529 742 613 sapientia:
764 529 889 595 iustitia
906 537 940 594 et
957 529 1067 596 virtus
1087 527 1175 594 redi·
1228 526 1414 594 videbatur.
1470 529 1611 612 Utrique
1649 528 1796 595 violente
1836 528 1961 611 impetu
1994 527 2137 592 ruebant
2166 524 2208 593 ad

191 624 317 703 guntur
338 616 375 682 in
396 615 547 680 nihilum.
580 616 655 681 Hoc
677 635 755 681 vero
778 617 886 681 earnis
905 615 1076 699 superbiae
1094 613 1174 680 adeo
1228 613 1486 697 oppugnandum
1508 614 1725 698 evangelium,
1756 613 1813 679 sed
1835 613 1871 676 hi
1892 613 2062 677 furiosius:
2085 622 2126 677 ut
2148 632 2207 698 pa-

191 701 325 770 videtur
351 700 574 778 intolerabile,
607 709 647 766 ut
675 721 753 783 prae
786 699 983 784 indignitate
1008 700 1174 778 frendant,
1227 698 1296 763 lam
1312 701 1415 779 fieret,
1436 700 1522 764 nihil
1539 699 1721 785 hypocritis
1740 719 1811 765 esse
1828 699 2039 764 virulentias.
2073 696 2129 763 De
2146 699 2207 765 heo

190 808 382 938 pmcunque
414 786 562 852 nondum
594 807 629 852 se
661 787 749 870 ipsos
781 787 945 871 abnegare
978 785 1175 852 didicerunt.
1228 784 1382 850 scandalo
1404 784 1558 851 Christus
1584 788 1656 868 ipse
1684 785 1883 868 generaliter
1909 784 2072 867 loquitur:
2106 805 2207 867 quum

226 874 324 939 olunt
344 872 434 939 enim
456 872 607 937 homines
626 893 758 956 semper
781 873 926 938 retinere
954 871 1078 955 aliquid
1122 891 1176 935 ro·
1227 869 1316 951 dicit,
1344 871 1430 936 filios
1451 871 1572 937 saeculi
1593 871 1757 955 evangelii
1779 871 1885 936 lucem
1908 870 1982 935 odio
2003 869 2143 948 habere,
2165 892 2207 937 ne

190 960 318 1042 prium:
341 966 440 1042 atque
462 964 501 1023 ut
522 957 631 1041 aliqua
652 979 695 1023 ex
716 964 811 1041 parte
832 958 935 1024 coacti
952 957 1071 1024 cedant
1126 978 1174 1036 ee,
1227 956 1315 1021 mala
1331 956 1479 1039 ipserum
1502 978 1601 1040 opera
1618 964 1799 1040 appareant
1820 956 1950 1040 (Ioauu.
1972 960 2001 1034 3,
2020 956 2088 1038 20).
2121 955 2206 1021 Nam

193 1043 257 1110 sibi
278 1052 392 1110 tamen
413 1043 525 1108 omnia
546 1043 649 1108 semel
672 1045 753 1126 eripi
775 1043 866 1108 nullo
883 1043 981 1109 modo
998 1043 1173 1110 sustinent.
1226 1050 1352 1107 remoto
1374 1043 1553 1127 evangelio,
1582 1052 1739 1125 tanquam
1763 1042 1836 1107 luce
1857 1042 2034 1119 exstincta,
2063 1041 2153 1108 lueet
2172 1042 2207 1107 in·

191 1131 292 1196 Initio
326 1130 389 1196 sibi
416 1128 574 1195 videntur
605 1130 854 1213 sapient-issimi,
889 1129 1009 1195 fiducia
1040 1129 1175 1195 virtutis
1226 1126 1370 1193 tenebris
1391 1128 1494 1194 fallax
1516 1138 1551 1194 et
1571 1128 1711 1195 evanida
1722 1129 1831 1194 carnis
1854 1127 2025 1210 sapientia,
2049 1147 2207 1212 regnum·

191 1236 273 1283 suae
294 1215 402 1281 inflati
413 1221 501 1290 sunt,
522 1215 681 1280 iustitiam
698 1237 793 1281 susum
804 1214 1019 1280 admirantur.
1053 1215 1175 1280 Postea
1226 1233 1289 1295 que
1311 1213 1450 1279 obtinet:
1472 1216 1551 1281 ficta
1571 1234 1650 1281 vero
1668 1216 1834 1291 sanctitas,
1857 1213 1926 1278 alas
1939 1214 2171 1280 suaslastuose
2182 1216 2206 1297 ¹)

192 1320 213 1366 a
240 1302 313 1366 Dec
340 1300 474 1380 moniti,
510 1301 635 1385 partim
663 1301 763 1366 etiam
790 1301 933 1368 convicti
960 1302 1174 1385 experientia,
1227 1299 1480 1383 circumquaque
1513 1300 1671 1366 extendit.
1730 1297 1839 1366 Simul
1872 1308 1970 1382 atque
2008 1300 2128 1364 unicus
2158 1298 2206 1365 sol

191 1386 389 1470 sapientiam
407 1385 539 1468 quidem
552 1407 647 1452 snam
668 1387 833 1465 vacillare,
856 1386 1016 1451 virtutem
1028 1394 1061 1451 et
1080 1385 1175 1450 iusti-
1228 1383 1374 1449 iustitiae
1395 1384 1551 1452 Ohristus
1579 1406 1653 1452 cum
1673 1385 1834 1469 evangelii
1857 1385 1909 1451 sui
1930 1384 2080 1450 claritate
2102 1405 2206 1450 emer*-

191 1472 272 1539 dam
297 1471 486 1538 claudicare
508 1481 709 1556 agnoscunt:
733 1472 791 1538 sed
813 1478 853 1536 ut
875 1493 910 1538 se
926 1492 1062 1556 prorsus
1084 1471 1176 1537 omni
1227 1470 1291 1553 git,
1319 1489 1386 1535 non
1407 1478 1539 1535 tantum
1568 1478 1770 1537 evanescunt
1796 1471 1855 1534 illa
1881 1490 1965 1553 quae
1993 1471 2088 1554 prius
2110 1490 2205 1536 suum

191 1556 327 1624 destitui
355 1557 519 1640 sapientia
552 1565 587 1622 et
613 1558 740 1624 iustitia
767 1557 921 1636 credant,
954 1556 1047 1623 nullo
1079 1555 1177 1622 modo
1227 1555 1357 1620 culmen
1379 1554 1513 1622 honoris
1534 1558 1751 1640 occupabant,
1773 1556 1831 1622 sed
1854 1557 1959 1621 instar
1980 1557 2137 1622 stercoris
2155 1577 2205 1622 ro-

69 1704 72 1709 .
191 1650 333 1727 possunt
356 1642 484 1709 adduci.
528 1643 603 1708 Hoc
631 1652 742 1709 autem
774 1643 853 1726 quid
879 1643 969 1709 aliud
998 1651 1050 1708 est
1075 1663 1176 1726 quam
1226 1647 1395 1724 putantur.
1441 1642 1531 1708 Hinc
1563 1642 1640 1708 illae
1661 1642 1785 1708 scilicet
1805 1642 1981 1726 lacrymae.
2026 1640 2124 1708 Haec
2149 1641 2205 1707 illa

191 1728 297 1795 veluti
318 1729 406 1794 facta
427 1728 580 1812 pactione
599 1750 675 1795 cum
692 1730 764 1795 Deo
781 1727 919 1812 partiri?
952 1728 1175 1813 Evangelium
1227 1732 1279 1792 est
1300 1724 1442 1792 exitialis
1470 1728 1623 1806 offensio,
1652 1727 1692 1793 de
1714 1748 1779 1812 qua
1805 1727 1883 1793 alibi
1904 1726 2031 1793 Paulus
2051 1728 2204 1811 loquitur,

192 1822 306 1880 autem
327 1814 437 1879 lucem
464 1814 556 1880 illam
584 1836 684 1898 quam
711 1836 771 1881 nos
800 1813 923 1880 habere
943 1815 1175 1898 imaginamur,
1226 1812 1312 1894 quod
1333 1813 1501 1896 propriam
1521 1814 1683 1880 iustitiam
1705 1813 1854 1879 volentes
1875 1813 2032 1891 stabilire,
2060 1813 2205 1879 iustitiae

191 1901 389 1983 pronunciat
410 1921 482 1965 esse
503 1921 612 1967 meras
634 1901 799 1966 tenebras:
833 1901 979 1967 iustitiae
1000 1920 1079 1967 vero
1100 1899 1175 1964 nul-
1227 1895 1290 1963 Dei
1309 1898 1445 1963 subiecti
1467 1919 1534 1963 uon
1556 1901 1681 1965 fuerint
1703 1900 1813 1984 (Rom.
1835 1905 1883 1977 10,
1904 1900 1948 1983 3).
1994 1898 2093 1980 Quod
2112 1898 2205 1965 hodie

193 1986 260 2050 l'am
283 1984 364 2052 adeo
393 1992 524 2070 guttam
552 1986 725 2070 relinquit,
754 1994 792 2051 ut
812 1986 950 2052 foetidas
972 1986 1173 2052 eoramDeo
1226 2004 1355 2067 quoqne
1382 1984 1578 2068 experimur.
1624 1986 1753 2051 Paucos
1783 1985 1871 2049 enim
1896 1985 2006 2052 videas
2027 1985 2205 2069 sapientiae

191 2070 306 2139 sordes
329 2092 401 2136 ease
421 2072 632 2155 pronunciet,
661 2092 872 2156 quaecunque
900 2094 921 2137 a
943 2071 1037 2138 uobis
1063 2071 1173 2136 afferi·
1227 2089 1307 2134 snae
1336 2071 1549 2152 persuasione
1576 2073 1722 2147 inflatos,
1757 2072 1812 2152 qui
1848 2092 1914 2135 non
1947 2072 2014 2136 siut
2049 2070 2204 2136 obstinati
2297 2124 2302 2151 ,

190 2176 274 2221 mus.
329 2157 396 2221 Hic
429 2156 674 2223 excandescunt
705 2157 821 2223 muudi
855 2159 1035 2240 sapientes:
1067 2157 1173 2241 hypo·
1227 2158 1302 2234 [pag.
1325 2160 1379 2233 20]
1406 2156 1556 2222 veritatis
1586 2157 1707 2223 hostes.
1757 2155 1961 2240 Hypccritae
1993 2177 2071 2222 vcro
2103 2176 2206 2239 usquo

192 2242 295 2308 aritae
316 2242 417 2308 etiam
437 2244 617 2309 insaniunt
651 2245 761 2327 Atque
779 2244 861 2309 haee
876 2243 1054 2325 praecipua
1074 2261 1174 2307 cansa
1226 2240 1270 2305 ad
1287 2240 1413 2306 rabiem
1444 2242 1564 2308 infesti.
1608 2243 1655 2307 Et
1687 2263 1771 2326 quae
1804 2243 1868 2307 alia
1894 2263 1994 2308 causa
2025 2242 2206 2393 Bumssffl

192 2327 255 2392 fuit
275 2348 334 2393 cur
355 2328 442 2393 cirea
463 2329 559 2412 regni
570 2328 698 2394 Christi
719 2329 855 2394 exordia
875 2338 947 2394 tota
963 2327 1173 2411 philosopho·
1228 2326 1299 2405 fuit,
1323 2345 1381 2392 eur
1404 2327 1445 2392 ab
1466 2327 1637 2412 evaugelio
1660 2327 1823 2407 deficeret,
1846 2327 1911 2393 nisi
1934 2327 2018 2411 qued
2041 2327 2142 2392 homo

192 2434 268 2478 rum
290 2414 389 2489 natio,
413 2414 507 2496 quasi
528 2415 614 2479 facta
632 2414 881 2498 conspiratione,
904 2436 970 2479 una
993 2434 1069 2480 cum
1091 2413 1173 2495 poli·
1224 2413 1478 2477 ostentationem
1501 2426 1608 2493 natus,
1631 2420 1664 2478 ot
1687 2415 1749 2480 sibi
1771 2414 1846 2497 plus
1868 2413 1970 2478 nimio
1992 2413 2141 2499 placens,
2170 2413 2205 2477 in

193 2499 268 2563 ticis
296 2497 465 2577 omnibus,
481 2502 506 2582 ¹)
532 2506 601 2563 tam
629 2499 784 2564 ardenter
812 2521 847 2565 sc
875 2499 1046 2584 evangelie
1074 2519 1173 2582 oppo-
1226 2496 1374 2562 ordinem
1396 2518 1432 2562 se
1454 2500 1527 2583 cogi
1549 2520 1646 2583 aegra
1670 2499 1873 2565 sustinebat?
1918 2499 2032 2565 Unum
2061 2499 2205 2583 exempli

193 2585 306 2649 suerit.
340 2584 506 2650 Nelebant
527 2585 618 2648 enim
640 2605 734 2649 suam
752 2584 815 2650 sibi
837 2586 1035 2668 sapientiam
1055 2584 1173 2667 perire,
1226 2602 1325 2649 causa
1351 2585 1532 2651 nominavi.
1577 2584 1715 2650 Utinam
1745 2606 1812 2651 non
1838 2585 1961 2650 multos
1988 2583 2126 2649 haberet
2152 2584 2205 2650 sui

192 2689 292 2755 quam
313 2677 347 2735 et
367 2670 433 2753 ipsi
455 2669 561 2735 instar
581 2669 662 2735 idoli
684 2669 875 2751 adorabant,
904 2680 938 2735 et
959 2673 1053 2737 cuius
1074 2691 1174 2737 causa
1226 2668 1358 2734 similes.
1410 2668 1500 2750 Quid
1536 2679 1646 2736 autem
1680 2670 1774 2736 nobis
1806 2669 1996 2755 agendum?
2047 2668 2206 2736 Sinamas

191 2754 337 2821 maximo
359 2755 395 2819 in
417 2756 541 2821 honere
567 2777 602 2821 se
624 2755 740 2822 haberi
760 2763 929 2823 noverant.
974 2758 1086 2841 Atque
1107 2755 1173 2822 uti-
1225 2753 1298 2819 illos
1319 2753 1423 2837 impin
1448 2776 1503 2820 ere
1524 2757 1560 2821 in
1581 2755 1725 2839 lapidem
1742 2756 1940 2834 ostensionis,
1962 2764 2001 2821 ut
2020 2754 2112 2820 idem
2128 2755 2204 2834 illis,

191 2861 272 2905 nam
304 2840 416 2907 minus
449 2840 568 2906 talium
601 2841 773 2907 hominum
806 2842 986 2909 offensione
1020 2842 1174 2908 commoti
1225 2839 1311 2923 quod
1332 2841 1410 2905 olim
1425 2777 1570 2922 ludaeis,
1593 2843 1732 2908 eveniat.
1777 2842 1937 2907 Veientes
1958 2842 2121 2906 iustitiam
2138 2850 2206 2907 sta·

191 2926 335 2993 masona
361 2926 462 3010 prisci
490 2932 563 3006 [pag.
589 2932 640 3007 19]
668 2927 832 2994 docteres!
877 2928 964 2993 Nam
997 2927 1076 2993 dum
1107 2926 1173 2993 illis
1225 2934 1335 3006 tuere,
1363 2926 1474 3010 inquit
1494 2927 1637 3005 Paulus,
1667 2929 1812 2994 iustitiae
1833 2928 1899 2992 Dei
1926 2948 1995 2992 nen
2022 2936 2102 2992 sunt
2128 2926 2206 2993 sub-

191 3011 376 3078 muleendis
402 3012 581 3096 pharmaca
609 3013 767 3079 adhibere
794 3013 944 3091 student,
973 3012 1113 3079 dilutam
1135 3032 1173 3078 ac
1224 3012 1310 3078 iecti.
1344 3012 1397 3078 Ita
1419 3013 1459 3076 fit
1480 3022 1518 3077 ut
1538 3014 1574 3078 iu
1596 3036 1656 3080 sua
1678 3014 1835 3080 caecitate
1856 3022 2001 3097 pereant
2033 3014 2205 3091 Libenter,

191 3095 389 3183 degenerem
397 3100 427 3184 2)
457 3098 658 3183 theolegiam
687 3100 782 3165 nobis
811 3099 1027 3166 tradiderunt.
1077 3099 1173 3164 Nun·
1224 3097 1376 3181 inquam,
1411 3119 1472 3164 nos
1499 3099 1615 3166 inanes
1649 3122 1687 3166 ac
1714 3099 1822 3164 nudos
1848 3099 1983 3164 Christe
2011 3099 2204 3165 afferamus:

189 3204 290 3267 quam
313 3192 431 3267 sponte
452 3184 499 3248 ita
520 3183 649 3269 loquuti
671 3194 781 3251 essent
801 3184 973 3270 Origenes,
996 3184 1173 3252 Tertullia·
1223 3205 1288 3267 quo
1305 3205 1365 3248 nos
1383 3184 1452 3249 suis
1465 3183 1559 3249 benis
1572 3185 1718 3269 impleat,
1741 3205 1802 3250 sua
1823 3184 1927 3270 gloria
1950 3185 2083 3251 veehat:
2107 3192 2207 3269 atque

190 3269 313 3349 uus,(l
362 3271 486 3348 rianus,
508 3269 663 3351 Basilius,
686 3270 953 3356 chrysostomus,
977 3278 1011 3337 et
1027 3271 1098 3337 eius
1120 3291 1173 3336 or·
1224 3269 1286 3335 hoc
1350 3290 1414 3335 uus
1435 3269 1582 3335 scandali
1605 3272 1763 3338 abolitum
1785 3272 1856 3336 erit.

190 3354 277 3421 dinis
299 3376 335 3420 re
348 3356 425 3438 iqui.
437 3358 464 3437 ⁸)
498 3355 566 3422 aed
588 3356 668 3422 dum
689 3364 987 3441 temperamentum
1009 3363 1172 3440 quaeruut
1344 3377 1438 3421 erum
1464 3376 1555 3422 mare
1583 3356 1820 3440 quodammodo
1846 3355 2111 3421 exhauriendum
2133 3376 2207 3422 sus·

189 3440 359 3524 placandis
381 3440 498 3506 mundi
520 3442 734 3524 sapientibus,
757 3443 1037 3510 veldeclinaudae
1058 3463 1172 3508 cerum
1223 3441 1352 3523 alpiam,
1375 3443 1404 3507 si
1425 3441 1526 3507 velim
1549 3443 1704 3509 scaudala
1721 3444 1833 3507 omnia
1846 3450 2009 3521 excutere,
2033 3449 2068 3506 et
2090 3441 2207 3507 ordine

191 3526 377 3605 offensioni,
423 3536 547 3591 terram
586 3528 675 3594 coelo
715 3533 930 3595 miscuerunt
991 3529 1172 3594 Hominem
1223 3547 1403 3607 recensere,
1427 3547 1510 3612 quae
1532 3527 1594 3594 sibi
1616 3529 1729 3595 miseri
1747 3528 1897 3593 homiues
1918 3529 1953 3592 in
1976 3548 2071 3592 suam
2092 3528 2207 3611 perni-

190 3630 326 3695 prorsus
348 3612 519 3677 exinanire
541 3612 688 3677 odiosum
706 3620 786 3692 erat,
809 3622 844 3679 et
865 3615 1032 3680 communi
1051 3614 1172 3680 indicio
1221 3612 1307 3679 ciem
1335 3632 1378 3677 ex
1405 3615 1586 3697 scripturae
1615 3613 1764 3681 doctrina
1792 3621 1932 3679 struunt.
1977 3613 2093 3695 Neque
2117 3614 2206 3679 enim

191 3696 377 3764 adversum.
387 3696 417 3781 ⁴)
446 3697 896 3783 Mitigatienemexoogitant,
915 3699 1172 3781 quaeadcarnis
1222 3704 1346 3764 temere
1366 3697 1465 3763 modo
1486 3700 1691 3784 impingunt,
1719 3701 1746 3765 si
1768 3720 1832 3783 qua
1852 3700 1994 3766 occurrit
2015 3697 2206 3779 difficultas,

191 3803 325 3848 sensum
336 3783 472 3866 propius
485 3783 630 3849 accedat:
644 3783 702 3848 sed
712 3786 841 3849 interea
851 3784 1019 3850 doctrinae
1034 3784 1172 3850 sinceri-

192 3876 243 3934 tas
261 3868 465 3951 profanatur.
498 3869 590 3953 Ergo
601 3869 686 3933 nihil
707 3870 825 3935 melius
836 3889 935 3953 quam
947 3869 1042 3936 ulcus
1061 3869 1172 3954 ipsum

191 3955 322 4020 fortiter
344 3955 468 4037 premi,
496 3974 561 4039 quo
583 3955 656 4020 fieri
682 3956 787 4039 pessit
812 3977 854 4020 ex
880 3957 972 4021 sanie
993 3956 1065 4039 ipsa
1086 3954 1172 4020 iudi·
1294 3984 1323 4052 1)
1344 4003 1446 4042 comme
1464 4005 1501 4042 ,m
1518 4005 1598 4058 paon.

192 4041 290 4106 cium.
335 4040 428 4105 Nihil
449 4046 562 4106 autem
584 4040 720 4121 clarius,
747 4060 846 4125 quam
876 4062 998 4108 vesana
1019 4041 1173 4126 superbia
1294 4055 1325 4121 2)
1345 4054 1445 4109 Petrus
1463 4056 1597 4113 Rusellae
1615 4064 1698 4128 patre
1717 4056 1883 4112 Numanae
1905 4064 1989 4111 nona
2017 4056 2134 4111 Tolosae
2155 4058 2206 4113 bc·

191 4127 345 4193 incitatos
374 4128 516 4209 semper'
532 4126 633 4191 fuisse
660 4126 827 4206 homiues,
856 4136 894 4192 ut
922 4127 1093 4213 evangelie
1115 4127 1172 4193 ob-
1224 4125 1363 4179 mm'vm
1381 4125 1474 4180 ΠΜ
1492 4125 1593 4195 &mih
1610 4129 1682 4181 ''nl‘'
1694 4126 2126 4207 ffiwfflmfekawlifflme
2143 4126 2207 4196 *Ῥω

192 4220 384 4297 streperent.
430 4211 557 4278 Eadem
580 4233 679 4278 causa
696 4211 840 4278 Iudaeos
860 4213 1018 4279 incitabat
1039 4213 1081 4278 ad
1102 4213 1172 4279 bel·
1222 4193 1450 4333 fflfflm
1467 4193 2106 4334 {gssiuffwgngfsfigfflsffizaffl
2117 4211 2206 4320 lm

191 4296 320 4364 minum
336 4300 497 4398 ‚summus
520 4320 584 4382 ‘1¹¹⁰
606 4298 749 4397 Pffl'ssitoe
766 4299 866 4365 sume
877 4299 1076 4383 ἰΡθθθῗθῦἶθῦ
1095 4306 1174 4366 sunt
1223 4333 1355 4399 favebant
1376 4334 1588 4387 renascentibus.
1625 4333 1725 4386 Postea
1743 4332 1856 4386 Lazaro
1875 4333 1975 4402 Bapfio
1997 4332 2086 4402 lepato
2103 4333 2204 4403 palliae

193 4385 431 4468 evangelistae,
465 4393 660 4468 praesertum
692 4384 804 4450 Lucas
839 4392 872 4449 et
904 4385 1041 4451 Paulus.
1085 4386 1173 4451 Nam
1226 4400 1303 4469 apua
1324 4401 1437 4481 Venetos
1455 4401 1692 4483 caiuuotaoflut,
1718 4403 1788 4483 ium·
1803 4401 1921 4483 naraon
1939 4404 2092 4482 mecauri
2111 4401 2152 4456 lo.
2171 4403 2207 4457 de

1223 4468 2029 4621 §coaeparaturausaausa
2042 4470 2207 4621 tamti

1223 4623 1331 4661 ranam
1353 4613 1415 4677 epa.
1455 4606 1529 4663 Deus
1551 4625 1582 4662 ue
1604 4615 1700 4663 mmm
1725 4626 1756 4663 an
1780 4607 1894 4663 Italoam
1914 4624 1970 4677 pro
1983 4613 2057 4663 ectus
2084 4606 2204 4664 Tuumne

262 4671 291 4735 1)
312 4688 378 4752 avec
396 4674 469 4729 leurs
487 4691 671 4756 geusemeurs
690 4682 719 4730 et
735 4691 802 4745 gens
821 4675 927 4731 d'estat.
1222 4676 1293 4741 satia
1314 4677 1445 4730 conseant
1467 4694 1493 4731 a.
1518 4626 1586 4730 dee
1609 4679 1707 4731 aetatis
1729 4677 1939 4748 quadrupesimo
1957 4679 2076 4744 septimo.
2108 4677 2203 4801 glut

261 4738 292 4805 2)
312 4740 398 4794 frcide
418 4750 446 4795 et
464 4743 613 4811 desgursie.
1225 4744 1321 4799 eccll.
1338 4744 1380 4798 48.
1411 4744 1620 4801 Sammaatbani
1635 4747 1723 4816 elops'o
1743 4746 1892 4801 Gallaenm.
1920 4746 2008 4815 Baple
2024 4747 2086 4809 etc.)
2155 4764 2203 4801 an·

261 4807 292 4874 3)
311 4807 385 4861 Add.
404 4809 460 4865 s’ils
479 4821 589 4866 eussent
607 4812 683 4882 supvi
701 4829 732 4868 oe
753 4828 805 4882 que
826 4812 897 4868 Dieu
915 4813 974 4868 leur
992 4815 1066 4868 auoit
1084 4814 1173 4872 denne
1223 4814 1304 4881 pellet
1327 4820 1482 4881 apostatam
1505 4815 1683 4883 appellabant
1709 4821 1766 4869 tum
1783 4816 1816 4869 ab
1834 4815 2032 4884 pelagianismi
2053 4816 2203 4870 aucensis

191 4878 225 4933 de
243 4879 387 4943 ingemens
1225 4896 1350 4947 morena,
1368 4887 1425 4935 tum
1443 4884 1509 4951 quia
1522 4883 1599 4951 apud
1609 4883 1713 4939 Siloam
1723 4900 1762 4952 ep.
1782 4900 1872 4953 opens,
1891 4885 1941 4952 qui
1957 4885 2057 4951 etipse
2074 4890 2204 4954 apostata

259 4945 290 5010 4)
311 4946 362 5000 Ces
386 4947 455 5000 beus
479 4962 666 5017 personnagcs
691 4949 820 5004 eerehent
843 4967 878 5004 un
902 4966 998 5021 moyen
1024 4950 1086 5020 plus
1111 4967 1174 5006 con·
1226 4957 1292 5017 erat
1311 4956 1337 5003 et
1351 4949 1472 5015 fidelium
1485 4958 1680 5022 persequutor,
1703 4954 1811 5007 mentio
1829 4952 1999 5021 approbabat
2016 4968 2086 5022 puae
2107 4960 2202 5021 patro·

191 5016 277 5071 ferrus
297 5031 331 5069 au
351 5030 414 5069 sens
432 5016 556 5083 humain,
580 5015 647 5070 c'est
674 5017 708 5071 de
731 5018 864 5073 concedar
887 5020 912 5073 ic
929 5035 964 5074 ue
982 5036 1013 5074 aa
1047 5037 1120 5090 quoy
1138 5036 1173 5076 au
1225 5034 1279 5073 nus
1303 5020 1410 5073 anona
1433 5021 1463 5073 in
1486 5022 1654 5091 eoanpeb'eca
1682 5021 1830 5078 dioeceseos
1859 5023 2021 5076 Veneriensis
2047 5028 2072 5075 et
2093 5022 2202 5077 maor

190 5085 268 5140 franc
287 5083 387 5138 arbitra
406 5090 434 5137 et
451 5083 548 5138 laisser
565 5084 683 5152 quelque
700 5092 779 5140 vertu
796 5088 930 5143 naturalia
948 5103 1001 5142 aux
1013 5038 1148 5143 hommes.
1224 5088 1284 5156 ipae
1302 5092 1328 5142 et
1344 5090 1454 5158 eccequi
1471 5088 1540 5144 aluos
1554 5105 1656 5158 poeseos
1673 5096 1720 5145 est.
