4620 5894
1135 214 1319 298 Paeone
2176 235 2235 299 eae

1255 426 1305 483 tre
1327 418 1358 483 le
1380 418 1432 484 fila
1454 418 1494 485 de
1516 419 1613 496 Dieu,
1636 441 1657 485 a
1678 419 1744 486 dict
1764 420 1950 485 Iesuehrist
1977 425 2096 485 nostre
2122 418 2173 484 fils
2197 418 2232 486 de

652 520 780 586 mn,
1255 505 1342 570 Dien
1365 505 1405 569 de
1426 512 1516 570 toute
1537 508 1685 583 eternus,
1719 507 1790 571 ains
1822 515 1897 571 tant
1927 505 2121 571 seulement
2150 505 2232 571 dem·

1255 610 1341 674 puys
1363 612 1422 655 son
1443 592 1659 656 incarnation.
1786 676 1793 690 .

295 698 947 810 5011l⁰¹1⁰01³¹f011011060⁰0¹1l¹fe
980 694 1143 779 Sem·
1255 676 1478 827 aaut
1495 683 1608 827 titt
1626 676 2232 846 t1tltt¹0⁰trl⁰⁵⁰ltt¹¹tt⁰fftlztf

1878 812 1886 839 1

1256 860 1445 911 reusement
1466 847 1576 912 disant
1595 848 1702 932 ieeluy
1724 857 1811 915 estre
1836 867 1911 913 eree
1934 845 1977 912 de
2003 847 2041 912 la
2068 847 2231 913 substance

1257 931 1298 995 de
1319 932 1407 996 Dien
1428 933 1461 998 le
1482 954 1569 1016 pere,
1591 941 1693 1018 ayant
1713 952 1810 998 reeeu
1830 940 1922 1018 troya
1942 932 2095 998 elemens
2113 932 2231 1016 dicelny

1256 1025 1290 1080 et
1311 1039 1380 1101 ung
1402 1026 1474 1083 tant
1494 1018 1679 1085 seulement
1700 1019 1740 1083 de
1769 1018 1803 1084 la
1831 1019 1960 1102 vierge:
1994 1040 2041 1085 en
2065 1040 2150 1103 quoy
2171 1041 2232 1084 me·

1258 1101 1463 1168 schamment
1484 1104 1508 1168 il
1534 1103 1673 1188 pretend
1704 1104 1810 1169 abolir
1841 1104 1876 1169 la
1907 1124 2015 1190 vraye
2050 1112 2086 1169 et
2116 1105 2231 1169 entiero

1258 1188 1426 1254 humanite
1454 1189 1495 1254 de
1522 1199 1633 1254 nostre
1653 1188 1817 1273 Seigneur
1838 1190 2027 1255 Iesuchrist
2059 1189 2095 1255 la
2125 1210 2231 1254 souve-

1260 1275 1349 1338 rainc
1370 1275 1572 1340 consolation
1595 1273 1638 1339 du
1662 1297 1786 1359 pouvre
1807 1296 1909 1359 genre
1932 1274 2087 1340 humain.

1344 1360 1432 1424 Item
1454 1368 1487 1425 et
1508 1361 1624 1443 que-le
1646 1361 1814 1443 baptesme
1836 1358 1894 1425 des
1920 1362 2008 1443 petis
2032 1361 2149 1428 enfans
2170 1374 2233 1425 nest

1258 1467 1321 1529 que
1344 1467 1409 1510 une
1430 1448 1598 1511 invention
1621 1446 1806 1529 diabolique
1828 1455 1861 1511 et
1882 1446 2083 1512 sornellerie.

314 1532 364 1597 Ire
386 1552 499 1615 proces
520 1531 599 1597 faict
626 1538 659 1595 et
683 1531 787 1596 forme
814 1551 875 1613 par
897 1530 1022 1594 devant
1048 1552 1108 1595 noa
1138 1537 1206 1595 tres
1343 1531 1428 1595 Item
1452 1539 1485 1595 et
1505 1531 1672 1614 plusieurs
1704 1532 1827 1596 anltres
1860 1532 1972 1614 pointa
1995 1540 2033 1595 et
2055 1532 2186 1596 articles
2206 1546 2234 1596 et

228 1617 401 1685 redoubtes
430 1617 600 1701 seigneurs
633 1615 828 1698 scindiques,
866 1616 960 1700 iuges
997 1615 1055 1681 des
1093 1636 1207 1681 causes
1259 1616 1446 1682 execrables
1479 1617 1685 1699 blasphemes
1719 1617 1776 1682 des
1808 1617 1901 1699 quela
1940 1616 2045 1681 ledict
2077 1617 2163 1682 livre
2191 1630 2233 1682 est

228 1703 426 1771 oriminolles
449 1701 490 1766 de
512 1710 601 1768 ceste
622 1703 685 1768 cite
704 1723 725 1767 a
746 1702 779 1765 la
800 1701 982 1783 poursuitte
1004 1710 1038 1765 et
1059 1702 1207 1767 instance
1259 1710 1330 1768 tout
1357 1702 1449 1786 farcy
1481 1702 1700 1785 grandement
1731 1701 1930 1768 scandalcux
1953 1710 1987 1766 ot
2010 1714 2128 1768 contro
2149 1702 2233 1768 lhon·

228 1791 272 1856 du
295 1791 449 1873 seigneur
469 1788 653 1853 lieutenant
674 1787 715 1852 de
737 1794 824 1853 ceste
846 1785 931 1852 dicte
952 1786 1026 1864 cite,
1048 1808 1083 1851 es
1104 1787 1207 1852 dictes
1260 1809 1342 1852 neur
1375 1797 1409 1853 et
1429 1789 1565 1854 maieste
1588 1788 1628 1853 de
1649 1790 1745 1866 Dion,
1780 1787 1825 1852 du
1856 1787 1910 1851 fila
1943 1787 1984 1852 de
2008 1786 2101 1853 Dieu
2135 1798 2169 1852 et
2196 1788 2231 1852 du

227 1897 341 1943 canses
363 1875 489 1939 instant
1254 1872 1376 1939 'Sainet
1397 1875 1508 1954 esprit,
1531 1888 1625 1956 quest
1642 1895 1713 1956 ung
1729 1873 1818 1938 oruel
1836 1880 1870 1936 et
1888 1872 2037 1938 horrible
2055 1874 2233 1938 murtrisse·

1260 1970 1351 2024 ment
1370 1960 1534 2041 perdition
1557 1968 1590 2023 et
1612 1959 1708 2023 ruine
1731 1959 1771 2023 de
1792 1959 1956 2041 plusieurs
1977 1979 2126 2041 pouvres
2145 1981 2232 2033 ames,

657 2060 779 2126 Gontre
1259 2053 1369 2110 estant
1397 2067 1458 2128 par
1486 2067 1522 2110 sa
1544 2044 1658 2109 dessus
1686 2043 1770 2109 dicte
1799 2043 1964 2128 desloyale
2000 2053 2037 2108 et
2063 2043 2233 2110 detestable

229 2149 351 2216 Michcl
374 2147 495 2214 Servat
516 2146 557 2211 de
577 2146 786 2211 Villeneulve
808 2167 852 2212 au
874 2168 1031 2230 royanmo
1049 2147 1207 2232 dAragon
1259 2131 1406 2195 d00iliss0
1427 2130 1558 2194 ifflhlssfl·
1603 2129 1711 2194 0h080
1731 2130 1971 2212 0P011V⁸11t⁸ble
1995 2152 2017 2194 a
2039 2130 2170 2230 recites

591 2253 631 2296 en
656 2232 845 2315 Hespstgm,
1345 2216 1431 2280 Itcrn
1446 2225 1480 2280 et
1500 2216 1604 2298 lequel
1624 2213 1747 2280 Servet
1764 2214 1892 2299 remply
1910 2214 1951 2279 de
1969 2215 2091 2280 mallee
2110 2216 2232 2279 rntrtnla

1259 2301 1366 2385 iceluy
1385 2322 1444 2367 son
1456 2302 1539 2368 livre
1550 2302 1634 2366 ainsi
1653 2301 1763 2366 dresse
1780 2308 1893 2366 contre
1905 2300 1994 2364 Dieu
2019 2309 2106 2366 etsa
2121 2303 2232 2367 saincte

314 2387 439 2469 lacquel
462 2387 717 2468 prernierement
739 2398 789 2449 est
811 2395 879 2450 esto
899 2388 1019 2450 attcint
1036 2386 1159 2465 davoir,
1182 2386 1207 2450 il
1258 2388 1405 2453 doctrine
1434 2387 1649 2471 evangelique
1671 2387 1916 2452 Christianismi
1940 2387 2119 2464 restitutio,
2151 2400 2234 2469 quest

228 2476 453 2560 yaenviron
484 2471 582 2554 vingt
614 2479 707 2553 troys
730 2493 749 2534 a
771 2472 867 2554 vingt
888 2480 1003 2553 quatre
1037 2495 1097 2537 ans
1129 2474 1207 2537 faiet
1258 2494 1279 2537 a
1311 2472 1380 2537 dire
1409 2474 1611 2537 Restitution
1646 2472 1690 2535 du
1723 2472 1987 2548 Christianisme,
2025 2480 2059 2536 et
2093 2493 2131 2537 ee
2162 2493 2233 2555 pour

228 2560 398 2642 imprimer
421 2578 490 2641 ung
517 2557 602 2619 livre
630 2562 651 2619 a
674 2557 793 2639 Agnou
822 2579 862 2621 en
884 2557 1066 2641 Alemagne
1094 2567 1206 2623 contre
1259 2559 1383 2623 mieulx
1404 2556 1545 2642 seduyro
1567 2566 1600 2622 et
1621 2567 1768 2639 tromper
1790 2557 1838 2621 les
1860 2577 2004 2639 pouvres
2033 2559 2189 2641 ignorans
2207 2572 2233 2620 ct

228 2647 261 2709 la
282 2646 406 2710 saincte
429 2650 462 2707 et
482 2640 653 2705 individue
676 2642 810 2720 Trinite,
840 2651 1017 2708 contenent
1045 2643 1206 2725 plusieurs
1258 2664 1342 2727 pour
1364 2644 1437 2726 plus
1455 2643 1716 2708 commodement
1732 2643 1869 2707 infector
1886 2641 1927 2706 de
1945 2662 2007 2707 son
2026 2642 2233 2707 malheureur

228 2740 263 2795 ot
302 2750 402 2814 grans
447 2726 653 2809 blasphemes
692 2740 805 2791 contre
847 2727 948 2804 icelle,
991 2729 1207 2812 grandement
1258 2746 1292 2793 et
1325 2729 1495 2794 rnosehant
1528 2729 1626 2793 venin
1658 2727 1707 2792 les
1741 2728 1882 2792 lecteura
1914 2726 1955 2792 dc
1978 2749 2041 2792 son
2072 2729 2141 2794 dict
2162 2729 2233 2792 livre

228 2816 428 2882 scandaleon
452 2835 486 2878 cs
509 2812 638 2896 Eglises
661 2812 821 2879 desdiotes
846 2813 1057 2898 Alemagnes:
1099 2815 1205 2897 lequel
1259 2816 1359 2879 souba
1382 2815 1511 2878 lumbre
1533 2815 1573 2879 de
1595 2813 1703 2877 bonne
1726 2812 1881 2878 doctrine.

228 2903 312 2968 livre
333 2901 357 2964 il
378 2921 398 2962 a
420 2908 672 2982 spontauomeut
693 2902 839 2964 confesse
868 2901 959 2962 avoir
987 2900 1065 2965 faict
1092 2902 1206 2984 impri-
1344 2901 1430 2964 Item
1452 2915 1485 2963 et
1516 2900 1621 2964 oultre
1648 2899 1678 2964 le
1705 2899 1820 2964 dessus
1842 2899 1909 2963 dict
1942 2898 2040 2973 livre,
2074 2900 2233 2964 assaillant

228 3009 314 3063 mer,
344 2987 545 3050 nonobstant
581 2985 627 3047 les
656 2996 917 3049 remonstrances
946 2994 980 3048 et
1008 2988 1206 3052 corrections
1259 3006 1318 3068 per
1347 2987 1460 3050 lettres
1493 3006 1633 3049 mesmes
1665 2992 1778 3048 nostre
1810 2985 1864 3068 foy
1899 2992 1935 3048 ct
1966 2994 2119 3049 mettant
2152 2985 2234 3068 peine

228 3095 249 3137 a
270 3073 318 3137 lui
340 3073 453 3136 faictos
474 3069 513 3133 de
535 3091 588 3133 scs
610 3069 730 3135 laulaes
752 3071 901 3152 opinions
923 3091 983 3153 par
1004 3070 1051 3135 los
1069 3092 1207 3137 scavans
1258 3071 1351 3136 icelle
1379 3072 1514 3136 infector
1537 3071 1577 3134 de
1599 3092 1635 3134 sa
1656 3070 1771 3151 poison
1799 3090 1819 3132 a
1845 3069 2139 3134 voluntairement·
2169 3092 2233 3136 con·

229 3159 382 3225 docteurs
404 3155 623 3238 evangelistes
645 3154 804 3220 desdictes
827 3156 1034 3239 Alemagnes.
1259 3159 1342 3221 fesso
1370 3168 1403 3220 ot
1432 3178 1614 3240 recongneu
1650 3157 1744 3218 avoir
1776 3155 1897 3237 esoript
1929 3155 2032 3219 lettre
2055 3176 2075 3219 a
2098 3178 2169 3241 ung
2188 3156 2234 3219 des

316 3245 410 3317 Item,
434 3250 467 3306 et
488 3241 595 3323 lequel
616 3241 700 3305 livre
728 3250 778 3305 eet
805 3250 874 3306 estc
901 3262 962 3324 par
989 3242 1037 3306 les
1057 3243 1207 3308 dooteurs
1259 3245 1425 3307 ministres
1448 3243 1487 3305 de
1509 3250 1597 3306 ceste
1618 3243 1690 3317 cite,
1719 3241 1801 3305 dans
1829 3241 1972 3322 laquelle
2002 3260 2101 3305 entre
2123 3242 2234 3306 aultres

171 3351 175 3359 ·
229 3328 362 3395 dicelles
385 3329 503 3410 eglises
526 3326 740 3410 dAlemagno,
769 3347 895 3392 comme
924 3328 1011 3409 plein
1041 3327 1207 3393 dlreresies
1259 3329 1420 3411 plusieurs
1444 3328 1604 3391 lrorribles
1637 3334 1670 3390 et
1701 3347 1851 3390 enormes
1885 3325 2102 3408 blasphemes
2134 3336 2234 3393 contre

231 3435 390 3499 reprouve
424 3424 456 3476 et
489 3410 588 3476 lodict
616 3410 737 3476 Servet
769 3412 873 3476 rendu
906 3413 1018 3496 fugitif
1047 3413 1207 3479 desdictos
1260 3422 1371 3477 nostro
1394 3412 1527 3477 Saincte
1550 3413 1704 3495 Religion
1726 3412 1953 3494 Evangelique
1983 3413 2007 3474 il
2037 3412 2109 3478 diet
2135 3422 2234 3477 nostre

232 3502 430 3583 Alemagnes
454 3520 473 3561 a
495 3518 592 3562 carrae
614 3497 728 3562 dudiet
750 3498 841 3562 livre.
1262 3500 1423 3582 Evangile
1446 3506 1531 3563 estre
1553 3520 1630 3563 sans
1658 3498 1713 3582 foy
1735 3506 1768 3560 et·
1794 3519 1870 3561 sans
1893 3496 1983 3559 Dieu
2016 3505 2140 3580 etque
2165 3519 2235 3581 pour

316 3587 412 3658 Item,
436 3592 469 3646 et
491 3585 690 3647 nonobstant
711 3583 782 3648 cola
804 3583 903 3648 ledict
921 3582 1041 3648 Servat
1060 3607 1080 3648 a
1099 3607 1208 3668 perse·
1233 3592 1236 3635 l
1260 3608 1328 3668 ung
1351 3586 1435 3649 Dieu
1458 3606 1540 3648 nous
1562 3605 1665 3648 avons
1687 3604 1756 3665 ung
1777 3582 1920 3647 Cerbero
1942 3603 1962 3645 a
1986 3593 2083 3667 troya.
2106 3596 2209 3648 testes.

230 3693 310 3737 vere
332 3693 374 3734 en
397 3690 449 3733 ses
470 3669 592 3732 faulses
614 3691 754 3747 erreurs,
789 3671 946 3734 infestant
974 3670 1105 3736 dicelles
1137 3672 1208 3754 plu·
1346 3671 1431 3733 Item
1454 3678 1487 3734 et
1516 3692 1535 3734 a
1569 3670 1751 3751 davantage
1784 3668 2069 3732 voluntairement
2103 3671 2234 3734 confesse

231 3760 338 3823 sieurs
360 3777 379 3818 a
401 3776 461 3818 son
483 3754 631 3836 possible.
1261 3779 1322 3839 que
1345 3779 1386 3820 au
1410 3756 1523 3819 dessus
1547 3756 1613 3820 dict
1634 3755 1700 3817 lieu
1722 3753 1761 3817 de
1783 3754 1924 3830 Vienne,
1949 3776 1969 3817 a
1992 3775 2096 3819 cause
2120 3755 2234 3836 diceluy

317 3843 413 3918 Item,
449 3855 481 3903 ot
508 3861 573 3902 uon
602 3849 734 3903 content
757 3841 796 3903 de
819 3840 889 3905 cela
911 3862 992 3923 pour
1014 3843 1138 3906 micula
1161 3843 1209 3906 di·
1233 3866 1236 3905 ι
1261 3843 1432 3906 merchant
1461 3852 1493 3904 ot
1522 3839 1725 3905 abominnblc
1758 3840 1842 3903 livre
1875 3848 1909 3901 et
1941 3841 2111 3921 opinions,
2143 3841 2166 3904 il
2197 3840 2236 3903 fat

231 3929 372 4011 vulguer
404 3934 438 3990 et
468 3925 648 4008 espaneher
686 3947 745 3989 son
778 3927 845 3990 dict
885 3929 984 3990 venin
1017 3935 1051 3991 et
1083 3928 1209 3994 horosio
1233 3910 1236 3947 ¹
1260 3931 1339 3994 faiet
1368 3929 1562 4009 prisonnier‚
1599 3926 1771 4007 lesquelles
1805 3926 1935 4006 prisone
1969 3926 2191 4007 perfidoment
2217 3923 2234 3985 il

233 4015 396 4095 dempuys
418 4033 481 4094 peu
502 4011 542 4074 (1(
565 4019 670 4093 temps
693 4033 732 4075 en
756 4033 794 4077 ca
812 4012 834 4074 il
852 4011 930 4076 faict
952 4014 1120 4095 imprimer
1143 4037 1210 4098 ung
1234 3958 1237 4079 l
1263 4014 1383 4095 rompit
1404 4021 1436 4076 et
1458 4013 1629 4094 eschappa.

233 4099 339 4163 aultro
362 4099 445 4160 livre
468 4117 487 4159 a
509 4098 673 4161 cachottos
696 4097 776 4160 dans
800 4099 928 4161 Vienna
956 4120 998 4161 en
1020 4088 1237 4181 Daulphinol
1347 4099 1431 4161 Item
1466 4106 1499 4161 et
1532 4107 1605 4160 nest
1638 4096 1821 4160 seulement
1854 4095 1965 4158 dresse
2001 4096 2106 4160 ledict
2128 4098 2235 4161 Servet

234 4185 362 4268 remply
385 4183 546 4246 desdictes
572 4183 725 4258 heresies,
763 4183 923 4247 horribles
958 4192 989 4247 et
1023 4187 1211 4251 execrablee
1234 4180 1237 4241 l
1262 4206 1304 4249 en
1316 4205 1352 4247 sa
1374 4184 1521 4248 doctrine
1543 4191 1657 4246 contre
1677 4182 1711 4245 la
1731 4202 1832 4265 vraye
1844 4181 2000 4261 Religion
2025 4182 2233 4251 chrestienne,

233 4270 440 4352 blasphemes
463 4277 574 4332 contro
596 4269 627 4330 la
650 4269 773 4333 saincte
795 4269 932 4343 Trinite
955 4277 1068 4334 contre
1090 4271 1120 4335 le
1138 4272 1211 4335 Fila
1235 4248 1237 4305 1
1262 4271 1345 4333 mais
1369 4290 1493 4333 comme
1515 4279 1671 4350 arrogant
1702 4269 1896 4330 innovateur
1919 4266 2103 4346 dheresies,
2136 4280 2234 4333 contre

233 4356 274 4419 (1(
286 4355 372 4418 Dicu
396 4362 509 4419 cont-re
531 4354 562 4417 lo
585 4353 751 4435 baptesme
774 4354 831 4417 des
842 4356 927 4437 petis
950 4357 1065 4419 enfans
1086 4365 1119 4419 et
1141 4358 1210 4421 aul-
1262 4357 1295 4418 la
1316 4356 1497 4437 papistique
1528 4362 1561 4416 et
1582 4354 1715 4425 aultres,
1746 4353 1774 4416 si
1802 4375 1864 4434 quo
1893 4351 2073 4417 aVienne
2107 4371 2234 4417 mesmes

233 4454 301 4506 tres
322 4441 486 4523 plusieurs
509 4440 630 4503 saincte
657 4462 809 4523 passages
838 4448 870 4504 et
896 4441 1088 4505 fondemens
1111 4442 1151 4506 do
1180 4444 1212 4507 la
1263 4442 1286 4504 il
1310 4451 1359 4505 est
1379 4451 1447 4504 este
1476 4439 1585 4505 brusle
1607 4462 1648 4502 en
1676 4440 1791 4522 effigie,
1826 4448 1860 4500 et
1892 4437 1933 4501 de
1967 4439 2114 4505 sesdieta
2148 4441 2233 4502 livine

234 4527 373 4609 religion
396 4524 610 4588 chrestienne.
1235 4540 1238 4549 '
1262 4530 1336 4608 cinq
1359 4527 1466 4590 baeles
1490 4525 1642 4588 bruslecs.

322 4612 407 4674 Item
430 4618 463 4673 et
483 4630 503 4671 a
524 4620 776 4692 spontauernent
807 4613 952 4675 confosse
984 4632 1069 4693 quen
1104 4604 1238 4697 ioeluyf
1350 4613 1444 4683 Item,
1474 4623 1507 4675 ct
1529 4612 1727 4674 nonobstant
1758 4621 1829 4672 tout
1861 4609 1940 4683 cela,
1980 4620 2097 4675 estant
2129 4614 2178 4692 icy
2206 4629 2232 4669 cs

236 4699 319 4762 livre
342 4698 365 4760 il
388 4696 514 4777 appelle
536 4715 618 4759 ceux
641 4697 697 4778 qui
726 4704 861 4781 croyent
883 4702 924 4760 en
946 4696 979 4760 la
1002 4697 1129 4763 Trinito
1152 4701 1210 4762 tri·
1235 4714 1237 4759 l
1263 4699 1392 4780 prisone
1415 4696 1454 4761 (1(
1477 4706 1562 4761 costo
1592 4699 1655 4759 cito
1677 4695 1795 4759 detenu
1817 4717 1861 4758 na
1887 4695 1989 4760 laisse
2020 4697 2062 4761 de
2092 4698 2234 4781 persistet

236 4784 371 4846 nitaircs
394 4793 427 4845 et
449 4781 613 4845 atheistes.
1235 4810 1238 4861 i
1264 4784 1540 4847 malicieuscmont
1562 4803 1603 4846 en
1625 4780 1778 4846 sesdictos
1807 4782 2021 4847 moechantes
2051 4802 2086 4848 et
2109 4783 2233 4846 detesta-

323 4868 408 4930 Item
442 4876 475 4929 ot
502 4868 570 4947 quil
593 4866 720 4949 appelle
741 4867 834 4930 icelle
857 4868 983 4931 Trinite
1016 4889 1084 4951 ung
1106 4868 1211 4933 diablo
1235 4864 1238 4887 '
1264 4870 1332 4933 bles
1352 4890 1492 4945 orreum,
1516 4868 1562 4932 les
1585 4868 1739 4931 taschnnt
1761 4868 1928 4931 soustenir
1951 4891 2037 4934 avec
2064 4872 2186 4934 iniures
2209 4884 2234 4930 et

235 4960 270 5017 et
291 4960 436 5015 monstro
459 4973 478 5015 a
500 4960 593 5036 troys
615 4961 723 5018 testes.
1264 4955 1442 5018 calumnics
1469 4963 1581 5019 contre
1610 4961 1684 5016 tous
1708 4974 1805 5036 vrays
1828 4953 2030 5021 Chrestiens
2062 4972 2097 5022 et
2125 4954 2234 5021 fidelles

322 5037 409 5100 Item
440 5044 473 5100 et
506 5046 617 5102 contre
651 5038 681 5102 le
703 5059 787 5121 vray
808 5037 997 5101 fondemcnt
1019 5038 1058 5102 de
1082 5039 1113 5102 la
1135 5040 1211 5103 reli·
1235 5038 1237 5051 ‘
1263 5041 1496 5105 tenementiers
1519 5039 1558 5103 de
1581 5039 1613 5102 la
1635 5060 1716 5120 pure
1738 5039 1937 5105 immaculee
1959 5043 2120 5129 Religion
2142 5043 2233 5109 chres·

236 5125 311 5207 gion
335 5122 542 5186 chrestienne
564 5133 598 5186 et
618 5124 831 5206 blaphemant
848 5123 1117 5189 detestablement
1135 5148 1211 5190 con·
1235 5116 1237 5175 1
1263 5128 1381 5203 tienne,
1415 5126 1462 5190 les
1495 5125 1661 5208 appellant
1693 5125 1885 5207 trinitaires,
1920 5130 2087 5197 atheistes
2118 5144 2148 5196 et
2178 5149 2236 5194 sor·

231 900 421 985 (L’orr'qiaat
436 919 471 964 se
492 903 597 963 bonae
612 899 725 981 parmi
743 897 787 963 les
804 903 885 962 actas
905 897 950 961 du
965 898 1075 978 procia
1094 896 1135 961 N.
1150 902 1204 961 33.

227 986 324 1053 Aret.
347 987 385 1050 dc
410 986 537 1050 Gema
561 1021 598 1031 —
625 983 780 1065 Iaqorc'mc⁵
800 984 883 1050 doru
904 983 962 1048 les:
996 981 1152 1048 Menoire
1174 982 1211 1063 of

229 1073 407 1137 manere
435 1070 501 1135 Vol.
524 1068 576 1135 II.
599 1069 690 1135 Febr.
714 1069 756 1134 N.
777 1066 838 1134 00.
859 1088 890 1148 p.
916 1072 961 1133 75
982 1088 1007 1133 s.
1028 1088 1095 1149 por
1114 1067 1152 1134 de
1173 1068 1206 1131 la

164 1202 167 1207 -
229 1157 339 1223 Roclta
351 1194 393 1204 —
404 1156 499 1222 Dans
505 1154 742 1234 Allwoerdeap.
756 1159 824 1218 107
835 1174 871 1233 a,
883 1153 1046 1234 Mosbet'm,
1059 1153 1206 1218 Anderae.

237 1244 323 1309 Vere.
340 1266 374 1326 p.
400 1247 469 1306 444
490 1262 526 1321 a,
548 1239 660 1391 &demo
675 1261 712 1320 p.
737 1244 805 1304 115
827 1260 879 1317 aa,
903 1238 1014 1324 Heary
1043 1239 1108 1305 Vol.
1132 1237 1205 1303 III.

642 1327 667 1391 '.
686 1348 719 1408 p.
745 1329 789 1390 75
811 1328 850 1408 s.)
