<?xml version="1.0" encoding="UTF-8"?>
<!DOCTYPE html PUBLIC "-//W3C//DTD XHTML 1.0 Transitional//EN"
    "http://www.w3.org/TR/xhtml1/DTD/xhtml1-transitional.dtd">
<html xmlns="http://www.w3.org/1999/xhtml" xml:lang="en" lang="en">
 <head>
  <title>
</title>
<meta http-equiv="Content-Type" content="text/html;charset=utf-8" />
  <meta name='ocr-system' content='tesseract 3.04.00' />
  <meta name='ocr-capabilities' content='ocr_page ocr_carea ocr_par ocr_line ocrx_word'/>
</head>
<body>
  <div class='ocr_page' id='page_1' title='image "./ioanniscalvinio14calvgoog_0031.png"; bbox 0 0 4620 5894; ppageno 0'>
   <div class='ocr_carea' id='block_1_1' title="bbox 215 247 1639 323">
    <p class='ocr_par' dir='ltr' id='par_1_1' title="bbox 215 247 1639 323">
     <span class='ocr_line' id='line_1_1' title="bbox 215 247 1639 323; baseline -0.005 0"><span class='ocrx_word' id='word_1_1' title='bbox 215 256 339 323; x_wconf 87' lang='lat' dir='ltr'>XXIV</span> <span class='ocrx_word' id='word_1_2' title='bbox 807 249 1080 319; x_wconf 71' lang='lat' dir='ltr'><strong><em>nancradus</em></strong></span> <span class='ocrx_word' id='word_1_3' title='bbox 1103 247 1397 318; x_wconf 73' lang='lat' dir='ltr'><strong><em>uflaouoalol</em></strong></span> <span class='ocrx_word' id='word_1_4' title='bbox 1416 249 1639 318; x_wconf 70' lang='lat' dir='ltr'><strong><em>Minoaue.</em></strong></span> 
     </span>
    </p>
   </div>
   <div class='ocr_carea' id='block_1_2' title="bbox 138 437 2232 2073">
    <p class='ocr_par' dir='ltr' id='par_1_2' title="bbox 138 437 2232 1530">
     <span class='ocr_line' id='line_1_2' title="bbox 215 437 2230 531; baseline -0.004 -21"><span class='ocrx_word' id='word_1_5' title='bbox 215 446 271 531; x_wconf 77' lang='lat' dir='ltr'><strong><em>gui</em></strong></span> <span class='ocrx_word' id='word_1_6' title='bbox 297 446 345 510; x_wconf 87' lang='lat' dir='ltr'><strong><em>oet</em></strong></span> <span class='ocrx_word' id='word_1_7' title='bbox 372 445 410 509; x_wconf 85' lang='lat' dir='ltr'><strong><em>ab</em></strong></span> <span class='ocrx_word' id='word_1_8' title='bbox 441 445 512 509; x_wconf 86' lang='lat' dir='ltr'><strong><em>istis</em></strong></span> <span class='ocrx_word' id='word_1_9' title='bbox 541 443 606 507; x_wconf 85' lang='lat' dir='ltr'><strong><em>nisi</em></strong></span> <span class='ocrx_word' id='word_1_10' title='bbox 633 443 735 509; x_wconf 73' lang='lat' dir='ltr'><strong><em>oriens·</em></strong></span> <span class='ocrx_word' id='word_1_11' title='bbox 757 447 784 507; x_wconf 86' lang='lat' dir='ltr'><strong><em>ot</em></strong></span> <span class='ocrx_word' id='word_1_12' title='bbox 800 441 944 523; x_wconf 83' lang='lat' dir='ltr'><strong><em>prudens</em></strong></span> <span class='ocrx_word' id='word_1_13' title='bbox 963 441 1064 522; x_wconf 80' lang='lat' dir='ltr'><strong><em>deripi</em></strong></span> <span class='ocrx_word' id='word_1_14' title='bbox 1081 441 1228 520; x_wconf 79' lang='lat' dir='ltr'><strong><em>pduerit,</em></strong></span> <span class='ocrx_word' id='word_1_15' title='bbox 1259 439 1315 517; x_wconf 88' lang='lat' dir='ltr'><strong><em>oet,</em></strong></span> <span class='ocrx_word' id='word_1_16' title='bbox 1337 439 1368 504; x_wconf 88' lang='lat' dir='ltr'><strong><em>si</em></strong></span> <span class='ocrx_word' id='word_1_17' title='bbox 1389 440 1645 520; x_wconf 69' lang='lat' dir='ltr'><strong><em>armassemus</em></strong></span> <span class='ocrx_word' id='word_1_18' title='bbox 1667 443 1743 519; x_wconf 89' lang='lat' dir='ltr'><strong><em>erat,</em></strong></span> <span class='ocrx_word' id='word_1_19' title='bbox 1765 459 1826 504; x_wconf 90' lang='lat' dir='ltr'><strong><em>non</em></strong></span> <span class='ocrx_word' id='word_1_20' title='bbox 1848 437 1930 505; x_wconf 87' lang='lat' dir='ltr'><strong><em>ultro</em></strong></span> <span class='ocrx_word' id='word_1_21' title='bbox 1950 440 1986 504; x_wconf 88' lang='lat' dir='ltr'><strong><em>in</em></strong></span> <span class='ocrx_word' id='word_1_22' title='bbox 2008 442 2122 504; x_wconf 85' lang='lat' dir='ltr'><strong><em>reatum</em></strong></span> <span class='ocrx_word' id='word_1_23' title='bbox 2143 437 2230 503; x_wconf 85' lang='lat' dir='ltr'><strong><em>eiam</em></strong></span> 
     </span>
     <span class='ocr_line' id='line_1_3' title="bbox 214 550 2232 637; baseline -0.003 -15"><span class='ocrx_word' id='word_1_24' title='bbox 214 556 350 623; x_wconf 83' lang='lat' dir='ltr'><strong><em>redierit.</em></strong></span> <span class='ocrx_word' id='word_1_25' title='bbox 398 555 523 637; x_wconf 70' lang='lat' dir='ltr'><strong><em>Offensa</em></strong></span> <span class='ocrx_word' id='word_1_26' title='bbox 546 559 712 620; x_wconf 82' lang='lat' dir='ltr'><strong><em>esttamen</em></strong></span> <span class='ocrx_word' id='word_1_27' title='bbox 736 555 793 619; x_wconf 84' lang='lat' dir='ltr'><strong><em>isto</em></strong></span> <span class='ocrx_word' id='word_1_28' title='bbox 817 553 895 618; x_wconf 79' lang='lat' dir='ltr'><strong><em>libro</em></strong></span> <span class='ocrx_word' id='word_1_29' title='bbox 919 554 952 616; x_wconf 87' lang='lat' dir='ltr'><strong><em>ia</em></strong></span> <span class='ocrx_word' id='word_1_30' title='bbox 980 551 1158 618; x_wconf 82' lang='lat' dir='ltr'><strong><em>Libertinos</em></strong></span> <span class='ocrx_word' id='word_1_31' title='bbox 1182 552 1387 631; x_wconf 77' lang='lat' dir='ltr'><strong><em>Nasamona,</em></strong></span> <span class='ocrx_word' id='word_1_32' title='bbox 1416 552 1500 634; x_wconf 78' lang='lat' dir='ltr'><strong><em>quod</em></strong></span> <span class='ocrx_word' id='word_1_33' title='bbox 1521 552 1560 618; x_wconf 90' lang='lat' dir='ltr'><strong><em>ab</em></strong></span> <span class='ocrx_word' id='word_1_34' title='bbox 1581 552 1673 619; x_wconf 83' lang='lat' dir='ltr'><strong><em>iltius</em></strong></span> <span class='ocrx_word' id='word_1_35' title='bbox 1693 550 1867 617; x_wconf 72' lang='lat' dir='ltr'><strong><em>horrendae</em></strong></span> <span class='ocrx_word' id='word_1_36' title='bbox 1893 556 1993 616; x_wconf 81' lang='lat' dir='ltr'><strong><em>aeetae</em></strong></span> <span class='ocrx_word' id='word_1_37' title='bbox 2014 551 2232 633; x_wconf 73' lang='lat' dir='ltr'><strong><em>anmoipnanio</em></strong></span> 
     </span>
     <span class='ocr_line' id='line_1_4' title="bbox 213 661 2231 749; baseline -0.004 -15"><span class='ocrx_word' id='word_1_38' title='bbox 213 667 348 748; x_wconf 77' lang='lat' dir='ltr'><strong><em>amau,</em></strong></span> <span class='ocrx_word' id='word_1_39' title='bbox 382 667 531 749; x_wconf 74' lang='lat' dir='ltr'><strong><em>outmtm</em></strong></span> <span class='ocrx_word' id='word_1_40' title='bbox 552 671 580 732; x_wconf 90' lang='lat' dir='ltr'><strong><em>et</em></strong></span> <span class='ocrx_word' id='word_1_41' title='bbox 602 664 750 746; x_wconf 70' lang='lat' dir='ltr'><strong><em>Poenae,</em></strong></span> <span class='ocrx_word' id='word_1_42' title='bbox 773 685 850 746; x_wconf 78' lang='lat' dir='ltr'><strong><em>quoe</em></strong></span> <span class='ocrx_word' id='word_1_43' title='bbox 870 664 1056 729; x_wconf 86' lang='lat' dir='ltr'><strong><em>nominatim</em></strong></span> <span class='ocrx_word' id='word_1_44' title='bbox 1081 661 1233 729; x_wconf 80' lang='grc'><strong>05151555</strong></span> <span class='ocrx_word' id='word_1_45' title='bbox 1254 669 1414 746; x_wconf 83' lang='lat' dir='ltr'><strong><em>orpuerat,</em></strong></span> <span class='ocrx_word' id='word_1_46' title='bbox 1437 663 1703 746; x_wconf 71' lang='lat' dir='ltr'><strong><em>ammisisset</em></strong></span> <span class='ocrx_word' id='word_1_47' title='bbox 1722 662 1890 744; x_wconf 75' lang='lat' dir='ltr'><strong><em>fasdnato,</em></strong></span> <span class='ocrx_word' id='word_1_48' title='bbox 1913 667 1948 727; x_wconf 85' lang='lat' dir='ltr'><strong><em>nt</em></strong></span> <span class='ocrx_word' id='word_1_49' title='bbox 1968 682 2065 743; x_wconf 77' lang='lat' dir='ltr'><strong><em>quum</em></strong></span> <span class='ocrx_word' id='word_1_50' title='bbox 2087 662 2231 744; x_wconf 73' lang='lat' dir='ltr'><strong><em>almania</em></strong></span> 
     </span>
     <span class='ocr_line' id='line_1_5' title="bbox 213 774 2230 862; baseline -0.003 -16"><span class='ocrx_word' id='word_1_51' title='bbox 213 800 320 846; x_wconf 86' lang='lat' dir='ltr'><strong><em>eornm</em></strong></span> <span class='ocrx_word' id='word_1_52' title='bbox 341 779 522 862; x_wconf 70' lang='lat' dir='ltr'><strong><em>mysterium</em></strong></span> <span class='ocrx_word' id='word_1_53' title='bbox 541 798 604 843; x_wconf 84' lang='lat' dir='ltr'><strong><em>non</em></strong></span> <span class='ocrx_word' id='word_1_54' title='bbox 625 781 744 856; x_wconf 90' lang='lat' dir='ltr'><strong><em>teneret,</em></strong></span> <span class='ocrx_word' id='word_1_55' title='bbox 761 796 823 858; x_wconf 85' lang='lat' dir='ltr'><strong><em>pro</em></strong></span> <span class='ocrx_word' id='word_1_56' title='bbox 845 776 933 841; x_wconf 85' lang='lat' dir='ltr'><strong><em>bonis</em></strong></span> <span class='ocrx_word' id='word_1_57' title='bbox 955 775 1036 840; x_wconf 79' lang='lat' dir='ltr'><strong><em>otiis</em></strong></span> <span class='ocrx_word' id='word_1_58' title='bbox 1057 775 1129 840; x_wconf 86' lang='lat' dir='ltr'><strong><em>illos</em></strong></span> <span class='ocrx_word' id='word_1_59' title='bbox 1150 774 1286 854; x_wconf 80' lang='lat' dir='ltr'><strong><em>baberet,</em></strong></span> <span class='ocrx_word' id='word_1_60' title='bbox 1310 795 1346 840; x_wconf 86' lang='lat' dir='ltr'><strong><em>aa</em></strong></span> <span class='ocrx_word' id='word_1_61' title='bbox 1361 774 1498 857; x_wconf 76' lang='lat' dir='ltr'><em>proinde</em></span> <span class='ocrx_word' id='word_1_62' title='bbox 1519 795 1587 842; x_wconf 82' lang='lat' dir='ltr'><strong><em>oeae</em></strong></span> <span class='ocrx_word' id='word_1_63' title='bbox 1606 774 1830 856; x_wconf 78' lang='lat' dir='ltr'><strong><em>quodammodo</em></strong></span> <span class='ocrx_word' id='word_1_64' title='bbox 1846 795 1907 856; x_wconf 78' lang='lat' dir='ltr'><strong><em>per</em></strong></span> <span class='ocrx_word' id='word_1_65' title='bbox 1928 795 2034 839; x_wconf 82' lang='lat' dir='ltr'><strong><em>emam</em></strong></span> <span class='ocrx_word' id='word_1_66' title='bbox 2056 775 2140 841; x_wconf 76' lang='lat' dir='ltr'><strong><em>latua</em></strong></span> <span class='ocrx_word' id='word_1_67' title='bbox 2161 793 2230 839; x_wconf 87' lang='lat' dir='ltr'><strong><em>oon·</em></strong></span> 
     </span>
     <span class='ocr_line' id='line_1_6' title="bbox 211 882 2231 976; baseline -0.002 -20"><span class='ocrx_word' id='word_1_68' title='bbox 211 891 333 976; x_wconf 79' lang='lat' dir='ltr'><strong><em>fossam</em></strong></span> <span class='ocrx_word' id='word_1_69' title='bbox 361 889 578 956; x_wconf 70' lang='lat' dir='ltr'><strong><em>arbitraretur.</em></strong></span> <span class='ocrx_word' id='word_1_70' title='bbox 631 887 719 971; x_wconf 80' lang='lat' dir='ltr'><strong><em>Quod</em></strong></span> <span class='ocrx_word' id='word_1_71' title='bbox 747 909 844 969; x_wconf 78' lang='lat' dir='ltr'><strong><em>quum</em></strong></span> <span class='ocrx_word' id='word_1_72' title='bbox 870 887 1070 953; x_wconf 78' lang='lat' dir='ltr'><strong><em>imetleaisset</em></strong></span> <span class='ocrx_word' id='word_1_73' title='bbox 1099 882 1264 966; x_wconf 77' lang='lat' dir='ltr'><strong><em>Calvinus,</em></strong></span> <span class='ocrx_word' id='word_1_74' title='bbox 1294 887 1340 952; x_wconf 84' lang='lat' dir='ltr'><strong><em>sie</em></strong></span> <span class='ocrx_word' id='word_1_75' title='bbox 1367 886 1418 951; x_wconf 88' lang='lat' dir='ltr'><strong><em>illi</em></strong></span> <span class='ocrx_word' id='word_1_76' title='bbox 1445 887 1530 951; x_wconf 88' lang='lat' dir='ltr'><strong><em>mira</em></strong></span> <span class='ocrx_word' id='word_1_77' title='bbox 1558 886 1696 969; x_wconf 78' lang='lat' dir='ltr'><strong><em>quodam</em></strong></span> <span class='ocrx_word' id='word_1_78' title='bbox 1721 887 1929 953; x_wconf 85' lang='lat' dir='ltr'><strong><em>moderatione</em></strong></span> <span class='ocrx_word' id='word_1_79' title='bbox 1953 884 2122 968; x_wconf 81' lang='lat' dir='ltr'><strong><em>respondit,</em></strong></span> <span class='ocrx_word' id='word_1_80' title='bbox 2144 890 2231 952; x_wconf 84' lang='lat' dir='ltr'><strong><em>utet</em></strong></span> 
     </span>
     <span class='ocr_line' id='line_1_7' title="bbox 214 996 2231 1086; baseline -0.002 -17"><span class='ocrx_word' id='word_1_81' title='bbox 214 1003 382 1086; x_wconf 75' lang='lat' dir='ltr'><strong><em>dionitatis</em></strong></span> <span class='ocrx_word' id='word_1_82' title='bbox 406 1005 433 1064; x_wconf 86' lang='lat' dir='ltr'><strong><em>et</em></strong></span> <span class='ocrx_word' id='word_1_83' title='bbox 454 1000 636 1066; x_wconf 85' lang='lat' dir='ltr'><strong><em>collatorum</em></strong></span> <span class='ocrx_word' id='word_1_84' title='bbox 658 1001 696 1066; x_wconf 88' lang='lat' dir='ltr'><strong><em>ob</em></strong></span> <span class='ocrx_word' id='word_1_85' title='bbox 718 999 777 1064; x_wconf 84' lang='lat' dir='ltr'><strong><em>bae</em></strong></span> <span class='ocrx_word' id='word_1_86' title='bbox 796 1001 906 1083; x_wconf 78' lang='lat' dir='ltr'><strong><em>rapina</em></strong></span> <span class='ocrx_word' id='word_1_87' title='bbox 928 1001 963 1064; x_wconf 91' lang='lat' dir='ltr'><strong><em>in</em></strong></span> <span class='ocrx_word' id='word_1_88' title='bbox 984 999 1144 1065; x_wconf 73' lang='lat' dir='ltr'><strong><em>secusiam</em></strong></span> <span class='ocrx_word' id='word_1_89' title='bbox 1167 996 1287 1064; x_wconf 71' lang='lat' dir='ltr'><strong><em>atrato</em></strong></span> <span class='ocrx_word' id='word_1_90' title='bbox 1307 997 1522 1080; x_wconf 74' lang='lat' dir='ltr'><strong><em>bmefioiorum</em></strong></span> <span class='ocrx_word' id='word_1_91' title='bbox 1550 1018 1679 1077; x_wconf 87' lang='lat' dir='ltr'><strong><em>mernor,</em></strong></span> <span class='ocrx_word' id='word_1_92' title='bbox 1705 998 2231 1082; x_wconf 63' lang='lat' dir='ltr'><strong><em>immurmurantium</em></strong></span> 
     </span>
     <span class='ocr_line' id='line_1_8' title="bbox 212 1109 2229 1197; baseline -0.001 -17"><span class='ocrx_word' id='word_1_93' title='bbox 212 1114 324 1197; x_wconf 70' lang='lat' dir='ltr'><strong><em>sorum</em></strong></span> <span class='ocrx_word' id='word_1_94' title='bbox 345 1112 410 1179; x_wconf 85' lang='lat' dir='ltr'><strong><em>Dei</em></strong></span> <span class='ocrx_word' id='word_1_95' title='bbox 431 1132 557 1177; x_wconf 83' lang='lat' dir='ltr'><strong><em>servum</em></strong></span> <span class='ocrx_word' id='word_1_96' title='bbox 576 1113 725 1193; x_wconf 85' lang='lat' dir='ltr'><strong><em>oportuit,</em></strong></span> <span class='ocrx_word' id='word_1_97' title='bbox 752 1112 885 1175; x_wconf 86' lang='lat' dir='ltr'><strong><em>nimiam</em></strong></span> <span class='ocrx_word' id='word_1_98' title='bbox 907 1112 998 1177; x_wconf 83' lang='lat' dir='ltr'><strong><em>illino</em></strong></span> <span class='ocrx_word' id='word_1_99' title='bbox 1017 1112 1052 1175; x_wconf 86' lang='lat' dir='ltr'><strong><em>in</em></strong></span> <span class='ocrx_word' id='word_1_100' title='bbox 1073 1109 1275 1176; x_wconf 71' lang='lat' dir='ltr'><strong><em>admittendis</em></strong></span> <span class='ocrx_word' id='word_1_101' title='bbox 1302 1109 1482 1177; x_wconf 76' lang='lat' dir='ltr'><strong><em>iotiuunodi</em></strong></span> <span class='ocrx_word' id='word_1_102' title='bbox 1510 1109 1689 1175; x_wconf 83' lang='lat' dir='ltr'><strong><em>bominibus</em></strong></span> <span class='ocrx_word' id='word_1_103' title='bbox 1717 1110 1963 1193; x_wconf 75' lang='lat' dir='ltr'><strong><em>imprudentiam</em></strong></span> <span class='ocrx_word' id='word_1_104' title='bbox 1991 1109 2229 1193; x_wconf 76' lang='lat' dir='ltr'><strong><em>reprmenaero,</em></strong></span> 
     </span>
     <span class='ocr_line' id='line_1_9' title="bbox 215 1198 2231 1305; baseline -0.001 -15"><span class='ocrx_word' id='word_1_105' title='bbox 215 1231 245 1290; x_wconf 87' lang='lat' dir='ltr'><strong><em>ot</em></strong></span> <span class='ocrx_word' id='word_1_106' title='bbox 266 1224 438 1290; x_wconf 79' lang='lat' dir='ltr'><strong><em>ministerii</em></strong></span> <span class='ocrx_word' id='word_1_107' title='bbox 465 1225 519 1288; x_wconf 80' lang='lat' dir='ltr'><strong><em>oui</em></strong></span> <span class='ocrx_word' id='word_1_108' title='bbox 547 1225 746 1289; x_wconf 68' lang='lat' dir='ltr'><strong><em>autoritatem</em></strong></span> <span class='ocrx_word' id='word_1_109' title='bbox 774 1224 959 1303; x_wconf 73' lang='lat' dir='ltr'><strong><em>usmaro,</em></strong></span> <span class='ocrx_word' id='word_1_110' title='bbox 988 1222 1120 1304; x_wconf 80' lang='lat' dir='ltr'><strong><em>effecerit</em></strong></span> <span class='ocrx_word' id='word_1_111' title='bbox 1145 1198 1275 1304; x_wconf 70' lang='lat' dir='ltr'><strong><em>dunione</em></strong></span> <span class='ocrx_word' id='word_1_112' title='bbox 1296 1226 1331 1286; x_wconf 88' lang='lat' dir='ltr'><strong><em>ut</em></strong></span> <span class='ocrx_word' id='word_1_113' title='bbox 1352 1221 1524 1288; x_wconf 71' lang='lat' dir='ltr'><strong><em>horrendae</em></strong></span> <span class='ocrx_word' id='word_1_114' title='bbox 1547 1220 1780 1287; x_wconf 86' lang='lat' dir='ltr'><strong><em>Libertinorum</em></strong></span> <span class='ocrx_word' id='word_1_115' title='bbox 1803 1226 1902 1287; x_wconf 77' lang='lat' dir='ltr'><strong><em>aeetae</em></strong></span> <span class='ocrx_word' id='word_1_116' title='bbox 1929 1221 2086 1305; x_wconf 77' lang='grc'><strong>1155511155,</strong></span> <span class='ocrx_word' id='word_1_117' title='bbox 2116 1223 2172 1305; x_wconf 78' lang='lat' dir='ltr'><strong><em>qni</em></strong></span> <span class='ocrx_word' id='word_1_118' title='bbox 2193 1223 2231 1288; x_wconf 87' lang='lat' dir='ltr'><strong><em>in</em></strong></span> 
     </span>
     <span class='ocr_line' id='line_1_10' title="bbox 218 1318 2230 1418; baseline -0.002 -13"><span class='ocrx_word' id='word_1_119' title='bbox 218 1336 360 1405; x_wconf 77' lang='lat' dir='ltr'><strong><em>Galliam</em></strong></span> <span class='ocrx_word' id='word_1_120' title='bbox 388 1355 578 1418; x_wconf 67' lang='lat' dir='ltr'><strong><em>anomaeos</em></strong></span> <span class='ocrx_word' id='word_1_121' title='bbox 605 1335 761 1418; x_wconf 73' lang='lat' dir='ltr'><strong><em>effundere</em></strong></span> <span class='ocrx_word' id='word_1_122' title='bbox 778 1318 965 1417; x_wconf 73' lang='lat' dir='ltr'><strong><em>uesperam,</em></strong></span> <span class='ocrx_word' id='word_1_123' title='bbox 989 1339 1101 1414; x_wconf 80' lang='lat' dir='ltr'><strong><em>postea</em></strong></span> <span class='ocrx_word' id='word_1_124' title='bbox 1126 1330 1192 1399; x_wconf 80' lang='lat' dir='ltr'><strong><em>sese</em></strong></span> <span class='ocrx_word' id='word_1_125' title='bbox 1218 1335 1305 1398; x_wconf 87' lang='lat' dir='ltr'><strong><em>intra</em></strong></span> <span class='ocrx_word' id='word_1_126' title='bbox 1332 1333 1527 1399; x_wconf 88' lang='lat' dir='ltr'><strong><em>Hellandioe</em></strong></span> <span class='ocrx_word' id='word_1_127' title='bbox 1558 1337 1586 1400; x_wconf 87' lang='lat' dir='ltr'><strong><em>et</em></strong></span> <span class='ocrx_word' id='word_1_128' title='bbox 1611 1334 1836 1415; x_wconf 79' lang='lat' dir='ltr'><strong><em>proximarum</em></strong></span> <span class='ocrx_word' id='word_1_129' title='bbox 1866 1334 2030 1418; x_wconf 73' lang='lat' dir='ltr'><strong><em>repmnum</em></strong></span> <span class='ocrx_word' id='word_1_130' title='bbox 2053 1335 2134 1416; x_wconf 70' lang='lat' dir='ltr'><strong><em>fines</em></strong></span> <span class='ocrx_word' id='word_1_131' title='bbox 2160 1353 2230 1401; x_wconf 87' lang='lat' dir='ltr'><strong><em>aon·</em></strong></span> 
     </span>
     <span class='ocr_line' id='line_1_11' title="bbox 138 1444 1581 1530; baseline -0.004 -15"><span class='ocrx_word' id='word_1_132' title='bbox 138 1466 143 1475; x_wconf 90' lang='lat'>·</span> <span class='ocrx_word' id='word_1_133' title='bbox 214 1449 374 1514; x_wconf 78' lang='lat' dir='ltr'><strong><em>timuerint.</em></strong></span> <span class='ocrx_word' id='word_1_134' title='bbox 418 1447 545 1513; x_wconf 83' lang='lat' dir='ltr'><strong><em>Eadem</em></strong></span> <span class='ocrx_word' id='word_1_135' title='bbox 568 1448 713 1513; x_wconf 86' lang='lat' dir='ltr'><strong><em>sneeinte</em></strong></span> <span class='ocrx_word' id='word_1_136' title='bbox 736 1447 838 1512; x_wconf 85' lang='lat' dir='ltr'><strong><em>reiort</em></strong></span> <span class='ocrx_word' id='word_1_137' title='bbox 859 1446 1009 1513; x_wconf 74' lang='lat' dir='ltr'><strong><em>Historia</em></strong></span> <span class='ocrx_word' id='word_1_138' title='bbox 1028 1444 1247 1511; x_wconf 82' lang='lat' dir='ltr'><strong><em>ecelesiastioa</em></strong></span> <span class='ocrx_word' id='word_1_139' title='bbox 1269 1444 1359 1510; x_wconf 78' lang='lat' dir='ltr'><strong><em>Tam.</em></strong></span> <span class='ocrx_word' id='word_1_140' title='bbox 1383 1445 1410 1510; x_wconf 94' lang='lat' dir='ltr'><strong><em>I.</em></strong></span> <span class='ocrx_word' id='word_1_141' title='bbox 1433 1467 1507 1530; x_wconf 91' lang='lat' dir='ltr'><strong><em>pag.</em></strong></span> <span class='ocrx_word' id='word_1_142' title='bbox 1530 1449 1581 1510; x_wconf 82' lang='grc'><strong><em>49.</em></strong></span> 
     </span>
    </p>

    <p class='ocr_par' dir='ltr' id='par_1_3' title="bbox 213 1555 2231 2073">
     <span class='ocr_line' id='line_1_12' title="bbox 370 1555 2230 1643; baseline 0.001 -19"><span class='ocrx_word' id='word_1_143' title='bbox 370 1559 411 1624; x_wconf 88' lang='grc' dir='ltr'><strong><em>Ι11</em></strong></span> <span class='ocrx_word' id='word_1_144' title='bbox 433 1559 588 1624; x_wconf 89' lang='lat' dir='ltr'><strong><em>thesauro</em></strong></span> <span class='ocrx_word' id='word_1_145' title='bbox 610 1559 777 1643; x_wconf 76' lang='lat' dir='ltr'><strong><em>epistolica</em></strong></span> <span class='ocrx_word' id='word_1_146' title='bbox 798 1558 984 1625; x_wconf 84' lang='lat' dir='ltr'><strong><em>aalviniano</em></strong></span> <span class='ocrx_word' id='word_1_147' title='bbox 1005 1556 1172 1623; x_wconf 83' lang='lat' dir='ltr'><strong><em>rarissime</em></strong></span> <span class='ocrx_word' id='word_1_148' title='bbox 1193 1558 1314 1623; x_wconf 88' lang='lat' dir='ltr'><strong><em>harum</em></strong></span> <span class='ocrx_word' id='word_1_149' title='bbox 1333 1578 1447 1624; x_wconf 86' lang='lat' dir='ltr'><strong><em>rerum</em></strong></span> <span class='ocrx_word' id='word_1_150' title='bbox 1467 1563 1503 1623; x_wconf 90' lang='grc'><strong><em>51</em></strong></span> <span class='ocrx_word' id='word_1_151' title='bbox 1521 1555 1708 1621; x_wconf 84' lang='lat' dir='ltr'><strong><em>libellorum</em></strong></span> <span class='ocrx_word' id='word_1_152' title='bbox 1730 1555 1907 1640; x_wconf 89' lang='lat' dir='ltr'><strong><em>dequibus</em></strong></span> <span class='ocrx_word' id='word_1_153' title='bbox 1928 1557 1983 1622; x_wconf 88' lang='lat' dir='ltr'><strong><em>hio</em></strong></span> <span class='ocrx_word' id='word_1_154' title='bbox 2004 1559 2114 1643; x_wconf 76' lang='lat' dir='ltr'><strong><em>agitio</em></strong></span> <span class='ocrx_word' id='word_1_155' title='bbox 2135 1581 2230 1626; x_wconf 88' lang='lat' dir='ltr'><strong><em>mon·</em></strong></span> 
     </span>
     <span class='ocr_line' id='line_1_13' title="bbox 213 1667 2231 1754; baseline 0 -17"><span class='ocrx_word' id='word_1_156' title='bbox 213 1671 340 1737; x_wconf 87' lang='lat' dir='ltr'><strong><em>tionem</em></strong></span> <span class='ocrx_word' id='word_1_157' title='bbox 367 1671 524 1737; x_wconf 79' lang='lat' dir='ltr'><strong><em>iniectam</em></strong></span> <span class='ocrx_word' id='word_1_158' title='bbox 550 1671 754 1750; x_wconf 79' lang='lat' dir='ltr'><strong><em>invenimus,</em></strong></span> <span class='ocrx_word' id='word_1_159' title='bbox 783 1692 843 1737; x_wconf 87' lang='lat' dir='ltr'><strong><em>neo</em></strong></span> <span class='ocrx_word' id='word_1_160' title='bbox 871 1669 1049 1754; x_wconf 80' lang='lat' dir='ltr'><strong><em>quidquam</em></strong></span> <span class='ocrx_word' id='word_1_161' title='bbox 1074 1669 1193 1752; x_wconf 75' lang='lat' dir='ltr'><strong><em>legisse</em></strong></span> <span class='ocrx_word' id='word_1_162' title='bbox 1220 1670 1517 1751; x_wconf 89' lang='lat' dir='ltr'><strong><em>meminimusque</em></strong></span> <span class='ocrx_word' id='word_1_163' title='bbox 1547 1667 1657 1734; x_wconf 90' lang='lat' dir='ltr'><strong><em>addito</em></strong></span> <span class='ocrx_word' id='word_1_164' title='bbox 1679 1669 1862 1734; x_wconf 80' lang='lat' dir='ltr'><strong><em>narrationi</em></strong></span> <span class='ocrx_word' id='word_1_165' title='bbox 1888 1676 2020 1735; x_wconf 86' lang='lat' dir='ltr'><strong><em>nostrae</em></strong></span> <span class='ocrx_word' id='word_1_166' title='bbox 2048 1670 2115 1735; x_wconf 87' lang='lat' dir='ltr'><strong><em>iam</em></strong></span> <span class='ocrx_word' id='word_1_167' title='bbox 2148 1672 2231 1739; x_wconf 87' lang='lat' dir='ltr'><strong><em>satis</em></strong></span> 
     </span>
     <span class='ocr_line' id='line_1_14' title="bbox 213 1778 2230 1872; baseline -0 -23"><span class='ocrx_word' id='word_1_168' title='bbox 213 1784 362 1872; x_wconf 81' lang='lat' dir='ltr'><strong><em>prolixae</em></strong></span> <span class='ocrx_word' id='word_1_169' title='bbox 389 1784 547 1848; x_wconf 88' lang='lat' dir='ltr'><strong><em>maiorem</em></strong></span> <span class='ocrx_word' id='word_1_170' title='bbox 575 1783 682 1848; x_wconf 86' lang='lat' dir='ltr'><strong><em>lucem</em></strong></span> <span class='ocrx_word' id='word_1_171' title='bbox 709 1783 827 1849; x_wconf 84' lang='lat' dir='ltr'><strong><em>afferre</em></strong></span> <span class='ocrx_word' id='word_1_172' title='bbox 853 1803 1033 1865; x_wconf 86' lang='lat' dir='ltr'><strong><em>possemus.</em></strong></span> <span class='ocrx_word' id='word_1_173' title='bbox 1079 1780 1119 1845; x_wconf 84' lang='lat' dir='ltr'><strong><em>Id</em></strong></span> <span class='ocrx_word' id='word_1_174' title='bbox 1145 1787 1274 1845; x_wconf 88' lang='lat' dir='ltr'><strong><em>tantum</em></strong></span> <span class='ocrx_word' id='word_1_175' title='bbox 1301 1802 1343 1846; x_wconf 81' lang='lat' dir='ltr'><strong><em>ex</em></strong></span> <span class='ocrx_word' id='word_1_176' title='bbox 1372 1781 1540 1846; x_wconf 84' lang='lat' dir='ltr'><strong><em>variorum</em></strong></span> <span class='ocrx_word' id='word_1_177' title='bbox 1567 1780 1672 1845; x_wconf 86' lang='lat' dir='ltr'><strong><em>literis</em></strong></span> <span class='ocrx_word' id='word_1_178' title='bbox 1700 1778 1743 1845; x_wconf 87' lang='lat' dir='ltr'><strong><em>ad</em></strong></span> <span class='ocrx_word' id='word_1_179' title='bbox 1770 1780 1948 1847; x_wconf 76' lang='lat' dir='ltr'><strong><em>Calvinum</em></strong></span> <span class='ocrx_word' id='word_1_180' title='bbox 1976 1781 2062 1847; x_wconf 86' lang='lat' dir='ltr'><strong><em>datis</em></strong></span> <span class='ocrx_word' id='word_1_181' title='bbox 2082 1790 2230 1866; x_wconf 75' lang='lat' dir='ltr'><strong><em>apparet,</em></strong></span> 
     </span>
     <span class='ocr_line' id='line_1_15' title="bbox 214 1891 2231 1980; baseline 0 -19"><span class='ocrx_word' id='word_1_182' title='bbox 214 1895 325 1980; x_wconf 88' lang='lat' dir='ltr'><strong><em>ipsum</em></strong></span> <span class='ocrx_word' id='word_1_183' title='bbox 348 1895 388 1960; x_wconf 91' lang='lat' dir='ltr'><strong><em>ab</em></strong></span> <span class='ocrx_word' id='word_1_184' title='bbox 409 1894 531 1974; x_wconf 87' lang='lat' dir='ltr'><strong><em>amieis,</em></strong></span> <span class='ocrx_word' id='word_1_185' title='bbox 556 1894 696 1972; x_wconf 75' lang='lat' dir='ltr'><strong><em>Farella</em></strong></span> <span class='ocrx_word' id='word_1_186' title='bbox 720 1894 855 1972; x_wconf 84' lang='lat' dir='ltr'><strong><em>Polano,</em></strong></span> <span class='ocrx_word' id='word_1_187' title='bbox 879 1893 960 1972; x_wconf 88' lang='lat' dir='ltr'><strong><em>aliis,</em></strong></span> <span class='ocrx_word' id='word_1_188' title='bbox 984 1893 1128 1958; x_wconf 79' lang='lat' dir='ltr'><strong><em>maximo</em></strong></span> <span class='ocrx_word' id='word_1_189' title='bbox 1149 1914 1207 1975; x_wconf 88' lang='lat' dir='ltr'><strong><em>per</em></strong></span> <span class='ocrx_word' id='word_1_190' title='bbox 1229 1912 1353 1957; x_wconf 88' lang='lat' dir='ltr'><strong><em>annum</em></strong></span> <span class='ocrx_word' id='word_1_191' title='bbox 1380 1896 1460 1956; x_wconf 81' lang='grc'><strong>1544</strong></span> <span class='ocrx_word' id='word_1_192' title='bbox 1489 1891 1587 1958; x_wconf 85' lang='lat' dir='ltr'><strong><em>enixe</em></strong></span> <span class='ocrx_word' id='word_1_193' title='bbox 1613 1891 1837 1977; x_wconf 87' lang='lat' dir='ltr'><strong><em>flagitantibus</em></strong></span> <span class='ocrx_word' id='word_1_194' title='bbox 1859 1892 2039 1961; x_wconf 79' lang='lat' dir='ltr'><strong><em>adductum</em></strong></span> <span class='ocrx_word' id='word_1_195' title='bbox 2059 1894 2231 1961; x_wconf 77' lang='lat' dir='ltr'><strong><em>scribendo</em></strong></span> 
     </span>
     <span class='ocr_line' id='line_1_16' title="bbox 214 2005 568 2073; baseline -0.006 -1"><span class='ocrx_word' id='word_1_196' title='bbox 214 2027 353 2072; x_wconf 91' lang='lat' dir='ltr'><strong><em>manum</em></strong></span> <span class='ocrx_word' id='word_1_197' title='bbox 376 2005 568 2073; x_wconf 85' lang='lat' dir='ltr'><strong><em>admovisse.</em></strong></span> 
     </span>
    </p>
   </div>
   <div class='ocr_carea' id='block_1_3' title="bbox 214 2190 2231 2515">
    <p class='ocr_par' dir='ltr' id='par_1_4' title="bbox 214 2190 2231 2515">
     <span class='ocr_line' id='line_1_17' title="bbox 369 2190 2228 2275; baseline 0.002 -16"><span class='ocrx_word' id='word_1_198' title='bbox 369 2193 493 2260; x_wconf 88' lang='lat' dir='ltr'><strong><em>Libelli</em></strong></span> <span class='ocrx_word' id='word_1_199' title='bbox 519 2193 697 2260; x_wconf 84' lang='lat' dir='ltr'><strong><em>oalviniani</em></strong></span> <span class='ocrx_word' id='word_1_200' title='bbox 723 2192 880 2258; x_wconf 88' lang='lat' dir='ltr'><strong><em>adversus</em></strong></span> <span class='ocrx_word' id='word_1_201' title='bbox 909 2193 1145 2275; x_wconf 83' lang='lat' dir='ltr'><strong><em>Anabaptistas</em></strong></span> <span class='ocrx_word' id='word_1_202' title='bbox 1173 2199 1207 2256; x_wconf 89' lang='lat' dir='ltr'><strong><em>et</em></strong></span> <span class='ocrx_word' id='word_1_203' title='bbox 1233 2190 1425 2258; x_wconf 82' lang='lat' dir='ltr'><strong><em>Libertinos</em></strong></span> <span class='ocrx_word' id='word_1_204' title='bbox 1446 2193 1624 2274; x_wconf 87' lang='lat' dir='ltr'><strong><em>separatim</em></strong></span> <span class='ocrx_word' id='word_1_205' title='bbox 1646 2192 1726 2257; x_wconf 87' lang='lat' dir='ltr'><strong><em>editi</em></strong></span> <span class='ocrx_word' id='word_1_206' title='bbox 1747 2192 1939 2273; x_wconf 80' lang='lat' dir='ltr'><strong><em>rarioribus,</em></strong></span> <span class='ocrx_word' id='word_1_207' title='bbox 1963 2195 2031 2259; x_wconf 89' lang='lat' dir='ltr'><strong><em>imo</em></strong></span> <span class='ocrx_word' id='word_1_208' title='bbox 2053 2195 2228 2262; x_wconf 81' lang='lat' dir='ltr'><strong><em>rarissimis</em></strong></span> 
     </span>
     <span class='ocr_line' id='line_1_18' title="bbox 215 2302 2231 2389; baseline 0 -18"><span class='ocrx_word' id='word_1_209' title='bbox 215 2303 453 2372; x_wconf 87' lang='lat' dir='ltr'><strong><em>adnumerandi</em></strong></span> <span class='ocrx_word' id='word_1_210' title='bbox 476 2312 564 2370; x_wconf 89' lang='lat' dir='ltr'><strong><em>sunt.</em></strong></span> <span class='ocrx_word' id='word_1_211' title='bbox 608 2305 650 2370; x_wconf 89' lang='lat' dir='ltr'><strong><em>Iu</em></strong></span> <span class='ocrx_word' id='word_1_212' title='bbox 672 2311 786 2372; x_wconf 89' lang='lat' dir='ltr'><strong><em>nostra</em></strong></span> <span class='ocrx_word' id='word_1_213' title='bbox 807 2305 997 2372; x_wconf 89' lang='lat' dir='ltr'><strong><em>oolleotiono</em></strong></span> <span class='ocrx_word' id='word_1_214' title='bbox 1019 2303 1132 2368; x_wconf 88' lang='lat' dir='ltr'><strong><em>nullus</em></strong></span> <span class='ocrx_word' id='word_1_215' title='bbox 1154 2322 1269 2367; x_wconf 86' lang='lat' dir='ltr'><strong><em>eorum</em></strong></span> <span class='ocrx_word' id='word_1_216' title='bbox 1286 2309 1404 2369; x_wconf 87' lang='lat' dir='ltr'><strong><em>exstat.</em></strong></span> <span class='ocrx_word' id='word_1_217' title='bbox 1449 2302 1546 2369; x_wconf 88' lang='lat' dir='ltr'><strong><em>Naoti</em></strong></span> <span class='ocrx_word' id='word_1_218' title='bbox 1564 2311 1675 2368; x_wconf 88' lang='lat' dir='ltr'><strong><em>tamen</em></strong></span> <span class='ocrx_word' id='word_1_219' title='bbox 1693 2325 1808 2369; x_wconf 89' lang='lat' dir='ltr'><strong><em>sumus</em></strong></span> <span class='ocrx_word' id='word_1_220' title='bbox 1825 2304 2032 2389; x_wconf 86' lang='lat' dir='ltr'><strong><em>singularum</em></strong></span> <span class='ocrx_word' id='word_1_221' title='bbox 2049 2306 2231 2373; x_wconf 87' lang='lat' dir='ltr'><strong><em>editionum</em></strong></span> 
     </span>
     <span class='ocr_line' id='line_1_19' title="bbox 214 2414 2231 2515; baseline 0 -31"><span class='ocrx_word' id='word_1_222' title='bbox 214 2417 346 2502; x_wconf 86' lang='lat' dir='ltr'><strong><em>singula</em></strong></span> <span class='ocrx_word' id='word_1_223' title='bbox 367 2417 421 2484; x_wconf 80' lang='lat' dir='ltr'><strong><em>vel</em></strong></span> <span class='ocrx_word' id='word_1_224' title='bbox 444 2417 541 2501; x_wconf 88' lang='lat' dir='ltr'><strong><em>plura</em></strong></span> <span class='ocrx_word' id='word_1_225' title='bbox 562 2416 765 2500; x_wconf 84' lang='lat' dir='ltr'><strong><em>exemplaria</em></strong></span> <span class='ocrx_word' id='word_1_226' title='bbox 786 2438 827 2481; x_wconf 88' lang='lat' dir='ltr'><strong><em>ox</em></strong></span> <span class='ocrx_word' id='word_1_227' title='bbox 848 2417 951 2482; x_wconf 87' lang='lat' dir='ltr'><strong><em>variis</em></strong></span> <span class='ocrx_word' id='word_1_228' title='bbox 972 2415 1180 2481; x_wconf 78' lang='lat' dir='ltr'><strong><em>bibliothecis</em></strong></span> <span class='ocrx_word' id='word_1_229' title='bbox 1201 2415 1343 2497; x_wconf 89' lang='lat' dir='ltr'><strong><em>repetita</em></strong></span> <span class='ocrx_word' id='word_1_230' title='bbox 1363 2422 1397 2480; x_wconf 90' lang='grc'><strong><em>51</em></strong></span> <span class='ocrx_word' id='word_1_231' title='bbox 1418 2414 1655 2479; x_wconf 86' lang='lat' dir='ltr'><strong><em>humanissime</em></strong></span> <span class='ocrx_word' id='word_1_232' title='bbox 1677 2415 1771 2481; x_wconf 89' lang='lat' dir='ltr'><strong><em>nobis</em></strong></span> <span class='ocrx_word' id='word_1_233' title='bbox 1793 2436 1961 2497; x_wconf 80' lang='grc'><strong>55555555,</strong></span> <span class='ocrx_word' id='word_1_234' title='bbox 1984 2418 2033 2483; x_wconf 83' lang='grc'><strong><em>115</em></strong></span> <span class='ocrx_word' id='word_1_235' title='bbox 2054 2425 2094 2483; x_wconf 91' lang='lat' dir='ltr'><strong><em>ut</em></strong></span> <span class='ocrx_word' id='word_1_236' title='bbox 2115 2439 2231 2515; x_wconf 86' lang='lat' dir='ltr'><strong><em>eorum</em></strong></span> 
     </span>
    </p>
   </div>
   <div class='ocr_carea' id='block_1_4' title="bbox 70 2525 2233 2614">
    <p class='ocr_par' dir='ltr' id='par_1_5' title="bbox 70 2525 2233 2614">
     <span class='ocr_line' id='line_1_20' title="bbox 70 2525 2233 2614; baseline 0.001 -20"><span class='ocrx_word' id='word_1_237' title='bbox 70 2551 77 2561; x_wconf 91' lang='lat'><strong>·</strong></span> <span class='ocrx_word' id='word_1_238' title='bbox 214 2528 329 2595; x_wconf 88' lang='lat' dir='ltr'><strong><em>titulos</em></strong></span> <span class='ocrx_word' id='word_1_239' title='bbox 351 2536 490 2613; x_wconf 83' lang='lat' dir='ltr'><strong><em>atquae</em></strong></span> <span class='ocrx_word' id='word_1_240' title='bbox 512 2535 682 2612; x_wconf 88' lang='lat' dir='ltr'><strong><em>praeterea</em></strong></span> <span class='ocrx_word' id='word_1_241' title='bbox 703 2535 820 2594; x_wconf 87' lang='lat' dir='ltr'><strong><em>notatu</em></strong></span> <span class='ocrx_word' id='word_1_242' title='bbox 842 2527 942 2613; x_wconf 86' lang='lat' dir='ltr'><strong><em>digna</em></strong></span> <span class='ocrx_word' id='word_1_243' title='bbox 963 2527 1119 2593; x_wconf 85' lang='lat' dir='ltr'><strong><em>videntur</em></strong></span> <span class='ocrx_word' id='word_1_244' title='bbox 1147 2534 1298 2593; x_wconf 85' lang='lat' dir='ltr'><strong><em>aoaurate</em></strong></span> <span class='ocrx_word' id='word_1_245' title='bbox 1325 2525 1385 2592; x_wconf 91' lang='lat' dir='ltr'><strong><em>tibi</em></strong></span> <span class='ocrx_word' id='word_1_246' title='bbox 1411 2525 1594 2592; x_wconf 80' lang='lat' dir='ltr'><strong><em>deser-ibere</em></strong></span> <span class='ocrx_word' id='word_1_247' title='bbox 1614 2527 1787 2610; x_wconf 87' lang='lat' dir='ltr'><strong><em>possimus.</em></strong></span> <span class='ocrx_word' id='word_1_248' title='bbox 1831 2528 1938 2596; x_wconf 88' lang='lat' dir='ltr'><strong><em>Binae</em></strong></span> <span class='ocrx_word' id='word_1_249' title='bbox 1960 2537 2039 2595; x_wconf 89' lang='lat' dir='ltr'><strong><em>sunt</em></strong></span> <span class='ocrx_word' id='word_1_250' title='bbox 2060 2530 2233 2614; x_wconf 87' lang='lat' dir='ltr'><strong><em>utriusque</em></strong></span> 
     </span>
    </p>
   </div>
   <div class='ocr_carea' id='block_1_5' title="bbox 213 2635 2234 2862">
    <p class='ocr_par' dir='ltr' id='par_1_6' title="bbox 213 2635 2234 2862">
     <span class='ocr_line' id='line_1_21' title="bbox 213 2635 1691 2721; baseline -0.003 -14"><span class='ocrx_word' id='word_1_251' title='bbox 213 2647 375 2708; x_wconf 78' lang='grc'><strong>1555151115</strong></span> <span class='ocrx_word' id='word_1_252' title='bbox 397 2640 557 2706; x_wconf 80' lang='lat' dir='ltr'><strong><em>editiones</em></strong></span> <span class='ocrx_word' id='word_1_253' title='bbox 579 2641 797 2720; x_wconf 83' lang='lat' dir='ltr'><strong><em>authentioao,</em></strong></span> <span class='ocrx_word' id='word_1_254' title='bbox 822 2662 935 2708; x_wconf 89' lang='lat' dir='ltr'><strong><em>omnes</em></strong></span> <span class='ocrx_word' id='word_1_255' title='bbox 957 2639 1171 2706; x_wconf 85' lang='lat' dir='ltr'><strong><em>Genevenses</em></strong></span> <span class='ocrx_word' id='word_1_256' title='bbox 1192 2636 1234 2704; x_wconf 89' lang='lat' dir='ltr'><strong><em>ab</em></strong></span> <span class='ocrx_word' id='word_1_257' title='bbox 1251 2638 1298 2703; x_wconf 90' lang='lat' dir='ltr'><strong><em>Io.</em></strong></span> <span class='ocrx_word' id='word_1_258' title='bbox 1322 2635 1465 2703; x_wconf 76' lang='lat' dir='ltr'><strong><em>airardo</em></strong></span> <span class='ocrx_word' id='word_1_259' title='bbox 1487 2645 1691 2721; x_wconf 88' lang='lat' dir='ltr'><strong><em>proeuratae.</em></strong></span> 
     </span>
     <span class='ocr_line' id='line_1_22' title="bbox 370 2755 2234 2862; baseline -0.001 -22"><span class='ocrx_word' id='word_1_260' title='bbox 370 2756 604 2842; x_wconf 76' lang='lat' dir='ltr'>BROEVE</span> <span class='ocrx_word' id='word_1_261' title='bbox 632 2755 638 2862; x_wconf 88' lang='grc'>1</span> <span class='ocrx_word' id='word_1_262' title='bbox 665 2767 992 2848; x_wconf 79' lang='lat' dir='ltr'><strong><em>msunvemon,</em></strong></span> <span class='ocrx_word' id='word_1_263' title='bbox 1012 2767 1018 2852; x_wconf 83' lang='grc' dir='ltr'>ι</span> <span class='ocrx_word' id='word_1_264' title='bbox 1036 2765 1166 2834; x_wconf 81' lang='lat' dir='ltr'><strong>POVR</strong></span> <span class='ocrx_word' id='word_1_265' title='bbox 1187 2763 1496 2833; x_wconf 74' lang='grc'><strong>1511551515</strong></span> <span class='ocrx_word' id='word_1_266' title='bbox 1518 2767 1522 2854; x_wconf 74' lang='grc' dir='ltr'>Ι</span> <span class='ocrx_word' id='word_1_267' title='bbox 1542 2767 1624 2834; x_wconf 71' lang='lat' dir='ltr'><strong><em>sons</em></strong></span> <span class='ocrx_word' id='word_1_268' title='bbox 1646 2767 1895 2835; x_wconf 69' lang='grc'><strong>5111555155</strong></span> <span class='ocrx_word' id='word_1_269' title='bbox 1917 2769 1966 2834; x_wconf 75' lang='lat' dir='ltr'><strong><em>sss</em></strong></span> <span class='ocrx_word' id='word_1_270' title='bbox 1983 2790 2114 2838; x_wconf 63' lang='lat' dir='ltr'><strong><em>aarum</em></strong></span> <span class='ocrx_word' id='word_1_271' title='bbox 2136 2772 2234 2839; x_wconf 67' lang='grc'><strong>5511</strong></span> 
     </span>
    </p>
   </div>
   <div class='ocr_carea' id='block_1_6' title="bbox 214 2877 2234 3635">
    <p class='ocr_par' dir='ltr' id='par_1_7' title="bbox 215 2877 2230 3095">
     <span class='ocr_line' id='line_1_23' title="bbox 215 2877 2230 2988; baseline 0 -22"><span class='ocrx_word' id='word_1_272' title='bbox 215 2919 267 2966; x_wconf 81' lang='lat' dir='ltr'><strong><em>se-</em></strong></span> <span class='ocrx_word' id='word_1_273' title='bbox 297 2896 302 2985; x_wconf 86' lang='grc' dir='ltr'>Ι</span> <span class='ocrx_word' id='word_1_274' title='bbox 332 2906 383 2965; x_wconf 79' lang='lat' dir='ltr'><strong><em>ete</em></strong></span> <span class='ocrx_word' id='word_1_275' title='bbox 408 2917 582 2965; x_wconf 79' lang='lat' dir='ltr'><strong><em>eommune</em></strong></span> <span class='ocrx_word' id='word_1_276' title='bbox 610 2897 668 2966; x_wconf 82' lang='lat' dir='ltr'><strong><em>des</em></strong></span> <span class='ocrx_word' id='word_1_277' title='bbox 689 2898 934 2982; x_wconf 75' lang='lat' dir='ltr'><strong><em>Anubaptistes.</em></strong></span> <span class='ocrx_word' id='word_1_278' title='bbox 963 2884 970 2987; x_wconf 91' lang='grc' dir='ltr'>Ι</span> <span class='ocrx_word' id='word_1_279' title='bbox 997 2879 1081 2975; x_wconf 80' lang='lat' dir='ltr'><strong><em>Par</em></strong></span> <span class='ocrx_word' id='word_1_280' title='bbox 1112 2878 1161 2978; x_wconf 83' lang='lat' dir='ltr'><strong><em>M,</em></strong></span> <span class='ocrx_word' id='word_1_281' title='bbox 1192 2879 1315 2975; x_wconf 73' lang='lat' dir='ltr'><strong><em>leben</em></strong></span> <span class='ocrx_word' id='word_1_282' title='bbox 1347 2877 1494 2976; x_wconf 68' lang='lat' dir='ltr'><strong><em>Colida</em></strong></span> <span class='ocrx_word' id='word_1_283' title='bbox 1522 2883 1529 2988; x_wconf 88' lang='grc' dir='ltr'>Ι</span> <span class='ocrx_word' id='word_1_284' title='bbox 1557 2905 1710 2973; x_wconf 73' lang='lat' dir='ltr'><strong><em>(amorem</em></strong></span> <span class='ocrx_word' id='word_1_285' title='bbox 1727 2906 1761 2961; x_wconf 76' lang='lat' dir='ltr'><strong><em>a</em></strong></span> <span class='ocrx_word' id='word_1_286' title='bbox 1775 2905 1968 2976; x_wconf 62' lang='lat' dir='ltr'><strong><em>oenomai)</em></strong></span> <span class='ocrx_word' id='word_1_287' title='bbox 1986 2898 1992 2986; x_wconf 78' lang='grc' dir='ltr'>Ι</span> <span class='ocrx_word' id='word_1_288' title='bbox 2009 2909 2035 2964; x_wconf 83' lang='lat' dir='ltr'><strong><em>n</em></strong></span> <span class='ocrx_word' id='word_1_289' title='bbox 2053 2902 2230 2987; x_wconf 70' lang='lat' dir='ltr'><strong><em>emovet</em></strong></span> 
     </span>
     <span class='ocr_line' id='line_1_24' title="bbox 215 3008 729 3095; baseline -0.008 -17"><span class='ocrx_word' id='word_1_290' title='bbox 215 3019 291 3078; x_wconf 80' lang='lat' dir='ltr'><strong><em>rsa</em></strong></span> <span class='ocrx_word' id='word_1_291' title='bbox 310 3019 427 3076; x_wconf 75' lang='lat' dir='ltr'><strong><em>mnan</em></strong></span> <span class='ocrx_word' id='word_1_292' title='bbox 450 3019 589 3076; x_wconf 82' lang='lat' dir='ltr'><strong><em>ammo</em></strong></span> <span class='ocrx_word' id='word_1_293' title='bbox 609 3008 615 3095; x_wconf 79' lang='grc' dir='ltr'>Ι</span> <span class='ocrx_word' id='word_1_294' title='bbox 637 3013 729 3074; x_wconf 77' lang='grc'><strong>1544.</strong></span> 
     </span>
    </p>

    <p class='ocr_par' dir='ltr' id='par_1_8' title="bbox 214 3119 2234 3635">
     <span class='ocr_line' id='line_1_25' title="bbox 370 3119 2229 3209; baseline 0.003 -22"><span class='ocrx_word' id='word_1_295' title='bbox 370 3122 494 3188; x_wconf 82' lang='lat' dir='ltr'><strong><em>Forma</em></strong></span> <span class='ocrx_word' id='word_1_296' title='bbox 515 3120 682 3190; x_wconf 85' lang='lat' dir='ltr'><strong><em>oetonaria</em></strong></span> <span class='ocrx_word' id='word_1_297' title='bbox 702 3122 818 3187; x_wconf 90' lang='lat' dir='ltr'><strong><em>minor.</em></strong></span> <span class='ocrx_word' id='word_1_298' title='bbox 862 3120 1038 3187; x_wconf 85' lang='lat' dir='ltr'><strong><em>Emblema</em></strong></span> <span class='ocrx_word' id='word_1_299' title='bbox 1058 3119 1160 3205; x_wconf 80' lang='lat' dir='ltr'><strong><em>gladii</em></strong></span> <span class='ocrx_word' id='word_1_300' title='bbox 1180 3120 1334 3199; x_wconf 86' lang='lat' dir='ltr'><strong><em>flammei,</em></strong></span> <span class='ocrx_word' id='word_1_301' title='bbox 1357 3142 1434 3187; x_wconf 90' lang='lat' dir='ltr'><strong><em>oum</em></strong></span> <span class='ocrx_word' id='word_1_302' title='bbox 1454 3121 1625 3188; x_wconf 87' lang='lat' dir='ltr'><strong><em>notissimo</em></strong></span> <span class='ocrx_word' id='word_1_303' title='bbox 1646 3141 1706 3187; x_wconf 88' lang='lat' dir='ltr'><strong><em>suo</em></strong></span> <span class='ocrx_word' id='word_1_304' title='bbox 1727 3121 1861 3206; x_wconf 82' lang='lat' dir='ltr'><strong><em>adagio:</em></strong></span> <span class='ocrx_word' id='word_1_305' title='bbox 1883 3126 2229 3209; x_wconf 67' lang='lat' dir='ltr'><strong><em>sauvamentum!</em></strong></span> 
     </span>
     <span class='ocr_line' id='line_1_26' title="bbox 214 3230 2233 3321; baseline 0.002 -21"><span class='ocrx_word' id='word_1_306' title='bbox 214 3243 384 3301; x_wconf 73' lang='lat' dir='ltr'><strong><em>maan</em></strong></span> <span class='ocrx_word' id='word_1_307' title='bbox 402 3243 444 3298; x_wconf 83' lang='lat' dir='ltr'><strong><em>IN</em></strong></span> <span class='ocrx_word' id='word_1_308' title='bbox 466 3243 554 3299; x_wconf 81' lang='lat' dir='ltr'><strong><em>Taa-</em></strong></span> <span class='ocrx_word' id='word_1_309' title='bbox 585 3233 590 3319; x_wconf 88' lang='grc' dir='ltr'>Ι</span> <span class='ocrx_word' id='word_1_310' title='bbox 619 3242 713 3312; x_wconf 75' lang='grc' dir='ltr'><strong>ΒΑΜ,</strong></span> <span class='ocrx_word' id='word_1_311' title='bbox 746 3243 815 3298; x_wconf 84' lang='lat' dir='ltr'><strong><em>SED</em></strong></span> <span class='ocrx_word' id='word_1_312' title='bbox 843 3241 1022 3299; x_wconf 77' lang='lat' dir='ltr'><strong><em>aanowm</em></strong></span> <span class='ocrx_word' id='word_1_313' title='bbox 1083 3230 1328 3313; x_wconf 77' lang='lat' dir='ltr'><strong><em>Quaterniones</em></strong></span> <span class='ocrx_word' id='word_1_314' title='bbox 1359 3232 1533 3300; x_wconf 89' lang='lat' dir='ltr'><strong><em>dnodeoim</em></strong></span> <span class='ocrx_word' id='word_1_315' title='bbox 1566 3231 1730 3319; x_wconf 82' lang='lat' dir='ltr'>(A-M.)</span> <span class='ocrx_word' id='word_1_316' title='bbox 1758 3235 1899 3319; x_wconf 84' lang='lat' dir='ltr'><strong><em>paginae</em></strong></span> <span class='ocrx_word' id='word_1_317' title='bbox 1931 3246 2124 3304; x_wconf 86' lang='lat' dir='ltr'><strong><em>numeratae</em></strong></span> <span class='ocrx_word' id='word_1_318' title='bbox 2160 3240 2233 3321; x_wconf 86' lang='grc'><strong>190,</strong></span> 
     </span>
     <span class='ocr_line' id='line_1_27' title="bbox 214 3344 2232 3429; baseline 0.002 -17"><span class='ocrx_word' id='word_1_319' title='bbox 214 3345 372 3412; x_wconf 90' lang='lat' dir='ltr'><strong><em>ultimum</em></strong></span> <span class='ocrx_word' id='word_1_320' title='bbox 396 3345 512 3413; x_wconf 88' lang='lat' dir='ltr'><strong><em>folium</em></strong></span> <span class='ocrx_word' id='word_1_321' title='bbox 538 3366 689 3419; x_wconf 81' lang='lat' dir='ltr'><strong><em>vaenum.</em></strong></span> <span class='ocrx_word' id='word_1_322' title='bbox 733 3345 776 3410; x_wconf 90' lang='lat' dir='ltr'><strong><em>In</em></strong></span> <span class='ocrx_word' id='word_1_323' title='bbox 803 3344 882 3411; x_wconf 83' lang='lat' dir='ltr'><strong><em>folio</em></strong></span> <span class='ocrx_word' id='word_1_324' title='bbox 908 3344 997 3411; x_wconf 85' lang='lat' dir='ltr'><strong><em>tituli</em></strong></span> <span class='ocrx_word' id='word_1_325' title='bbox 1022 3365 1119 3410; x_wconf 83' lang='lat' dir='ltr'><strong><em>verso</em></strong></span> <span class='ocrx_word' id='word_1_326' title='bbox 1145 3344 1267 3429; x_wconf 86' lang='lat' dir='ltr'><strong><em>legitur</em></strong></span> <span class='ocrx_word' id='word_1_327' title='bbox 1290 3344 1516 3411; x_wconf 76' lang='lat' dir='ltr'><strong><em>Artioulorum</em></strong></span> <span class='ocrx_word' id='word_1_328' title='bbox 1542 3345 1620 3412; x_wconf 90' lang='lat' dir='ltr'><strong><em>fidei</em></strong></span> <span class='ocrx_word' id='word_1_329' title='bbox 1643 3346 1900 3429; x_wconf 86' lang='lat' dir='ltr'><strong><em>anabaptistioae</em></strong></span> <span class='ocrx_word' id='word_1_330' title='bbox 1921 3348 1959 3413; x_wconf 91' lang='lat' dir='ltr'><strong><em>in</em></strong></span> <span class='ocrx_word' id='word_1_331' title='bbox 1980 3347 2043 3416; x_wconf 91' lang='lat' dir='ltr'><strong><em>hoo</em></strong></span> <span class='ocrx_word' id='word_1_332' title='bbox 2065 3347 2149 3416; x_wconf 90' lang='lat' dir='ltr'><strong><em>libro</em></strong></span> <span class='ocrx_word' id='word_1_333' title='bbox 2169 3351 2232 3417; x_wconf 89' lang='lat' dir='ltr'><strong><em>im·</em></strong></span> 
     </span>
     <span class='ocr_line' id='line_1_28' title="bbox 214 3455 2234 3543; baseline 0.004 -21"><span class='ocrx_word' id='word_1_334' title='bbox 214 3464 437 3543; x_wconf 76' lang='lat' dir='ltr'><strong><em>pugnatorum</em></strong></span> <span class='ocrx_word' id='word_1_335' title='bbox 458 3464 662 3540; x_wconf 84' lang='lat' dir='ltr'><strong><em>eonspeotus.</em></strong></span> <span class='ocrx_word' id='word_1_336' title='bbox 706 3455 890 3540; x_wconf 83' lang='lat' dir='ltr'><strong><em>Exemplar</em></strong></span> <span class='ocrx_word' id='word_1_337' title='bbox 911 3456 1010 3522; x_wconf 89' lang='lat' dir='ltr'><strong><em>huius</em></strong></span> <span class='ocrx_word' id='word_1_338' title='bbox 1032 3455 1185 3523; x_wconf 87' lang='lat' dir='ltr'><strong><em>editionis</em></strong></span> <span class='ocrx_word' id='word_1_339' title='bbox 1207 3455 1343 3523; x_wconf 89' lang='lat' dir='ltr'><strong><em>unioum</em></strong></span> <span class='ocrx_word' id='word_1_340' title='bbox 1365 3457 1452 3541; x_wconf 89' lang='lat' dir='ltr'><strong><em>quod</em></strong></span> <span class='ocrx_word' id='word_1_341' title='bbox 1473 3463 1603 3526; x_wconf 87' lang='lat' dir='ltr'><strong><em>exstare</em></strong></span> <span class='ocrx_word' id='word_1_342' title='bbox 1626 3455 1757 3524; x_wconf 86' lang='lat' dir='ltr'><strong><em>videtur</em></strong></span> <span class='ocrx_word' id='word_1_343' title='bbox 1779 3457 1956 3525; x_wconf 90' lang='lat' dir='ltr'><strong><em>habuimus</em></strong></span> <span class='ocrx_word' id='word_1_344' title='bbox 1976 3481 2018 3526; x_wconf 85' lang='lat' dir='ltr'><strong><em>ox</em></strong></span> <span class='ocrx_word' id='word_1_345' title='bbox 2035 3460 2234 3531; x_wconf 85' lang='lat' dir='ltr'><strong><em>bibliotheoa</em></strong></span> 
     </span>
     <span class='ocr_line' id='line_1_29' title="bbox 216 3567 691 3635; baseline -0.002 0"><span class='ocrx_word' id='word_1_346' title='bbox 216 3567 464 3635; x_wconf 85' lang='lat' dir='ltr'><strong><em>armamentarii</em></strong></span> <span class='ocrx_word' id='word_1_347' title='bbox 482 3568 691 3635; x_wconf 86' lang='lat' dir='ltr'><strong><em>Parisionsis.</em></strong></span> 
     </span>
    </p>
   </div>
   <div class='ocr_carea' id='block_1_7' title="bbox 216 3682 2237 5006">
    <p class='ocr_par' dir='ltr' id='par_1_9' title="bbox 216 3682 2234 4004">
     <span class='ocr_line' id='line_1_30' title="bbox 371 3682 2234 3788; baseline 0.005 -27"><span class='ocrx_word' id='word_1_348' title='bbox 371 3683 605 3769; x_wconf 78' lang='lat' dir='ltr'>BRIEVE</span> <span class='ocrx_word' id='word_1_349' title='bbox 633 3682 639 3788; x_wconf 94' lang='grc' dir='ltr'>Ι</span> <span class='ocrx_word' id='word_1_350' title='bbox 666 3694 992 3777; x_wconf 71' lang='lat' dir='ltr'><strong><em>manavomori,</em></strong></span> <span class='ocrx_word' id='word_1_351' title='bbox 1014 3695 1018 3780; x_wconf 89' lang='grc' dir='ltr'>Ι</span> <span class='ocrx_word' id='word_1_352' title='bbox 1038 3695 1167 3763; x_wconf 83' lang='lat' dir='ltr'><strong>POVR</strong></span> <span class='ocrx_word' id='word_1_353' title='bbox 1186 3695 1356 3762; x_wconf 73' lang='lat' dir='ltr'><strong>ARMER</strong></span> <span class='ocrx_word' id='word_1_354' title='bbox 1376 3695 1497 3765; x_wconf 70' lang='lat' dir='ltr'>TOUS</span> <span class='ocrx_word' id='word_1_355' title='bbox 1517 3696 1523 3782; x_wconf 91' lang='grc' dir='ltr'>Ι</span> <span class='ocrx_word' id='word_1_356' title='bbox 1542 3698 1624 3764; x_wconf 88' lang='lat' dir='ltr'><strong><em>bons</em></strong></span> <span class='ocrx_word' id='word_1_357' title='bbox 1645 3697 1759 3766; x_wconf 90' lang='lat' dir='ltr'><strong><em>fidelos</em></strong></span> <span class='ocrx_word' id='word_1_358' title='bbox 1781 3707 1894 3766; x_wconf 90' lang='lat' dir='ltr'><strong><em>oontre</em></strong></span> <span class='ocrx_word' id='word_1_359' title='bbox 1915 3700 1963 3766; x_wconf 89' lang='lat' dir='ltr'><strong><em>les</em></strong></span> <span class='ocrx_word' id='word_1_360' title='bbox 1985 3723 2117 3768; x_wconf 86' lang='lat' dir='ltr'><strong><em>orrenrs</em></strong></span> <span class='ocrx_word' id='word_1_361' title='bbox 2138 3701 2180 3769; x_wconf 89' lang='lat' dir='ltr'><strong><em>de</em></strong></span> <span class='ocrx_word' id='word_1_362' title='bbox 2199 3704 2234 3771; x_wconf 84' lang='lat' dir='ltr'><strong><em>la</em></strong></span> 
     </span>
     <span class='ocr_line' id='line_1_31' title="bbox 216 3806 2234 3897; baseline 0.003 -22"><span class='ocrx_word' id='word_1_363' title='bbox 216 3812 305 3875; x_wconf 85' lang='lat' dir='ltr'><strong><em>seete</em></strong></span> <span class='ocrx_word' id='word_1_364' title='bbox 338 3826 428 3874; x_wconf 86' lang='lat' dir='ltr'><strong><em>eom·</em></strong></span> <span class='ocrx_word' id='word_1_365' title='bbox 458 3807 463 3892; x_wconf 90' lang='grc' dir='ltr'>Ι</span> <span class='ocrx_word' id='word_1_366' title='bbox 494 3828 593 3872; x_wconf 91' lang='lat' dir='ltr'><strong><em>mune</em></strong></span> <span class='ocrx_word' id='word_1_367' title='bbox 626 3808 683 3874; x_wconf 88' lang='lat' dir='ltr'><strong><em>des</em></strong></span> <span class='ocrx_word' id='word_1_368' title='bbox 715 3807 958 3892; x_wconf 78' lang='lat' dir='ltr'><strong><em>Anabaptistes.</em></strong></span> <span class='ocrx_word' id='word_1_369' title='bbox 990 3809 996 3892; x_wconf 93' lang='grc' dir='ltr'>Ι</span> <span class='ocrx_word' id='word_1_370' title='bbox 1025 3807 1109 3873; x_wconf 76' lang='lat' dir='ltr'><strong><em>Par,</em></strong></span> <span class='ocrx_word' id='word_1_371' title='bbox 1126 3808 1172 3872; x_wconf 87' lang='lat' dir='ltr'><strong><em>M.</em></strong></span> <span class='ocrx_word' id='word_1_372' title='bbox 1200 3806 1306 3872; x_wconf 89' lang='lat' dir='ltr'><strong><em>Iehan</em></strong></span> <span class='ocrx_word' id='word_1_373' title='bbox 1336 3806 1466 3875; x_wconf 84' lang='lat' dir='ltr'><strong><em>Oaluin.</em></strong></span> <span class='ocrx_word' id='word_1_374' title='bbox 1498 3812 1503 3892; x_wconf 86' lang='grc' dir='ltr'>Ι</span> <span class='ocrx_word' id='word_1_375' title='bbox 1533 3817 1698 3887; x_wconf 76' lang='lat' dir='ltr'><strong><em>(ameum)</em></strong></span> <span class='ocrx_word' id='word_1_376' title='bbox 1734 3808 1739 3896; x_wconf 92' lang='grc' dir='ltr'>Ι</span> <span class='ocrx_word' id='word_1_377' title='bbox 1768 3820 1977 3892; x_wconf 70' lang='lat' dir='ltr'><strong><em>taenara,</em></strong></span> <span class='ocrx_word' id='word_1_378' title='bbox 1997 3813 2002 3897; x_wconf 92' lang='grc' dir='ltr'>Ι</span> <span class='ocrx_word' id='word_1_379' title='bbox 2020 3823 2095 3881; x_wconf 82' lang='lat' dir='ltr'><strong><em>PAR</em></strong></span> <span class='ocrx_word' id='word_1_380' title='bbox 2115 3823 2234 3880; x_wconf 77' lang='grc'><strong>11111111</strong></span> 
     </span>
     <span class='ocr_line' id='line_1_32' title="bbox 216 3918 527 4004; baseline -0.01 -18"><span class='ocrx_word' id='word_1_381' title='bbox 216 3927 366 3986; x_wconf 77' lang='lat' dir='ltr'><strong><em>emese.</em></strong></span> <span class='ocrx_word' id='word_1_382' title='bbox 395 3918 403 4004; x_wconf 80' lang='grc' dir='ltr'>ι</span> <span class='ocrx_word' id='word_1_383' title='bbox 436 3923 527 3984; x_wconf 79' lang='grc'><strong>1515.</strong></span> 
     </span>
    </p>

    <p class='ocr_par' dir='ltr' id='par_1_10' title="bbox 216 4027 2237 4558">
     <span class='ocr_line' id='line_1_33' title="bbox 371 4027 2234 4122; baseline 0.006 -28"><span class='ocrx_word' id='word_1_384' title='bbox 371 4029 496 4095; x_wconf 83' lang='lat' dir='ltr'><strong><em>Forma</em></strong></span> <span class='ocrx_word' id='word_1_385' title='bbox 517 4030 632 4096; x_wconf 87' lang='lat' dir='ltr'><strong><em>eadem</em></strong></span> <span class='ocrx_word' id='word_1_386' title='bbox 654 4053 693 4096; x_wconf 75' lang='lat' dir='ltr'><strong><em>aa</em></strong></span> <span class='ocrx_word' id='word_1_387' title='bbox 714 4031 948 4113; x_wconf 85' lang='lat' dir='ltr'><strong><em>praeoedeutis.</em></strong></span> <span class='ocrx_word' id='word_1_388' title='bbox 992 4029 1168 4096; x_wconf 83' lang='lat' dir='ltr'><strong><em>Emblema</em></strong></span> <span class='ocrx_word' id='word_1_389' title='bbox 1187 4027 1285 4096; x_wconf 89' lang='lat' dir='ltr'><strong><em>idem.</em></strong></span> <span class='ocrx_word' id='word_1_390' title='bbox 1330 4029 1574 4112; x_wconf 77' lang='lat' dir='ltr'><strong><em>Quaterniones</em></strong></span> <span class='ocrx_word' id='word_1_391' title='bbox 1596 4033 1750 4100; x_wconf 88' lang='lat' dir='ltr'><strong><em>undeeim</em></strong></span> <span class='ocrx_word' id='word_1_392' title='bbox 1772 4034 1936 4121; x_wconf 79' lang='grc' dir='ltr'><strong>(Α-Ι1);</strong></span> <span class='ocrx_word' id='word_1_393' title='bbox 1959 4038 2099 4122; x_wconf 85' lang='lat' dir='ltr'><strong><em>paginae</em></strong></span> <span class='ocrx_word' id='word_1_394' title='bbox 2116 4059 2234 4106; x_wconf 87' lang='lat' dir='ltr'><strong><em>nnme-</em></strong></span> 
     </span>
     <span class='ocr_line' id='line_1_34' title="bbox 216 4126 2235 4235; baseline 0.004 -26"><span class='ocrx_word' id='word_1_395' title='bbox 216 4149 309 4209; x_wconf 85' lang='lat' dir='ltr'><strong><em>ratae</em></strong></span> <span class='ocrx_word' id='word_1_396' title='bbox 334 4146 404 4207; x_wconf 79' lang='lat'>170.</span> <span class='ocrx_word' id='word_1_397' title='bbox 450 4142 529 4207; x_wconf 73' lang='lat' dir='ltr'><strong><em>Tria</em></strong></span> <span class='ocrx_word' id='word_1_398' title='bbox 550 4143 667 4207; x_wconf 79' lang='grc'><strong>11111155</strong></span> <span class='ocrx_word' id='word_1_399' title='bbox 688 4143 766 4208; x_wconf 85' lang='lat' dir='ltr'><strong><em>folia</em></strong></span> <span class='ocrx_word' id='word_1_400' title='bbox 786 4143 823 4207; x_wconf 90' lang='lat' dir='ltr'><strong><em>in</em></strong></span> <span class='ocrx_word' id='word_1_401' title='bbox 845 4142 936 4209; x_wconf 90' lang='lat' dir='ltr'><strong><em>albis.</em></strong></span> <span class='ocrx_word' id='word_1_402' title='bbox 983 4143 1188 4226; x_wconf 77' lang='lat' dir='ltr'><strong><em>Conspectus</em></strong></span> <span class='ocrx_word' id='word_1_403' title='bbox 1214 4142 1429 4209; x_wconf 77' lang='lat' dir='ltr'><strong><em>arnoulorum</em></strong></span> <span class='ocrx_word' id='word_1_404' title='bbox 1454 4144 1510 4210; x_wconf 91' lang='lat' dir='ltr'><strong><em>ubi</em></strong></span> <span class='ocrx_word' id='word_1_405' title='bbox 1527 4126 1564 4210; x_wconf 83' lang='lat' dir='ltr'><strong><em>¹et</em></strong></span> <span class='ocrx_word' id='word_1_406' title='bbox 1586 4168 1694 4229; x_wconf 88' lang='lat' dir='ltr'><strong><em>supra.</em></strong></span> <span class='ocrx_word' id='word_1_407' title='bbox 1739 4146 1825 4232; x_wconf 67' lang='lat' dir='ltr'><strong><em>Typi</em></strong></span> <span class='ocrx_word' id='word_1_408' title='bbox 1850 4147 1948 4234; x_wconf 89' lang='lat' dir='ltr'><strong><em>paulo</em></strong></span> <span class='ocrx_word' id='word_1_409' title='bbox 1969 4150 2113 4217; x_wconf 83' lang='lat' dir='ltr'><strong><em>minores</em></strong></span> <span class='ocrx_word' id='word_1_410' title='bbox 2134 4172 2235 4235; x_wconf 86' lang='lat' dir='ltr'><strong><em>quam</em></strong></span> 
     </span>
     <span class='ocr_line' id='line_1_35' title="bbox 216 4253 2236 4342; baseline 0.005 -23"><span class='ocrx_word' id='word_1_411' title='bbox 216 4253 385 4338; x_wconf 89' lang='lat' dir='ltr'><strong><em>inpriore</em></strong></span> <span class='ocrx_word' id='word_1_412' title='bbox 407 4253 557 4320; x_wconf 88' lang='lat' dir='ltr'><strong><em>editione.</em></strong></span> <span class='ocrx_word' id='word_1_413' title='bbox 604 4254 800 4338; x_wconf 82' lang='lat' dir='ltr'><strong><em>Exemplari</em></strong></span> <span class='ocrx_word' id='word_1_414' title='bbox 821 4254 873 4320; x_wconf 89' lang='lat' dir='ltr'><strong><em>usi</em></strong></span> <span class='ocrx_word' id='word_1_415' title='bbox 895 4276 1009 4320; x_wconf 91' lang='lat' dir='ltr'><strong><em>sumus</em></strong></span> <span class='ocrx_word' id='word_1_416' title='bbox 1030 4253 1248 4321; x_wconf 83' lang='lat' dir='ltr'><strong><em>bibliotheoae</em></strong></span> <span class='ocrx_word' id='word_1_417' title='bbox 1270 4254 1486 4336; x_wconf 77' lang='grc' dir='ltr'><strong>Β55115511515,</strong></span> <span class='ocrx_word' id='word_1_418' title='bbox 1509 4257 1670 4342; x_wconf 77' lang='lat' dir='ltr'><strong><em>singulari</em></strong></span> <span class='ocrx_word' id='word_1_419' title='bbox 1691 4258 1732 4325; x_wconf 91' lang='lat' dir='ltr'><strong><em>ds</em></strong></span> <span class='ocrx_word' id='word_1_420' title='bbox 1750 4279 1848 4324; x_wconf 87' lang='lat' dir='ltr'><strong><em>eausa</em></strong></span> <span class='ocrx_word' id='word_1_421' title='bbox 1869 4260 2086 4328; x_wconf 86' lang='lat' dir='ltr'><strong><em>nobilissimo:</em></strong></span> <span class='ocrx_word' id='word_1_422' title='bbox 2109 4263 2236 4331; x_wconf 88' lang='grc'><strong>55111551</strong></span> 
     </span>
     <span class='ocr_line' id='line_1_36' title="bbox 216 4363 2237 4454; baseline 0.006 -26"><span class='ocrx_word' id='word_1_423' title='bbox 216 4363 314 4429; x_wconf 84' lang='grc'><strong>1111115</strong></span> <span class='ocrx_word' id='word_1_424' title='bbox 337 4387 458 4431; x_wconf 90' lang='lat' dir='ltr'><strong><em>nomen</em></strong></span> <span class='ocrx_word' id='word_1_425' title='bbox 480 4387 579 4432; x_wconf 89' lang='lat' dir='ltr'><strong><em>suum</em></strong></span> <span class='ocrx_word' id='word_1_426' title='bbox 601 4366 813 4450; x_wconf 87' lang='lat' dir='ltr'><strong><em>inseripserat</em></strong></span> <span class='ocrx_word' id='word_1_427' title='bbox 830 4365 909 4431; x_wconf 92' lang='lat' dir='ltr'><strong><em>olim</em></strong></span> <span class='ocrx_word' id='word_1_428' title='bbox 926 4368 1053 4450; x_wconf 86' lang='lat' dir='ltr'><strong><em>primns</em></strong></span> <span class='ocrx_word' id='word_1_429' title='bbox 1069 4367 1430 4450; x_wconf 75' lang='lat' dir='ltr'><strong><em>possessorioannis</em></strong></span> <span class='ocrx_word' id='word_1_430' title='bbox 1452 4365 1665 4449; x_wconf 77' lang='lat' dir='ltr'><strong><em>Sauravii,</em></strong></span> <span class='ocrx_word' id='word_1_431' title='bbox 1689 4371 1741 4438; x_wconf 89' lang='lat' dir='ltr'><strong><em>oui</em></strong></span> <span class='ocrx_word' id='word_1_432' title='bbox 1759 4378 1872 4454; x_wconf 86' lang='lat' dir='ltr'><strong><em>postea</em></strong></span> <span class='ocrx_word' id='word_1_433' title='bbox 1890 4372 2089 4441; x_wconf 68' lang='lat' dir='ltr'><strong><em>adamanus</em></strong></span> <span class='ocrx_word' id='word_1_434' title='bbox 2107 4374 2237 4442; x_wconf 87' lang='lat' dir='ltr'><strong><em>addidit</em></strong></span> 
     </span>
     <span class='ocr_line' id='line_1_37' title="bbox 217 4476 1272 4558; baseline 0.002 -15"><span class='ocrx_word' id='word_1_435' title='bbox 217 4476 358 4543; x_wconf 73' lang='lat' dir='ltr'><strong><em>verbnm</em></strong></span> <span class='ocrx_word' id='word_1_436' title='bbox 378 4476 473 4558; x_wconf 87' lang='lat' dir='ltr'><strong><em>fuit,</em></strong></span> <span class='ocrx_word' id='word_1_437' title='bbox 497 4488 531 4544; x_wconf 91' lang='grc'><strong><em>51</em></strong></span> <span class='ocrx_word' id='word_1_438' title='bbox 552 4479 653 4544; x_wconf 82' lang='lat' dir='ltr'><strong><em>inira:</em></strong></span> <span class='ocrx_word' id='word_1_439' title='bbox 677 4478 796 4544; x_wconf 89' lang='lat' dir='ltr'><strong><em>Nune</em></strong></span> <span class='ocrx_word' id='word_1_440' title='bbox 817 4484 878 4543; x_wconf 87' lang='lat' dir='ltr'><strong><em>est</em></strong></span> <span class='ocrx_word' id='word_1_441' title='bbox 898 4476 984 4544; x_wconf 81' lang='lat' dir='ltr'><strong><em>Sob.</em></strong></span> <span class='ocrx_word' id='word_1_442' title='bbox 1008 4477 1272 4545; x_wconf 84' lang='lat' dir='ltr'><strong><em>Castalionis.</em></strong></span> 
     </span>
    </p>

    <p class='ocr_par' dir='ltr' id='par_1_11' title="bbox 218 4586 2236 5006">
     <span class='ocr_line' id='line_1_38' title="bbox 372 4586 2236 4676; baseline 0.007 -24"><span class='ocrx_word' id='word_1_443' title='bbox 372 4587 488 4652; x_wconf 89' lang='lat' dir='ltr'><strong><em>Prima</em></strong></span> <span class='ocrx_word' id='word_1_444' title='bbox 509 4586 665 4657; x_wconf 87' lang='lat' dir='ltr'><strong><em>diatribos</em></strong></span> <span class='ocrx_word' id='word_1_445' title='bbox 688 4589 848 4656; x_wconf 89' lang='lat' dir='ltr'><strong><em>adversus</em></strong></span> <span class='ocrx_word' id='word_1_446' title='bbox 865 4589 1055 4656; x_wconf 82' lang='lat' dir='ltr'><strong><em>Libertinos</em></strong></span> <span class='ocrx_word' id='word_1_447' title='bbox 1072 4589 1170 4656; x_wconf 87' lang='lat' dir='ltr'><strong><em>editio</em></strong></span> <span class='ocrx_word' id='word_1_448' title='bbox 1193 4589 1314 4674; x_wconf 89' lang='lat' dir='ltr'><strong><em>prodiit</em></strong></span> <span class='ocrx_word' id='word_1_449' title='bbox 1336 4600 1414 4656; x_wconf 86' lang='lat' dir='ltr'><strong><em>ante</em></strong></span> <span class='ocrx_word' id='word_1_450' title='bbox 1435 4590 1528 4656; x_wconf 90' lang='lat' dir='ltr'><strong><em>illam</em></strong></span> <span class='ocrx_word' id='word_1_451' title='bbox 1546 4590 1641 4657; x_wconf 91' lang='lat' dir='ltr'><strong><em>modo</em></strong></span> <span class='ocrx_word' id='word_1_452' title='bbox 1658 4591 1827 4658; x_wconf 85' lang='lat' dir='ltr'><strong><em>laudatam</em></strong></span> <span class='ocrx_word' id='word_1_453' title='bbox 1844 4595 2058 4676; x_wconf 85' lang='lat' dir='ltr'><strong><em>posteriorem</em></strong></span> <span class='ocrx_word' id='word_1_454' title='bbox 2074 4596 2236 4668; x_wconf 83' lang='lat' dir='ltr'><strong><em>adversus</em></strong></span> 
     </span>
     <span class='ocr_line' id='line_1_39' title="bbox 218 4697 2236 4795; baseline 0.006 -30"><span class='ocrx_word' id='word_1_455' title='bbox 218 4697 464 4781; x_wconf 81' lang='lat' dir='ltr'><strong><em>Anabaptistas,</em></strong></span> <span class='ocrx_word' id='word_1_456' title='bbox 486 4708 525 4764; x_wconf 88' lang='lat' dir='ltr'><strong><em>ut</em></strong></span> <span class='ocrx_word' id='word_1_457' title='bbox 545 4702 633 4767; x_wconf 83' lang='lat' dir='ltr'><strong><em>infra</em></strong></span> <span class='ocrx_word' id='word_1_458' title='bbox 654 4703 731 4768; x_wconf 86' lang='lat' dir='ltr'><strong><em>data</em></strong></span> <span class='ocrx_word' id='word_1_459' title='bbox 753 4702 921 4768; x_wconf 74' lang='lat' dir='ltr'><strong><em>oooasione</em></strong></span> <span class='ocrx_word' id='word_1_460' title='bbox 944 4722 986 4766; x_wconf 85' lang='grc'><strong><em>511</em></strong></span> <span class='ocrx_word' id='word_1_461' title='bbox 1007 4703 1078 4786; x_wconf 89' lang='lat' dir='ltr'><strong><em>ipso</em></strong></span> <span class='ocrx_word' id='word_1_462' title='bbox 1101 4701 1200 4767; x_wconf 86' lang='lat' dir='ltr'><strong><em>huius</em></strong></span> <span class='ocrx_word' id='word_1_463' title='bbox 1222 4709 1318 4766; x_wconf 71' lang='lat' dir='ltr'><strong><em>textu</em></strong></span> <span class='ocrx_word' id='word_1_464' title='bbox 1340 4699 1643 4768; x_wconf 87' lang='lat' dir='ltr'><strong><em>demonstrabimus.</em></strong></span> <span class='ocrx_word' id='word_1_465' title='bbox 1689 4703 1769 4769; x_wconf 78' lang='lat' dir='ltr'><strong><em>uria</em></strong></span> <span class='ocrx_word' id='word_1_466' title='bbox 1791 4705 1891 4772; x_wconf 87' lang='lat' dir='ltr'><strong><em>huius</em></strong></span> <span class='ocrx_word' id='word_1_467' title='bbox 1911 4707 2014 4774; x_wconf 86' lang='lat' dir='ltr'><strong><em>libelli</em></strong></span> <span class='ocrx_word' id='word_1_468' title='bbox 2031 4710 2236 4795; x_wconf 86' lang='lat' dir='ltr'><strong><em>exemplaria</em></strong></span> 
     </span>
     <span class='ocr_line' id='line_1_40' title="bbox 218 4808 2234 4899; baseline 0.007 -23"><span class='ocrx_word' id='word_1_469' title='bbox 218 4808 315 4876; x_wconf 86' lang='lat' dir='ltr'><strong><em>uobis</em></strong></span> <span class='ocrx_word' id='word_1_470' title='bbox 332 4809 375 4876; x_wconf 88' lang='lat' dir='ltr'><strong><em>ad</em></strong></span> <span class='ocrx_word' id='word_1_471' title='bbox 390 4831 510 4875; x_wconf 88' lang='lat' dir='ltr'><strong><em>manus</em></strong></span> <span class='ocrx_word' id='word_1_472' title='bbox 525 4811 670 4893; x_wconf 82' lang='lat' dir='ltr'><strong><em>fuorunt,</em></strong></span> <span class='ocrx_word' id='word_1_473' title='bbox 694 4814 993 4899; x_wconf 83' lang='lat' dir='ltr'><strong><em>Guelferbytanum</em></strong></span> <span class='ocrx_word' id='word_1_474' title='bbox 1016 4813 1263 4879; x_wconf 70' lang='lat' dir='ltr'><strong><em>etParisiznaia</em></strong></span> <span class='ocrx_word' id='word_1_475' title='bbox 1278 4812 1353 4892; x_wconf 90' lang='lat' dir='ltr'><strong><em>duo,</em></strong></span> <span class='ocrx_word' id='word_1_476' title='bbox 1375 4811 1519 4878; x_wconf 87' lang='lat' dir='ltr'><strong><em>alterum</em></strong></span> <span class='ocrx_word' id='word_1_477' title='bbox 1529 4814 1796 4896; x_wconf 71' lang='lat' dir='ltr'><strong><em>Armamentarii</em></strong></span> <span class='ocrx_word' id='word_1_478' title='bbox 1819 4816 1961 4885; x_wconf 86' lang='lat' dir='ltr'><strong><em>alterum</em></strong></span> <span class='ocrx_word' id='word_1_479' title='bbox 1974 4818 2009 4886; x_wconf 76' lang='lat' dir='ltr'><strong><em>S.</em></strong></span> <span class='ocrx_word' id='word_1_480' title='bbox 2023 4821 2234 4892; x_wconf 74' lang='lat' dir='ltr'><strong><em>Genovovae.</em></strong></span> 
     </span>
     <span class='ocr_line' id='line_1_41' title="bbox 218 4920 1712 5006; baseline 0.003 -18"><span class='ocrx_word' id='word_1_481' title='bbox 218 4920 358 4988; x_wconf 84' lang='lat' dir='ltr'><strong><em>Praeter</em></strong></span> <span class='ocrx_word' id='word_1_482' title='bbox 378 4942 462 5006; x_wconf 87' lang='lat' dir='ltr'><strong><em>quae</em></strong></span> <span class='ocrx_word' id='word_1_483' title='bbox 483 4943 589 4988; x_wconf 77' lang='lat' dir='ltr'><strong><em>uuum</em></strong></span> <span class='ocrx_word' id='word_1_484' title='bbox 612 4932 742 4990; x_wconf 81' lang='lat' dir='ltr'><strong><em>tarrtnm</em></strong></span> <span class='ocrx_word' id='word_1_485' title='bbox 765 4927 865 4990; x_wconf 75' lang='lat' dir='ltr'><strong><em>etiarn</em></strong></span> <span class='ocrx_word' id='word_1_486' title='bbox 887 4932 1018 4992; x_wconf 77' lang='lat' dir='ltr'><strong><em>exstare</em></strong></span> <span class='ocrx_word' id='word_1_487' title='bbox 1040 4924 1163 4991; x_wconf 81' lang='grc'><strong>55111155</strong></span> <span class='ocrx_word' id='word_1_488' title='bbox 1185 4923 1373 4990; x_wconf 66' lang='grc'><strong>1511551155.</strong></span> <span class='ocrx_word' id='word_1_489' title='bbox 1419 4925 1550 4992; x_wconf 69' lang='lat' dir='ltr'><strong><em>Titulus</em></strong></span> <span class='ocrx_word' id='word_1_490' title='bbox 1572 4926 1627 4995; x_wconf 89' lang='lat' dir='ltr'><strong><em>hio</em></strong></span> <span class='ocrx_word' id='word_1_491' title='bbox 1647 4935 1712 4994; x_wconf 88' lang='lat' dir='ltr'><strong><em>est:</em></strong></span> 
     </span>
    </p>
   </div>
   <div class='ocr_carea' id='block_1_8' title="bbox 218 5037 2235 5258">
    <p class='ocr_par' dir='ltr' id='par_1_12' title="bbox 218 5037 2235 5258">
     <span class='ocr_line' id='line_1_42' title="bbox 375 5037 2235 5145; baseline 0.006 -24"><span class='ocrx_word' id='word_1_492' title='bbox 375 5037 621 5122; x_wconf 72' lang='lat' dir='ltr'>OONTRE</span> <span class='ocrx_word' id='word_1_493' title='bbox 663 5038 669 5142; x_wconf 82' lang='grc' dir='ltr'>Ι</span> <span class='ocrx_word' id='word_1_494' title='bbox 710 5052 774 5118; x_wconf 72' lang='lat' dir='ltr'><strong><em>aa</em></strong></span> <span class='ocrx_word' id='word_1_495' title='bbox 796 5051 943 5121; x_wconf 83' lang='lat' dir='ltr'><strong><em>saona</em></strong></span> <span class='ocrx_word' id='word_1_496' title='bbox 965 5052 1112 5119; x_wconf 75' lang='lat' dir='ltr'><strong><em>runn-</em></strong></span> <span class='ocrx_word' id='word_1_497' title='bbox 1142 5059 1147 5133; x_wconf 75' lang='grc'><strong><em>1</em></strong></span> <span class='ocrx_word' id='word_1_498' title='bbox 1177 5049 1411 5134; x_wconf 73' lang='grc'><strong>51511515</strong></span> <span class='ocrx_word' id='word_1_499' title='bbox 1432 5055 1493 5120; x_wconf 83' lang='lat' dir='ltr'><strong><em>un</em></strong></span> <span class='ocrx_word' id='word_1_500' title='bbox 1514 5055 1646 5123; x_wconf 74' lang='lat' dir='ltr'><strong><em>uvai—</em></strong></span> <span class='ocrx_word' id='word_1_501' title='bbox 1675 5058 1681 5142; x_wconf 77' lang='grc' dir='ltr'><strong>ι</strong></span> <span class='ocrx_word' id='word_1_502' title='bbox 1711 5079 1788 5125; x_wconf 68' lang='lat' dir='ltr'><strong><em>ause</em></strong></span> <span class='ocrx_word' id='word_1_503' title='bbox 1809 5058 1867 5124; x_wconf 73' lang='lat' dir='ltr'><strong><em>ees</em></strong></span> <span class='ocrx_word' id='word_1_504' title='bbox 1883 5060 2064 5128; x_wconf 66' lang='lat' dir='ltr'><strong><em>aessens.</em></strong></span> <span class='ocrx_word' id='word_1_505' title='bbox 2109 5062 2178 5145; x_wconf 74' lang='lat' dir='ltr'><strong><em>on</em></strong></span> <span class='ocrx_word' id='word_1_506' title='bbox 2197 5084 2235 5132; x_wconf 75' lang='lat' dir='ltr'><strong><em>u</em></strong></span> 
     </span>
     <span class='ocr_line' id='line_1_43' title="bbox 218 5161 2135 5258; baseline 0.007 -31"><span class='ocrx_word' id='word_1_507' title='bbox 218 5182 314 5250; x_wconf 73' lang='lat' dir='ltr'><strong><em>nom·</em></strong></span> <span class='ocrx_word' id='word_1_508' title='bbox 343 5161 348 5249; x_wconf 75' lang='grc'>1</span> <span class='ocrx_word' id='word_1_509' title='bbox 377 5170 471 5229; x_wconf 80' lang='lat' dir='ltr'><strong><em>ment</em></strong></span> <span class='ocrx_word' id='word_1_510' title='bbox 493 5163 671 5248; x_wconf 68' lang='lat' dir='ltr'><strong><em>spiramen.</em></strong></span> <span class='ocrx_word' id='word_1_511' title='bbox 703 5163 707 5248; x_wconf 77' lang='grc' dir='ltr'>Ι</span> <span class='ocrx_word' id='word_1_512' title='bbox 737 5164 806 5232; x_wconf 73' lang='lat' dir='ltr'><strong><em>Par</em></strong></span> <span class='ocrx_word' id='word_1_513' title='bbox 827 5166 855 5231; x_wconf 91' lang='grc' dir='ltr'><strong><em>Ι.</em></strong></span> <span class='ocrx_word' id='word_1_514' title='bbox 878 5164 1009 5232; x_wconf 74' lang='lat' dir='ltr'><strong><em>bulum</em></strong></span> <span class='ocrx_word' id='word_1_515' title='bbox 1040 5163 1045 5249; x_wconf 80' lang='lat' dir='ltr'><strong><em>t</em></strong></span> <span class='ocrx_word' id='word_1_516' title='bbox 1077 5171 1252 5239; x_wconf 67' lang='lat' dir='ltr'><strong><em>(mamm.)</em></strong></span> <span class='ocrx_word' id='word_1_517' title='bbox 1287 5161 1293 5246; x_wconf 89' lang='grc' dir='ltr'>Ι</span> <span class='ocrx_word' id='word_1_518' title='bbox 1328 5174 1355 5228; x_wconf 76' lang='lat' dir='ltr'><strong><em>n</em></strong></span> <span class='ocrx_word' id='word_1_519' title='bbox 1376 5173 1528 5231; x_wconf 76' lang='grc'><strong>5111111111</strong></span> <span class='ocrx_word' id='word_1_520' title='bbox 1557 5174 1563 5244; x_wconf 80' lang='lat'>1</span> <span class='ocrx_word' id='word_1_521' title='bbox 1592 5177 1665 5235; x_wconf 77' lang='lat' dir='ltr'><strong><em>aaa</em></strong></span> <span class='ocrx_word' id='word_1_522' title='bbox 1686 5177 1804 5235; x_wconf 75' lang='lat' dir='ltr'><strong><em>maen</em></strong></span> <span class='ocrx_word' id='word_1_523' title='bbox 1825 5179 1973 5239; x_wconf 75' lang='lat' dir='ltr'><strong><em>omnen.</em></strong></span> <span class='ocrx_word' id='word_1_524' title='bbox 2004 5172 2008 5258; x_wconf 79' lang='grc' dir='ltr'>Ι</span> <span class='ocrx_word' id='word_1_525' title='bbox 2041 5177 2135 5242; x_wconf 82' lang='grc'><strong>1545.</strong></span> 
     </span>
    </p>
   </div>
   <div class='ocr_carea' id='block_1_9' title="bbox 0 0 2320 5892">
    <p class='ocr_par' dir='ltr' id='par_1_13' title="bbox 0 0 2320 5892">
     <span class='ocr_line' id='line_1_44' title="bbox 0 0 2320 5892; baseline 0 0"><span class='ocrx_word' id='word_1_526' title='bbox 0 0 2320 5892; x_wconf 95' lang='lat' dir='ltr'><strong><em> </em></strong></span> 
     </span>
    </p>
   </div>
  </div>
 </body>
</html>
