4590 5902
109 235 172 299 401
930 228 1031 295 OUM
1051 228 1304 300 ΑΝΤΙΒΟΤΟ.
1804 310 1808 315 ι
2064 240 2131 307 402

108 417 219 485 mmsis
239 415 412 496 mucidare
433 436 471 483 ac
493 415 531 482 de
552 421 669 482 cadmo
691 416 726 481 in
742 417 852 482 timore
871 416 1005 482 Domini
1027 436 1093 481 am
1143 438 1217 482 rum
1237 416 1478 499 Scripturarum
1498 419 1586 486 lectio
1607 421 1834 488 admisceatur:
1854 423 2129 506 familiarescere

108 504 229 583 tulare,
263 509 292 567 ct
316 502 474 569 desidema
494 503 603 569 carnis
623 524 685 568 nou
712 503 872 584 perficere,
900 501 1093 567 matmnibus
1143 524 1217 569 sous
1244 505 1462 586 unusquisque
1489 505 1628 570 indruat
1652 513 1682 571 et
1701 509 1841 588 erudiat,
1869 530 1908 574 ne
1927 511 1992 575 sint
2013 513 2128 594 riensi,

108 593 245 669 instare,
276 589 406 670 carpinus
431 588 587 670 mnrium,
610 587 839 655 Ericharistiae
859 593 1092 654 sacramentum
1143 591 1262 667 vinosi,
1290 590 1459 672 impudici,
1489 592 1718 673 eupidipelati,
1741 594 1914 676 blasphemi
1938 601 1967 660 et
1988 597 2129 678 valupta-

107 696 241 754 sumere,
263 673 423 740 acuam
441 675 656 756 frequentare,
680 680 851 756 praecepta
872 675 1004 754 denique
1026 672 1092 740 Do
1143 679 1210 739 tum
1237 680 1408 740 amatores:
1434 677 1515 740 citio
1543 677 1669 744 danum
1694 679 1822 762 fuqiant
1848 686 1878 746 et
1902 681 2033 747 mrtutes
2060 704 2128 749 om-

107 763 227 829 miniea
250 765 415 844 (quantum
435 761 568 841 quisque
583 761 715 844 poterit)
737 759 925 842 adimplere,
953 779 1008 825 nco
1029 779 1091 823 non
1137 762 1325 843 plectantur,
1344 765 1372 825 et
1392 761 1429 826 in
1444 762 1558 826 ceddo
1573 767 1602 828 et
1621 763 1706 830 mlta
1718 770 1746 828 et
1763 765 1906 831 arundus
1923 768 2052 847 actibus,
2073 768 2129 833 ho·

179 847 245 913 idie
255 867 318 930 pro
329 865 410 928 pace
430 844 620 928 Principum
640 843 900 926 Christianorum,
917 865 955 911 ac
971 846 1091 910 numu
1141 852 1291 912 nestatem
1305 867 1389 928 prae
1407 866 1440 912 sc
1459 847 1574 929 ferant
1596 851 1680 916 suu
1700 851 1784 916 dccet
1803 852 1968 918 ministros
1983 857 2007 934 ¹)
2031 852 2105 919 Dei.

225 934 232 946 ‘
277 983 285 1012 ,
308 932 467 1014 priuatim
489 952 582 998 orare
605 931 707 997 velint.
754 930 931 1014 Episcopos
952 951 1039 1008 vero,
1063 934 1091 994 et
1229 931 1285 996 Ad
1307 929 1396 1010 haec,
1427 952 1524 1013 quum
1544 932 1641 999 huius
1663 938 1856 1002 sacrosancti
1880 935 2014 1003 Ociuilii
2030 959 2128 1020 prac-

107 1039 306 1104 quoscunque
325 1018 407 1083 alios
423 1018 460 1082 in
481 1019 590 1082 ordine
600 1017 788 1083 sacerdotali
800 1019 987 1095 constitutos,
1006 1034 1090 1082 oecu-
1141 1018 1237 1100 cipua
1262 1038 1355 1097 cura,
1382 1018 1558 1084 solicitudo
1583 1024 1610 1084 et
1636 1021 1765 1086 intentio
1786 1023 1843 1101 sit,
1872 1028 1908 1087 ut
1923 1025 2128 1105 propuLsatis

106 1107 263 1172 musicum
286 1102 459 1170 Concilium
479 1104 515 1168 in
537 1124 574 1168 ea
591 1104 714 1168 ciuitate
735 1102 928 1181 celebrantes,
951 1108 986 1167 ut
1007 1101 1089 1166 assi·
1141 1102 1309 1168 haeresum
1329 1103 1463 1169 tenebms
1486 1106 1580 1186 (quae
1595 1126 1658 1188 per
1679 1111 1722 1172 tot
1738 1128 1839 1173 anuos
1855 1116 2046 1190 opemrerunt
2067 1115 2127 1176 ter-

106 1193 168 1259 dne
188 1190 255 1258 Dei
275 1190 425 1257 laudibus
445 1189 628 1268 incumbere,
651 1187 780 1267 bustiae,
802 1189 912 1254 landes
933 1193 962 1252 et
977 1205 1089 1267 preces
1141 1190 1226 1268 rom)
1253 1189 1420 1254 catholicae
1448 1191 1591 1254 ceritatis
1618 1190 1675 1255 luc
1697 1191 1790 1274 (Iesu
1813 1191 1951 1272 Chrido,
1975 1196 2031 1275 qui
2052 1215 2128 1262 ocra

106 1279 229 1361 offerre,
258 1275 452 1356 sacrificium
473 1273 597 1341 Missae
618 1272 750 1356 quolibet
772 1274 884 1338 saltem
905 1273 956 1337 die
978 1271 1090 1338 Domi
1142 1274 1199 1339 lua
1221 1278 1266 1339 cst
1287 1274 1460 1358 annuenh)
1487 1276 1606 1340 candor
1628 1278 1820 1360 puritasque
1841 1278 2008 1362 resulqeat,
2035 1285 2065 1346 ct
2088 1301 2128 1347 ca

105 1365 175 1431 nico
192 1362 246 1448 (in
266 1381 326 1444 quo
347 1361 438 1427 Deus
457 1361 557 1427 lucem
574 1361 814 1439 candiditate
830 1360 964 1424 momnis
984 1378 1090 1423 resur·
1141 1380 1221 1440 quac
1247 1360 1467 1443 reformatione
1499 1365 1585 1444 eqent
1616 1362 1839 1442 reserarentur:
1868 1365 1944 1445 ipsu
1978 1365 2127 1450 synodus

104 1450 197 1529 rma,
219 1467 258 1513 ac
280 1447 440 1530 Spiritum
460 1451 603 1512 sanctum
619 1447 654 1510 in
675 1445 847 1526 discipulos
862 1445 995 1527 infudit)
1014 1464 1088 1526 per·
1140 1445 1284 1509 hortatur
1310 1465 1414 1510 munes
1442 1446 1619 1527 catholiam,
1648 1447 1699 1512 hic
1719 1455 1930 1533 conqreqatos,
1954 1457 1982 1515 et
2003 1470 2126 1535 canqre

103 1555 198 1621 aqere
221 1537 297 1613 [paq
317 1537 369 1613 71]
392 1537 554 1617 sdaqant:
575 1531 723 1614 [mantes
743 1532 825 1596 siout
842 1532 926 1596 idem
946 1530 1089 1611 Spiritus
1139 1531 1270 1615 pondos,
1293 1535 1385 1613 atque
1406 1551 1456 1597 eos
1474 1533 1673 1613 praesertim,
1695 1535 1751 1616 qui
1772 1553 1939 1599 sanarum
1959 1536 2128 1605 literarum

103 1625 249 1700 canam,
272 1637 334 1701 per
354 1618 541 1700 Apostolum
555 1617 732 1699 praecepit,
754 1616 995 1694 obsecrationes,
1018 1636 1089 1681 ora-
1135 1617 1291 1697 peritiam
1312 1620 1387 1695 [pag.
1408 1623 1461 1694 73]
1485 1617 1610 1698 luberet,
1639 1623 1675 1683 ut
1695 1619 1808 1685 sedula
1829 1621 2029 1687 meditatione
2051 1622 2128 1689 dili·

103 1707 220 1787 hona,
243 1703 483 1788 postulationes,
503 1705 684 1787 qratiarum
705 1703 855 1781 adunes,
872 1723 935 1784 pro
956 1702 1089 1767 sanctis
1139 1707 1243 1786 qenter
1269 1722 1373 1768 seomn
1399 1703 1466 1785 ipsi
1493 1705 1621 1787 capitem
1644 1704 1759 1787 quibus
1779 1708 1985 1788 potissimum
2007 1709 2071 1773 ciis
2098 1712 2127 1774 et

102 1794 187 1859 mmo
212 1791 257 1857 D.
283 1790 325 1855 N.
351 1789 459 1873 Papa,
485 1810 546 1873 pro
570 1788 779 1872 Imperatore,
802 1809 861 1870 pro
884 1787 1089 1871 Raptae
1140 1787 1242 1853 modis
1263 1789 1369 1870 ipsius
1398 1786 1520 1871 Synodi
1548 1791 1676 1856 intentio
1710 1791 1825 1875 diripi,
1859 1797 1889 1857 et
1915 1798 2057 1875 optatum
2084 1793 2128 1877 cf·

102 1878 246 1957 cadum,
267 1877 376 1959 quiin
397 1877 588 1941 sublimitate
610 1875 768 1940 canditati
785 1880 876 1953 sulti,
896 1893 934 1938 ac
949 1893 1014 1954 pro
1035 1871 1088 1938 ho
1138 1875 1254 1956 t'ectum
1275 1873 1386 1938 sortiri
1400 1875 1522 1956 possit:
1544 1896 1604 1958 quo
1626 1878 1787 1942 maturms
1804 1883 1832 1942 ct
1849 1879 2019 1943 conszcltius
2037 1879 2128 1944 dam

102 1962 262 2030 mimbuc:
278 1965 301 2044 ¹)
329 1966 365 2028 ut
385 1962 523 2046 quietam
550 1966 579 2027 et
603 1960 809 2042 tranquillam
827 1961 925 2024 citam
946 1978 1087 2042 aqamus,
1140 1961 1216 2024 nari
1238 1959 1435 2039 damnanda,
1459 1965 1487 2025 et
1508 1960 1678 2041 probanda
1693 1962 1828 2044 probari
1857 1969 1987 2045 queant:
2013 1970 2050 2029 ut
2064 1985 2128 2047 per

96 2069 181 2133 pace
198 2048 361 2132 fruamur,
384 2053 413 2113 et
432 2047 509 2129 fidei
529 2048 752 2115 increnterdum
773 2047 944 2112 uideamus.
988 2043 1087 2110 Prae·
1140 2049 1238 2110 totum
1261 2046 1364 2110 orbem
1385 2064 1490 2110 omncs
1511 2065 1575 2112 uno
1597 2067 1650 2112 ore
1672 2052 1700 2113 et
1721 2049 1828 2114 eadem
1842 2048 1920 2130 tidei
1937 2048 2128 2133 confessione

101 2142 189 2203 suec
204 2133 349 2201 hodatm
370 2139 405 2199 ut
422 2135 569 2211 ieiunant,
586 2134 697 2198 saltem
715 2132 851 2215 sinqulis
868 2131 965 2195 seretis
983 2130 1086 2212 feriis,
1138 2132 1309 2214 qlomficent
1321 2130 1435 2210 Deum,
1454 2136 1481 2195 ct
1496 2131 1627 2197 Patrem
1641 2131 1777 2198 Domini
1789 2136 1890 2199 nostri
1906 2133 1984 2200 Iesu
1997 2134 2125 2202 Christi

103 2223 144 2287 in
163 2221 350 2287 manniam
371 2220 539 2303 passionis
560 2217 704 2296 Domini,
727 2222 755 2282 ct
777 2218 984 2299 eleemosynas
1001 2236 1087 2296 parr-
1228 2216 1270 2280 In
1298 2217 1457 2282 sententiis
1478 2238 1549 2283 uero
1576 2218 1733 2297 dicendis,
1763 2221 1858 2284 iacta
1883 2220 2024 2286 Toletani
2049 2220 2127 2288 Gon·

98 2308 235 2392 parbem
255 2308 386 2390 crepent.
431 2305 474 2370 ln
496 2303 638 2370 Ecclesia
658 2309 762 2369 autem
779 2303 960 2381 cathedrali,
978 2303 1086 2383 sinqu
1141 2302 1210 2366 cilii
1233 2306 1400 2380 statutum,
1428 2305 1464 2366 in
1491 2303 1553 2368 loco
1577 2304 1798 2370 benedictionis
1819 2305 2049 2371 mmidmtibus
2070 2307 2124 2372 do-

104 2395 149 2462 lie
168 2393 293 2475 quintis
310 2392 419 2474 feriis,
440 2390 609 2457 celebretur
631 2388 739 2454 Missa
760 2390 798 2454 de
827 2387 952 2469 Spiritu
973 2392 1086 2464 sancta
1139 2389 1277 2470 minis²)
1299 2388 1518 2468 sacerdotibus,
1541 2389 1650 2454 nullus
1666 2389 1773 2455 debeat
1789 2395 1846 2456 out
1862 2393 2056 2457 immodestis
2073 2413 2126 2457 uo·

101 2499 176 2547 enm
195 2478 379 2557 maulay
422 2477 548 2543 etaliis
568 2475 762 2541 aratumbus
783 2475 826 2539 ad
848 2473 902 2538 hoc
922 2473 1086 2538 institutis.
1139 2474 1226 2538 cibus
1253 2480 1448 2556 perstrepas
1480 2480 1537 2540 aut
1574 2475 1759 2541 tumultibus
1792 2478 1993 2557 perturbare:
2024 2477 2126 2543 nubis

104 2563 151 2630 Iu
170 2565 251 2631 aliis
270 2583 343 2629 cero
471 2563 521 2642 iis,
545 2562 651 2628 mern
668 2563 720 2626 du
738 2561 895 2639 duantur,
918 2559 961 2623 ad
979 2560 1088 2623 mincis
1140 2560 1234 2625 ctiam
1258 2560 1370 2640 falsis,
1412 2560 1542 2625 canisoe
1574 2567 1630 2625 aut
1658 2560 1822 2627 obstinatis
1850 2563 2127 2644 disceptationibus
2247 2600 2252 2607 ·

103 2650 277 2726 mutae,
310 2653 339 2714 et
370 2651 533 2716 munna.
587 2648 736 2730 Tempore
764 2650 882 2724 autem,
906 2665 965 2726 quo
993 2664 1087 2710 sacro
1140 2646 1332 2710 contrane.-
1360 2645 1414 2710 sed
1441 2646 1597 2728 quidquid
1620 2648 1758 2726 dumus,
1785 2649 1993 2731 mitissimalt
2022 2648 2129 2716 cerbo-

97 2742 309 2822 poeaquntur,
329 2734 568 2818 cohoquutiones
589 2739 618 2797 ct
638 2732 900 2814 confabulationes
912 2751 974 2795 non
990 2729 1087 2812 fiant:
1138 2751 1212 2795 rum
1228 2731 1404 2811 prolatione
1425 2735 1626 2812 temperetur:
1649 2738 1685 2797 ut
1705 2753 1759 2798 nec
1781 2735 1945 2799 audientes
1966 2735 2126 2817 offendan-

104 2823 162 2891 acd
182 2842 235 2889 ore
256 2826 285 2888 et
306 2822 413 2887 animo
434 2820 598 2887 celebranti
620 2819 806 2884 adsistatur.
1139 2822 1200 2895 tur,
1219 2837 1273 2882 nec
1290 2818 1366 2882 recti
1385 2818 1500 2882 iudicii
1517 2818 1601 2884 acies
1616 2818 1800 2898 perturbato
1818 2821 1927 2885 anima
1941 2822 2127 2900 inflectatur.

191 2907 238 2974 Et
258 2907 409 2991 quoniam
437 2911 552 2989 oportet
573 2904 747 2987 Episcopos
769 2923 835 2969 esse
861 2879 1114 2996 irreprehensi-l
1165 2988 1171 2999 ·
1226 2901 1382 2984 lumper,
1411 2903 1483 2983 ipsa
1510 2923 1604 2968 sacra
1635 2903 1781 2987 Synodus
1808 2907 1935 2984 statuit,
1960 2926 1998 2971 ac
2022 2907 2127 2973 decre

104 2994 197 3074 boa,
228 2995 365 3073 scbrms,
397 2998 511 3071 castas,
540 2991 648 3057 domui
677 3010 755 3055 suae
783 2989 854 3054 bene
875 2989 1084 3071 praepositos,
1110 3010 1113 3067 j
1138 2992 1193 3066 oct,
1215 2989 1345 3069 quodsi
1363 2988 1444 3070 forte
1473 2990 1632 3072 cordiqerit
1654 2991 1778 3072 aliquos
1799 2991 1899 3056 debito
1921 2993 1957 3055 in
1978 2992 2041 3057 loco
2062 3012 2127 3056 non

104 3081 252 3147 hortatur
281 3084 356 3160 [pag.
379 3083 433 3159 ⁷2]
457 3079 567 3151 diam,
599 3082 636 3140 ut
662 3081 733 3142 ante
754 3076 877 3152 omnia,
899 3073 1029 3155 quilibet
1050 3073 1086 3137 in
1110 3072 1113 3175 J
1138 3074 1284 3153 residere,
1305 3079 1334 3138 et
1354 3075 1536 3139 sententiam
1559 3079 1634 3154 [pag.
1657 3081 1711 3155 74]
1733 3077 1828 3140 ctiam
1850 3076 1908 3140 sub
1929 3077 2019 3143 uerbo
2044 3077 2124 3143 Pla·

106 3187 215 3235 munao
248 3170 347 3232 servet
381 3164 576 3232 sobrietatem
609 3162 909 3241 nudantiortemque
934 3159 1084 3226 mmmm.
1138 3164 1182 3224 cet
1197 3161 1357 3242 proteme,
1385 3161 1669 3243 conqrcqotionibus
1690 3161 1858 3242 interesse,
1881 3167 1910 3227 et
1931 3162 2013 3228 alios
2035 3181 2125 3245 quos·

105 3252 293 3336 Dmum,⁸)
315 3271 413 3335 quum
429 3252 466 3315 in
483 3270 517 3315 eo
538 3248 601 3314 loco
618 3268 712 3330 saepe
729 3247 821 3312 otiosi
831 3265 988 3311 sermones
1004 3245 1087 3309 oriri
1139 3265 1258 3327 cunque
1279 3251 1370 3311 actus
1389 3246 1501 3327 facerc,
1527 3244 1665 3312 Concilio
1687 3246 1838 3312 domante:
1860 3248 1942 3313 nulh
1960 3254 2127 3329 propterea

104 3338 240 3421 acham,
269 3343 305 3404 ut
324 3338 359 3402 in
376 3338 520 3421 ipsorum
542 3333 772 3417 Episcoporum
797 3332 930 3410 mamis,
959 3331 1086 3397 diuina-
1110 3384 1113 3408 ,
1132 3331 1371 3412 praeiudicium
1385 3337 1555 3414 qeneretur,
1574 3331 1716 3414 nullmuc
1729 3352 1844 3397 nouum
1860 3333 1914 3398 ius
1925 3334 2127 3416 acquiratur.

671 3658 721 3723 us
744 3655 1004 3722 Decumum
1026 3655 1277 3723 succuum
1300 3652 1553 3757 sesamum.

193 3852 283 3935 Quia
315 3851 508 3917 honorabile
544 3869 615 3915 esse
648 3846 776 3912 concilii
811 3865 932 3909 nomen
963 3845 1086 3911 sciunt:
1111 3846 1115 3946 Ι
1140 3842 1316 3928 prudentia
1339 3864 1422 3927 opus
1444 3853 1503 3909 eet.
1548 3843 1664 3927 Neque
1683 3845 1789 3921 onim,
1819 3844 1873 3911 vel
1895 3867 1914 3910 a
1935 3848 2124 3931 praestigiis

106 3938 424 4007 commendationem
450 3936 528 4001 inde
550 3934 610 3999 sibi
631 3938 806 3999 accersunt
814 3934 843 4016 ⁴)
873 3931 962 4014 apud
982 3932 1087 3996 bonos
1140 3930 1258 3996 veleb
1281 3929 1458 3996 occultiore
1485 3929 1595 4012 aliquo
1622 3939 1698 3994 astu
1727 3930 1822 3995 nobis
1852 3930 2036 3996 cavendum
2063 3943 2123 3998 eat.

105 4026 210 4106 viros,
238 4023 356 4109 quibus
383 4030 463 4089 sunt
490 4022 601 4106 ignoti.
639 4018 726 4083 Nam
754 4016 834 4082 dum
862 4019 1089 4083 intumescunt
1140 4018 1286 4082 Tantum
1316 4016 1504 4100 aperiamus
1535 4014 1663 4094 oculos,
1704 4026 1738 4079 et
1770 4016 2006 4098 perspiciemus
2038 4018 2125 4084 nihil

106 4113 186 4178 istae
223 4109 440 4194 ampullae‚⁶)
467 4111 682 4184 acrosancta,
716 4105 922 4183 omumenica,
955 4109 983 4170 et
1017 4104 1088 4168 uni·
1139 4101 1321 4184 essequod
1350 4108 1420 4166 tum
1445 4099 1625 4184 splendidis
1648 4100 1753 4166 titulis
1781 4101 1971 4166 obtendunt.
2009 4100 2125 4183 Quum

107 4198 237 4265 meatu
256 4195 404 4281 synodus,
427 4195 462 4258 in
478 4194 597 4276 spiritu
615 4195 720 4256 sancto
738 4190 872 4272 lepitime
888 4193 1087 4272 conpreqata:
1138 4187 1345 4270 publicarent
1366 4187 1428 4253 hoc
1450 4187 1633 4266 decretum,
1657 4187 1778 4270 viginti
1802 4187 1886 4252 forte
1904 4189 2049 4271 episcopi
2071 4210 2124 4254 se-

107 4285 334 4369 perstringunt
351 4280 549 4364 simplicium
567 4277 685 4343 oculos.
721 4275 859 4354 Verum,
878 4283 915 4339 ut
933 4273 1085 4340 christia·
1139 4273 1269 4339 debant.
1313 4273 1368 4337 En
1390 4293 1448 4338 cur
1469 4272 1693 4338 universalem
1720 4271 1884 4355 synodum
1907 4295 1942 4337 se
1972 4278 2046 4352 [pag.
2068 4278 2122 4356 75]

111 4391 170 4435 nae
191 4367 371 4435 modestiae
393 4376 454 4445 est,
478 4365 633 4431 ecclesiae
655 4363 865 4427 autoritatem
887 4361 1011 4425 vereri:
1039 4360 1086 4422 ita
1138 4359 1319 4443 appellent:
1342 4378 1404 4424 neo
1422 4379 1460 4422 eo
1479 4361 1633 4437 contenti,
1656 4380 1719 4441 quc
1737 4359 1843 4442 magis
1862 4367 2009 4423 terreant
2026 4361 2123 4444 igna-

109 4464 141 4521 et
159 4455 354 4539 prudentiae
375 4462 425 4519 est
444 4450 703 4534 circumspicere,
721 4469 764 4511 ne
784 4447 893 4512 fallaci
910 4453 1086 4529 praetextu
1138 4464 1207 4524 ros,
1241 4465 1362 4510 nomen
1389 4465 1546 4528 graecum
1575 4449 1752 4527 usurpant,
1787 4443 1881 4527 quasi
1908 4465 1974 4510 vox
2005 4445 2122 4530 ignota

109 4540 198 4609 nobis
214 4539 321 4608 Satan
341 4537 467 4606 illudat.
504 4536 704 4619 Quanquam
724 4533 863 4599 hicnon
880 4540 950 4596 tam
969 4537 1086 4598 exacta
1137 4531 1207 4596 vim
1234 4529 1390 4596 habitura
1412 4531 1456 4595 sit
1482 4531 1629 4613 magicae
1658 4529 1899 4594 incantationis.
1945 4529 2013 4595 Sed
2042 4529 2122 4615 quid

1136 4621 1251 4680 tamen
1279 4615 1368 4682 valet
1396 4618 1605 4682 oecumenica
1633 4614 1803 4698 synodus?
1848 4615 1994 4681 Perinde
2022 4637 2060 4683 ac
2092 4617 2122 4683 si

1136 4702 1211 4785 quis
1238 4700 1341 4780 dicat,
1370 4698 1515 4784 undique
1540 4700 1738 4766 Tridentum
1767 4702 1968 4767 confluxisse
1996 4704 2122 4787 episco-

173 4818 205 4883 1)
224 4819 268 4873 Ab.
285 4814 478 4897 pro'omnibus
496 4811 657 4874 hominibiu.
2127 4829 2130 4836 .

172 4886 204 4945 21
222 4888 258 4941 at.
275 4886 383 4939 hunus.

172 4955 204 5087 ll
222 4956 258 5080 hl
274 4953 458 5078 lffilliuenc
474 5018 507 5073 de
526 5034 558 5073 ce
575 5023 710 5071 manteau.
1206 5008 1235 5073 1)
1255 5008 1290 5061 al.
1307 5011 1444 5064 miniates
1461 5009 1643 5065 ministrorum
1661 5007 1721 5065 Dei.

173 5094 204 5156 5)
222 5093 257 5148 ilz
278 5097 430 5147 antonnent
452 5103 498 5143 ces
521 5087 609 5142 beaux
632 5093 705 5140 mctz
724 5097 826 5139 comme
846 5081 903 5136 a’ilz
921 5081 1083 5151 souffloyent
1204 5076 1236 5140 2)
1254 5077 1289 5131 al.
1307 5076 1422 5133 Domini.

110 5176 142 5217 en
157 5179 209 5219 nne
225 5175 394 5217 carcamusa-
1204 5146 1235 5212 3)
1254 5146 1291 5200 al.
1311 5148 1349 5202 sic
1367 5147 1513 5202 mitissime.

209 5248 422 5317 Gabiniopcra.
462 5241 523 5298 Vol.
547 5239 617 5294 VH.
