4620 5894
183 193 251 260 707
767 185 1032 256 CONSENSIO
1054 186 1105 254 IN
1126 185 1191 256 llll
1213 172 1630 256 §acaemetarum
1986 268 1997 295 ἱ
2138 188 2205 255 708

182 387 271 446 uter:
295 378 375 464 quid
395 378 432 444 in
452 399 489 446 se
510 380 679 446 contineat
699 379 845 463 signum.
885 374 954 444 Sed
975 373 1061 441 nihil
1081 375 1166 441 mihi
1219 394 1298 460 erge
1320 375 1463 442 sufficiat
1484 374 1570 459 quod
1590 375 1685 459 panis
1708 383 1743 442 et
1763 377 1881 444 vinum
1902 376 2056 464 insigna
2074 378 2205 446 sintae

182 466 293 531 minus
324 464 529 548 propositum
559 465 623 531 fuit
654 485 753 548 quam
782 464 820 529 in
851 483 971 547 pmem
997 461 1167 529 inaludere
1218 462 1421 540 testimonia,
1450 462 1625 528 veritatem
1688 483 1744 528 rro
1765 462 1982 547 spiritualiter
2005 483 2206 548 quaeramus

183 550 312 618 Christi
323 569 450 635 eorpus.
484 549 574 633 Quid
587 546 1165 636 igiturvaletaontinendiverhum?
1218 546 1276 614 ubi
1293 547 1459 631 scriptura
1475 546 1620 615 inveniri
1659 554 1740 615 eeet.
1776 549 1882 616 Paulo
1895 549 2205 618 antesiahabetur:

181 637 310 720 Nempe
343 657 441 720 quem
473 637 568 703 nobis
606 636 752 703 iruetum
791 636 909 702 afferat
950 654 1070 702 eoenae
1109 640 1167 699 aut
1218 633 1266 701 Ut
1285 633 1422 700 Christe
1438 634 1612 718 potiamur,
1631 634 1728 700 aienti
1744 635 1840 700 nobis
1858 634 1913 702 hie
1930 655 1966 702 se
1983 637 2090 719 offert,
2108 659 2205 704 men·

181 722 338 808 baptismi
365 723 518 806 meaptio.
561 722 774 807 Baptismum
796 720 964 788 eontinere
985 719 1057 788 dieo
1080 718 1166 804 quod
1219 725 1269 786 tes
1291 741 1424 787 sursum
1445 721 1610 806 erigamus
1633 720 1692 786 ubi
1713 719 1868 787 Christus
1890 721 2076 789 habitatin
2097 723 2207 808 gloria

181 810 319 894 figurat,
352 829 420 875 nen
453 808 531 892 quia
562 807 746 892 spiritualia
778 807 905 894 gratiae
932 807 978 873 sit
1004 806 1166 891 quaedam
1218 807 1322 891 patris
1351 813 1385 871 et
1410 806 1499 872 unde
1527 827 1604 873 eum
1633 814 1863 891 exspectamus
1884 808 1920 874 in
1941 806 2206 894 redemptionem

181 895 286 962 veluti
307 893 420 975 theea,
443 894 501 960 sed
522 894 600 978 quia
621 895 787 961 Dominus
808 893 944 978 spiritus
966 894 1019 959 aui
1041 893 1167 960 virtute
1219 891 1379 959 ultimam.
1416 893 1487 960 Nee
1508 914 1587 960 vero
1605 893 1801 960 haereamus
1822 895 1859 959 in
1880 895 1984 979 signis
2005 897 2151 962 terrenis
2172 902 2208 961 et

182 981 274 1047 intus
299 981 428 1064 perfluit
456 980 543 1064 quod
571 988 710 1047 externo
734 980 829 1064 signo
853 985 1010 1059 testatur,
1040 986 1167 1045 utnon
1219 977 1351 1045 eadueis
1373 999 1457 1062 quae
1478 979 1580 1045 oeulis
1598 980 1774 1057 cernimus,
1797 1000 1880 1064 quae
1901 980 2076 1065 palpamus
2093 982 2204 1048 mani·

181 1067 295 1134 minue
317 1087 394 1134 vere
415 1075 576 1151 purgetur
597 1065 727 1134 Christi
751 1065 913 1150 sanguine
935 1066 1046 1131 anima
1067 1085 1167 1148 quam
1218 1064 1296 1144 bue,
1326 1071 1366 1129 ut
1386 1067 1422 1129 in
1443 1065 1510 1131 illis
1531 1086 1730 1148 quaeramus
1752 1065 1924 1137 Christum
1948 1086 1986 1133 aa
2008 1066 2038 1132 si
2058 1087 2149 1150 pane
2170 1073 2205 1134 et

182 1172 300 1236 eorpus
322 1173 409 1236 aqua
430 1152 584 1218 abluitur.
627 1151 724 1219 Idem
746 1151 842 1218 etde
864 1172 965 1218 coena
987 1151 1072 1216 dieo:
1098 1172 1165 1216 non
1218 1150 1296 1216 vino
1316 1149 1466 1217 inclusus
1488 1153 1574 1217 foret
1589 1152 1624 1237 ¹).
1669 1152 1763 1218 Haeo
1784 1154 1813 1218 ei
1835 1159 1869 1218 et
1890 1159 2017 1237 attente
2035 1153 2151 1238 legere
2171 1159 2205 1219 et

182 1238 343 1305 eontineri
365 1259 451 1322 pane
473 1237 600 1305 Christi
623 1258 743 1322 eorpus
771 1246 831 1303 aut
858 1238 938 1304 vino
960 1237 1166 1322 sanguinem,
1218 1234 1345 1319 plaeide
1367 1235 1555 1320 expendere
1578 1259 1647 1302 non
1669 1237 1876 1323 gravaberis,
1904 1239 1990 1305 nihil
2012 1239 2084 1306 fore
2105 1259 2205 1325 apere

181 1323 240 1392 sed
260 1325 423 1390 eentineri
442 1324 504 1390 hoe
522 1324 670 1409 symbolo
683 1325 853 1407 utriusque
870 1323 1166 1407 partieipationem,
1217 1321 1303 1406 quud
1323 1322 1498 1407 improbes.

181 1411 259 1495 quia
284 1431 354 1476 non
382 1411 492 1477 minue
518 1430 597 1477 vere
624 1409 777 1477 Christus
805 1431 840 1476 ee
867 1408 1044 1475 fruendum
1072 1408 1167 1474 nobis
1600 1411 1608 1425 ‘

181 1495 294 1563 tradat
326 1517 424 1646 {uam
457 1496 610 1562 minister
648 1517 768 1580 panem
798 1502 834 1560 et
869 1497 982 1563 vinum
1017 1495 1165 1580 porrigit
1290 1543 1320 1611 1)
1343 1542 1420 1612 Qum
1442 1544 1486 1600 hie
1509 1545 1607 1601 zm
1630 1546 1713 1602 verba
1735 1563 1769 1601 a
1788 1546 1894 1602 Fam
1906 1548 2100 1617 mmm
2113 1549 2204 1618 ΡΜ

180 1581 275 1682 ῌἏθῦ
292 1603 331 1647 0³
356 1604 417 1662 ems
440 1581 570 1682 (1ῑέοῇθῦ
587 1581 642 1682 hl?
660 1580 856 1682 ⁰⁰10l’fand9‘
873 1586 924 1647 eflt
946 1600 1039 1680 ⁸³9¹*ss
1057 1600 1166 1660 ⁰⁰⁰¹¹³r
1223 1629 1318 1669 aarum
1354 1615 1526 1668 neumaiam
1544 1615 1688 1684 &sumpta
1728 1621 1839 1673 restant
1853 1618 1885 1672 in
1903 1617 2021 1672 editam
2038 1617 2092 1672 hac
2108 1625 2204 1674 aem

183 1667 306 1734 diserte
328 1667 448 1753 populo
470 1667 647 1747 rnoulearr,
670 1674 764 1734 testis
786 1676 838 1733 est
856 1666 1002 1733 eolenms
1024 1665 1167 1731 formula
1223 1681 1292 1752 opp.
1315 1630 1388 1737 stom.
1414 1682 1606 1740 V1.001.200.
1692 1657 1700 1684 '

182 1773 249 1838 qua
269 1755 406 1833 utimur,
429 1755 523 1820 ouius
545 1753 626 1822 haee
643 1762 794 1821 extrema
810 1762 862 1820 est
879 1752 1040 1821 elausula:
1062 1752 1167 1818 Nobis
