4620 5894
186 210 246 272 391
861 205 985 274 AO'PA
1005 202 1187 272 SYNODI
1208 200 1530 270 mmeramme
2137 208 2200 273 392

184 395 296 497 potius
319 395 443 480 aliquid
465 395 704 482 emungebant,
734 416 833 478 quam
855 402 894 461 ut
918 392 1092 480 stipendiis
1113 413 1169 459 eos
1305 391 1403 457 Alter
1429 412 1557 475 quoque
1584 393 1719 458 nomine
1741 393 1959 493 Marinarius,
1972 393 1997 479 ¹)
2025 416 2068 461 ex
2089 394 2204 463 culina

183 489 348 548 iuvarent.
387 481 487 549 Nunc
503 503 583 548 vero
600 481 630 548 si
650 480 799 547 nondum
816 489 885 547 tam
901 500 987 565 pura
1003 486 1055 546 est
1072 500 1167 545 sano-
1221 476 1447 543 Oarmelitana
1467 477 1575 543 firmos
1598 478 1745 558 exhalat,
1768 499 1828 545 nos
1849 477 2036 545 hbertatem
2058 502 2203 566 orange-

186 573 286 650 taque
306 565 562 647 administratio,
585 588 683 652 quam
706 567 887 651 optandum
910 572 1012 645 esset,
1035 564 1082 650 pii
1103 564 1168 628 sal-
1217 562 1315 629 licam
1334 584 1431 629 omne
1450 584 1556 648 genus
1575 565 1769 649 corruptelis
1784 574 1986 649 praetexere.
2029 567 2142 651 Atque
2164 573 2205 633 ut

186 658 256 719 tem
276 659 426 737 pastores
447 654 599 732 aluntur,
629 653 686 736 qui
716 652 832 719 salutis
861 653 1009 720 doctrina
1030 656 1169 735 pascant
1220 648 1343 732 aliquid
1370 649 1553 734 elegantiae
1580 671 1617 716 as
1640 657 1771 735 ergeret
1798 671 1877 716 suae
1904 652 2062 732 arationi,
2092 652 2203 719 excla-

187 738 330 804 animas:
353 738 478 823 aliquid
498 740 535 804 in
557 737 687 805 scholas
709 738 928 822 impenditur:
951 739 986 802 in
1007 756 1168 822 pauperes
1219 742 1302 801 mat:
1333 732 1592 801 Ocoenumlo
1652 737 1724 802 besl
1771 736 1917 803 Tametsi
1947 737 2032 803 nihil
2058 736 2204 804 babeant

187 828 263 904 [pag.
283 828 337 903 52]
364 831 521 909 erogatur
540 824 616 908 plus
638 813 791 907 decuplo,
819 846 919 908 quam
938 823 1061 889 habere
1082 822 1167 889 sols-
1219 820 1351 900 frontis,
1385 841 1507 904 negare
1536 827 1653 921 tamen
1677 842 1744 886 non
1772 821 1955 922 audebunt,
2011 823 2070 888 uin
2096 824 2204 890 maior

186 916 277 975 rent:
300 910 467 976 confertur
489 911 589 976 etiam
611 910 772 977 nonnulla
792 912 900 994 portio
921 911 957 975 in
979 909 1061 975 alios
1077 929 1167 988 usus,
1220 906 1309 991 apud
1342 927 1377 971 se
1417 914 1588 991 grassetur
1620 908 1776 974 vrtiorum
1808 907 1952 1007 hcentra.
2027 908 2081 975 lus
2112 916 2203 976 certe

187 1016 250 1061 neo
270 996 440 1078 profanos,
468 1016 529 1061 nec
551 995 800 1079 reprehensioni
820 997 985 1062 obnoxios.
1030 996 1086 1062 En
1107 1015 1169 1060 cur
1220 990 1307 1075 apud
1329 1012 1389 1058 nos
1411 1012 1482 1058 ease
1499 1012 1599 1058 verae
1620 1001 1793 1077 castaeque
1810 995 2004 1075 retentatis,
2027 1000 2063 1060 et
2083 996 2203 1063 aretio-

188 1077 382 1164 direptroms
406 1081 602 1147 msrmulont
629 1088 762 1147 nostros
783 1081 943 1147 homines.
989 1079 1057 1146 Sed
1090 1076 1169 1163 quid
1219 1077 1267 1142 ris
1288 1076 1494 1162 disciplinae,
1516 1084 1617 1144 testes
1639 1086 1720 1145 sunt
1739 1079 1948 1163 quotidianae
1970 1086 2103 1146 nostrae
2123 1102 2204 1148 con·

186 1163 229 1233 ds
249 1166 407 1249 impedito
429 1167 523 1234 verbi
544 1167 610 1233 Dei
637 1188 736 1233 cursu
763 1166 910 1234 dicturus
938 1166 1035 1233 sum?
1081 1165 1168 1232 Gra-
1221 1163 1339 1229 ciones.
1395 1164 1441 1228 Et
1480 1169 1593 1229 tamen
1633 1164 1724 1231 huno
1757 1186 1872 1231 canem
1906 1186 1924 1230 e
1957 1185 2058 1232 coeno
2089 1165 2204 1233 foetidi

185 1251 360 1318 vissimum
381 1257 432 1317 est
449 1252 583 1318 crimen.
627 1253 770 1319 Prorsus
791 1254 920 1318 haereo.
964 1252 1045 1333 Vos,
1068 1273 1088 1316 o
1109 1271 1168 1317 ne·
1220 1248 1358 1315 claustri
1386 1268 1566 1329 emersum,
1595 1248 1679 1316 nihil
1706 1250 1808 1333 pudet
1829 1252 1877 1316 ita
1904 1250 1999 1317 nobis
2027 1251 2202 1318 oblatrare.

187 1337 263 1403 farii
281 1357 379 1402 verae
397 1337 566 1403 doetrinae
584 1338 812 1416 exstinctores,
834 1338 1052 1423 sacrilegium,
1076 1337 1168 1404 cuins
1220 1335 1325 1417 Atqui
1346 1335 1430 1400 votis
1453 1334 1627 1420 abrogatis,
1650 1337 1791 1402 refracto
1813 1336 1983 1417 caelibatu,
2006 1338 2109 1405 sacris
2126 1359 2204 1422 pre-

186 1423 235 1488 rei
253 1421 332 1489 estis
344 1443 453 1488 coram
464 1425 537 1490 Deo
550 1429 582 1488 et
594 1423 722 1509 angelis
741 1425 855 1508 ipsius,
879 1431 1013 1508 totoque
1032 1422 1167 1501 mundo,
1220 1419 1313 1486 cibus
1340 1421 1551 1505 contemptis,
1580 1421 1712 1488 calcatis
1738 1422 1884 1502 ieiuniis,
1912 1423 2042 1490 reiectis
2069 1430 2204 1507 patrum

183 1506 279 1574 nobis
301 1507 431 1574 audetis
451 1509 636 1594 imputare?
652 1512 659 1550 ¹
665 1525 677 1594 l
716 1509 831 1594 Neque
852 1517 964 1576 tamen
986 1509 1033 1576 sic
1054 1509 1091 1572 in
1108 1507 1168 1573 tali
1220 1505 1498 1584 institutionibus,
1544 1507 1745 1590 arripuimus
1785 1508 1988 1574 occasionem
2031 1508 2201 1592 peccandi,

184 1601 280 1660 coetu
301 1594 454 1676 loquutus
476 1616 547 1660 esse
567 1595 684 1659 miror:
712 1596 770 1661 ubi
802 1595 888 1660 nihil
909 1595 1057 1662 sciebant
1078 1595 1168 1659 futu·
1221 1592 1314 1674 quasi
1335 1592 1424 1657 vitae
1447 1590 1571 1657 ducem.
1617 1591 1733 1674 Qualis
1759 1593 1770 1656 i
1797 1593 1863 1658 ‘tur
1891 1595 2113 1678 apostolorum
2140 1595 2204 1661 fuit

184 1700 261 1744 rum
303 1679 465 1759 lausibile,
488 1681 553 1746 nisi
574 1678 663 1764 quod
686 1681 838 1764 nequiter
861 1679 987 1747 dictum
1009 1681 1102 1745 foret.
1220 1675 1312 1743 vita?
1335 1677 1453 1760 quibus
1473 1677 1607 1762 ignotus
1631 1679 1697 1743 fuit
1718 1699 1774 1745 cae
1787 1679 1912 1759 ibatus,
1938 1701 1999 1763 pro
2021 1701 2085 1764 quo
2104 1678 2204 1746 dimi·

272 1701 340 1830 ded
372 1765 459 1829 enim
494 1773 705 1831 accesserunt
737 1765 793 1832 alii
819 1767 1013 1845 monitores,
1048 1765 1168 1849 quibus
1221 1769 1299 1828 cant
1325 1767 1399 1843 [pag.
1421 1768 1475 1842 54]
1503 1763 1666 1846 papistae:
1698 1763 1759 1828 sub
1787 1763 1904 1848 quibus
1930 1766 2023 1831 nulla
2048 1766 2113 1831 fuit
2138 1788 2204 1832 un·

186 1871 284 1915 curae
305 1850 368 1915 fuit
389 1850 575 1930 emendare,
598 1851 626 1915 si
648 1850 727 1934 quid
748 1852 803 1917 vel
825 1852 993 1930 omissum,
1017 1851 1070 1917 vel
1091 1872 1167 1934 peo-
1222 1868 1319 1930 quam
1337 1856 1489 1914 votorum
1512 1848 1649 1914 mentio:
1679 1851 1735 1932 qui
1764 1849 1890 1920 nullam
1918 1853 1953 1914 in
1975 1852 2124 1918 ciborum
2146 1851 2203 1918 de-

186 1941 297 2002 catum
326 1936 434 2000 fuerat
461 1956 481 2000 a
507 1937 634 2020 legatis.
679 1937 826 2003 Exstant
853 1938 978 2020 aliquot
1004 1937 1168 2002 orationes
1220 1933 1307 1998 lectu
1318 1935 1547 1999 necessitatem
1564 1935 1795 2017 imposuerunt
1807 1937 2030 2003 conscientiis:
2049 1938 2107 2021 qui
2124 1958 2203 2003 oon·

184 2043 205 2086 a
223 2021 393 2087 monachis
410 2021 549 2100 habitae,
573 2043 654 2105 quos
671 2022 827 2089 credibile
845 2030 897 2088 est
913 2023 1019 2088 veluti
1036 2023 1168 2088 canales
1223 2019 1306 2083 tenti
1328 2040 1367 2083 ea
1390 2019 1515 2103 regula,
1538 2040 1637 2102 quam
1654 2020 1818 2086 Dominus
1842 2025 2105 2106 praescripserat,
2128 2023 2205 2088 nul·

184 2107 302 2184 fuisse,
330 2105 447 2188 quibus
468 2107 504 2171 in
526 2127 584 2172 ora
607 2113 739 2190 patrum
761 2109 896 2173 influxit
916 2110 1052 2192 spiritns
1075 2127 1168 2173 sanc-
1220 2103 1270 2169 los
1290 2125 1437 2187 unquam
1458 2105 1490 2168 le
1536 2126 1569 2168 m
1592 2113 1650 2170 aut
1672 2105 1886 2172 traditionum
1913 2107 2046 2191 laqueos
2067 2109 2204 2176 iniicere

185 2198 249 2257 tus.
293 2190 371 2256 Una
399 2193 499 2256 etiam
533 2192 675 2276 episcopi
702 2194 812 2259 nescio
840 2194 950 2271 cuius,
987 2216 1052 2278 qua
1083 2192 1168 2258 nihil
1220 2196 1401 2254 tentarunt.
1446 2126 1539 2254 Nihil
1562 2190 1709 2254 enimin
1731 2191 1825 2257 nobis
1845 2192 2081 2274 calumniatur,
2109 2195 2203 2260 cuius

186 2283 295 2360 potest
316 2277 461 2359 ineptius
482 2278 616 2342 omnino
644 2279 734 2361 fingi.
779 2279 873 2345 Haec
899 2299 998 2362 porro
1019 2280 1168 2344 omnium
1221 2294 1288 2339 non
1327 2274 1415 2339 idem
1454 2275 1624 2341 nobiscum
1666 2277 1792 2342 crimen
1832 2280 2017 2345 sustineant
2054 2279 2202 2362 apostoli.

186 2369 238 2428 est
260 2381 403 2427 summa:
426 2383 485 2429 nos
503 2363 658 2428 brevibus
677 2363 817 2429 decretis
834 2363 1020 2429 obruendos
1042 2365 1167 2448 csse:²)
1221 2358 1318 2440 Quae
1339 2367 1491 2425 votorum
1513 2381 1636 2444 genera
1656 2363 1887 2445 improbemus,
1911 2365 2104 2448 exscriptis
2127 2385 2204 2430 nos·

186 2448 265 2532 quia
286 2449 391 2512 fixum
412 2468 548 2513 manere
571 2456 736 2531 oporteat,
759 2449 845 2513 nihil
866 2449 904 2514 in
926 2471 987 2515 sua
1009 2450 1167 2528 doctrina,
1221 2446 1281 2510 tris
1304 2452 1442 2512 constat.
1487 2444 1658 2526 Quantam
1680 2449 1910 2530 spurcitiarum
1933 2449 2110 2516 colluviem
2132 2450 2205 2517 orbi

186 2541 362 2617 antequam
383 2533 557 2618 prodirent
585 2535 705 2613 nostri,
734 2535 850 2614 fuisso,
878 2535 944 2601 nisi
970 2536 1109 2619 probum
1132 2556 1169 2600 ao
1221 2532 1376 2597 universo
1405 2531 1556 2596 intulerit
1590 2552 1704 2597 eorum
1735 2534 1928 2613 caelibatus,
1963 2556 2060 2619 quem
2089 2544 2204 2603 sancto

184 2619 358 2685 sincerum.
404 2618 491 2700 Quia
512 2620 696 2684 Dominum
718 2620 842 2685 Iesaias
869 2642 1002 2685 murum
1024 2628 1057 2686 et
1076 2629 1169 2686 ante-
1221 2617 1372 2701 coniugio
1405 2623 1568 2681 mutatum
1602 2619 1765 2700 cupimus,
1805 2619 1933 2685 utinum
1972 2622 2082 2688 minus
2116 2628 2205 2689 esset

184 2703 314 2769 murale
336 2701 560 2788 Ierosolymae
577 2706 646 2770 fore
663 2706 839 2788 promittit,
865 2703 967 2772 Sotus
976 2710 1006 2791 ⁸)
1035 2706 1170 2789 quidam
1220 2711 1346 2767 notum.
1391 2700 1599 2768 caelibatum
1629 2704 1665 2767 in
1697 2706 1879 2772 iunioribus
1912 2706 2021 2773 viduis
2053 2714 2094 2773 ut
2124 2707 2204 2773 olim

187 2788 290 2873 (quod
313 2809 433 2854 nomen
454 2790 595 2855 bardum
623 2811 662 2855 ac
684 2791 818 2856 fatuum
846 2798 944 2858 sonat
963 2791 1078 2878 lingua
1099 2791 1170 2878 gal·
1221 2787 1346 2854 Paulus
1368 2809 1405 2852 re
1428 2788 1633 2868 rehenderet,
1657 2788 1718 2855 hoe
1741 2800 1934 2874 argumento
1957 2793 2119 2860 adductus
2139 2793 2205 2859 fuit

186 2873 264 2955 lice)
296 2873 418 2958 duplex
445 2875 601 2941 ecclesiae
632 2876 878 2943 munimentum
913 2879 1093 2962 excogitat:
1128 2899 1170 2942 ex
1222 2874 1299 2957 quia
1318 2809 1481 2972 quaedam
1496 2873 1545 2972 'ad
1568 2872 1729 2940 Satanam
1759 2876 1953 2977 defecerant.
1996 2878 2108 2944 Hodie
2128 2879 2205 2962 plus

186 2959 310 3026 divina
343 2965 417 3041 [pag.
442 2965 496 3041 53]
529 2968 562 3026 et
593 2961 749 3026 humanis
778 2961 917 3047 legibus.
962 2965 1009 3029 Et
1039 2965 1075 3029 in
1107 2963 1171 3030 hoo
1222 2979 1294 3024 esso
1315 2980 1352 3023 ιιι
1369 2959 1522 3026 claustms
1543 2961 1781 3026 monachorum
1803 2969 1837 3027 et
1857 2963 2052 3030 momalium
2071 2963 2204 3032 obseou-

185 3052 257 3111 tam
274 3045 377 3112 stulto
405 3054 592 3112 commento
613 3047 750 3132 perinde
773 3047 933 3128 exsultat,
961 3071 999 3116 ao
1028 3051 1171 3134 simag-
1221 3045 1351 3123 nitatis,
1373 3065 1472 3127 quam
1494 3045 1530 3109 in
1552 3045 1629 3111 ullis
1651 3046 1873 3132 lupanaribus,
1896 3049 1977 3115 satis
1999 3057 2204 3134 compertum

187 3131 323 3198 nificum
357 3130 397 3197 de
433 3133 529 3199 nobis
567 3133 774 3217 triumphum
814 3141 935 3218 ageret.
985 3136 1102 3221 Egone
1134 3135 1170 3200 in
1223 3136 1282 3196 ost.
1328 3129 1530 3213 Quocunque
1549 3137 1727 3215 penetrant
1748 3135 1895 3215 sacrifici,
1917 3136 2050 3219 signnm
2072 3135 2205 3220 aliquod

187 3217 385 3302 exagitanda
406 3218 469 3283 hac
490 3219 595 3285 bestia
615 3219 787 3302 perderem
805 3239 940 3303 operam
962 3227 997 3285 et
1017 3221 1169 3305 tempus?
1223 3236 1302 3282 suaa
1321 3215 1546 3300 impudicitiae
1567 3217 1765 3300 impressum
1793 3219 1994 3304 relinquunt.
2040 3220 2146 3304 Quasi
2167 3222 2205 3287 in

187 3303 292 3387 Atqui
312 3302 395 3368 mihi
413 3303 488 3388 plus
510 3306 591 3371 satis
612 3312 671 3384 est,
694 3326 766 3370 rem
788 3303 892 3390 digito
914 3305 1063 3373 breviter
1083 3307 1170 3373 indi·
1222 3302 1312 3367 hunc
1333 3301 1440 3368 solum
1460 3303 1561 3367 finem
1582 3302 1738 3388 prohibiti
1755 3305 1823 3370 sint
1845 3327 1865 3371 a
1885 3306 2047 3392 coniugio,
2070 3316 2109 3373 ut
2128 3307 2204 3374 libi·

188 3409 289 3454 oasse.
335 3388 423 3469 Quia
448 3411 545 3455 muro
571 3398 605 3455 st
633 3390 721 3457 vallo
741 3391 939 3456 muniuntur
960 3391 1073 3473 urbes,
1100 3393 1170 3458 Do-
1224 3387 1335 3453 dinem
1360 3407 1452 3452 suam
1471 3387 1582 3454 ubivis
1598 3389 1809 3472 profundant.
1844 3392 1891 3456 Ilt
1912 3398 1960 3458 tot
1977 3394 2205 3476 experimenta

187 3473 300 3540 minus
322 3496 357 3539 se
384 3496 488 3539 unum
513 3498 573 3560 pro
601 3483 741 3560 utroque
766 3477 835 3542 fore
863 3476 1050 3546 denunciat
1095 3477 1171 3546 Soti
1223 3495 1290 3539 non
1313 3479 1442 3538 tantum
1469 3472 1558 3555 apud
1585 3496 1645 3540 nos
1667 3476 1840 3556 valebunt,
1869 3485 1908 3542 ut
1930 3477 1996 3544 illis
2024 3479 2205 3547 caelibatus

189 3565 301 3624 autem
318 3561 545 3642 interpretatio
564 3562 691 3628 vallum
709 3562 932 3629 adhumanas
950 3563 1041 3649 leges
1063 3571 1171 3631 trans-
1221 3564 1399 3626 necessitas
1427 3559 1677 3710 remittatur‘ly
1722 3560 1914 3628 Christiana
1936 3565 2073 3644 ieiunia,
2095 3573 2130 3631 et
2151 3586 2205 3631 sa-

189 3643 269 3710 fert:
293 3665 354 3710 nec
376 3645 471 3711 aliter
492 3648 621 3713 restitui
638 3668 735 3730 posse
753 3647 911 3714 ecelesiae
933 3651 1045 3716 ruinas
1068 3650 1171 3728 docet,
1223 3666 1296 3711 orus
1323 3664 1439 3729 preces
1473 3666 1492 3708 a
1525 3645 1618 3712 nobis
1675 3649 1817 3727 amauri,
1850 3648 1998 3732 improbe
2031 3651 2203 3717 mentitur.

190 3750 291 3813 quam
312 3731 341 3796 si
362 3729 557 3815 interruptio
580 3754 600 3798 a
622 3733 715 3800 nobis
736 3734 824 3800 facta
846 3734 1015 3800 sarciatur.
1224 3728 1292 3796 Sed
1312 3730 1385 3794 ideo
1407 3749 1520 3795 secure
1541 3731 1634 3811 tacit,
1663 3733 1740 3815 quia
1766 3733 1889 3800 sciebat
1915 3743 2006 3800 tanto
2029 3757 2065 3802 se
2085 3737 2206 3802 maiori

1223 3836 1299 3882 oum
1317 3814 1437 3897 plausu
1455 3816 1629 3896 facturum,
1650 3825 1772 3899 quanto
1788 3820 1989 3903 petulantior
2005 3821 2042 3886 in
2064 3842 2125 3888 nos
2147 3820 2205 3889 de-

259 3951 289 4020 1)
306 3951 379 4007 C’est
397 3969 432 4006 un
457 3954 538 4007 crime
556 3954 700 4008 execrable
744 3953 773 4008 Si
793 3971 865 4010 nous
888 3971 923 4009 en
945 3957 1040 4011 avions
1062 3957 1091 4011 la
1109 3972 1171 4011 oon·
1222 3898 1411 4000 baqohando
1432 3900 1525 3999 fore-t*
1559 3901 1616 4000 Et
1636 3902 1771 4002 inteiim
1798 3910 1873 3985 [Μ’
1897 3911 1950 3987 ⁵⁵]
1973 3907 2080 4008 bom
2100 3929 2206 4008 ΜΨ

189 4021 296 4076 scisnce
313 4021 443 4089 charges,
466 4037 497 4076 oe
515 4023 600 4077 seruit
622 3994 708 4076 asscz'
718 4039 789 4091 pour
810 4039 881 4078 nous
903 4025 1001 4079 rendre
1023 4025 1087 4094 plus
1116 4043 1169 4094 que
1223 3986 1347 4086 ss⁰l¹⁰a⁰
1359 3983 1667 4067 hbertatfflvmdex’
1688 4010 1759 4054 ⁰¹⁰⁸
1775 3991 1913 4066 smum·
1936 3993 2099 4077 munst)
2122 3993 2205 4060 doh·

190 4088 298 4144 confux.
332 4088 403 4143 Mais
422 4090 512 4158 quoy?
547 4090 599 4145 Cos
616 4090 793 4146 malheureux
811 4093 930 4146 ennemis
948 4091 982 4146 de
1000 4094 1086 4149 verite
1124 4097 1170 4163 qui
1222 4080 1286 4138 1188
1316 4078 1353 4171 9¹}
1381 4070 1527 4172 f0mellt⁸
1559 4081 1655 4139 V⁰08t
1682 4074 1841 4158 quidquid
1869 4079 2040 4145 servilium
2066 4088 2119 4146 est
2148 4102 2204 4147 su·

188 4173 223 4214 ne
241 4157 404 4213 demandent
420 4173 472 4227 que
490 4155 644 4213 l’esteindre
659 4166 687 4212 et
703 4160 835 4229 encantir,
853 4175 922 4215 nous
939 4168 1069 4217 accusent
1085 4136 1119 4216 de
1138 4179 1169 4218 ce
1222 4164 1454 4242 pershtlonum
1480 4179 1516 4221 ιιι
1537 4167 1670 4241 papatu.
1715 4160 1842 4227 Mirum
1870 4185 1931 4229 cur
1951 4186 2019 4230 non
2046 4166 2205 4232 coalitum

190 4225 270 4295 qu’ilz
287 4225 355 4281 font
391 4226 479 4281 Cart
514 4244 549 4282 uo
584 4228 745 4283 travaillons
762 4244 840 4293 nous,
858 4230 936 4283 sinon
953 4229 1008 4284 afin
1026 4229 1169 4287 d’avancer
1243 4264 1285 4309 uo
1307 4264 1349 4308 ue
1376 4251 1490 4309 neom
1517 4251 1551 4308 et
1579 4246 1778 4311 ambrosiam
1805 4268 1824 4313 a
1869 4249 1913 4314 θη
1975 4251 2051 4315 rit⁴
2171 4250 2205 4317 ’ἁ

189 4295 218 4348 la
240 4295 346 4363 parolls
369 4295 403 4348 ds
419 4243 513 4350 nisui
543 4246 582 4349 dt
603 4294 734 4364 qu’estoe
752 4296 833 4364 qu’ilz
850 4299 1006 4353 machinent
1028 4301 1107 4354 sinon
1133 4301 1168 4355 de
1221 4265 1241 4328 q
1286 4264 1307 4327 q
1824 4269 1868 4332 pp
1915 4272 1975 4317 ave
2052 4253 2065 4331 )
2110 4251 2181 4334 qm

184 4361 312 4417 l’abolir?
331 4362 466 4443 'Mesmes
483 4365 547 4433 quel
565 4380 645 4419 cours
662 4383 680 4434 y
697 4365 816 4433 croit-il,
854 4366 926 4420 nand
944 4367 985 4448 les
1003 4368 1101 4424 choses
1120 4376 1169 4424 ont
1220 4329 1283 4395 1¹³⁰
1315 4328 1440 4412 pfflude
1477 4329 1599 4396 fam?
1645 4331 1771 4399 Panlus
1810 4334 2008 4401 ohffltiam
2039 4335 2204 4405 libem

185 4431 245 4484 este
261 4431 381 4486 redurtes
404 4449 438 4486 en
457 4439 529 4488 estat
552 4431 586 4487 de
603 4440 698 4488 nostre
717 4435 813 4489 coste?
875 4435 949 4505 oyla,
973 4435 1010 4490 ila
1028 4435 1104 4492 n’ont
1119 4439 1168 4492 nul

185 4497 270 4552 bonta
288 4506 317 4552 et
333 4515 368 4553 ne
387 4499 445 4555 s'en
462 4500 522 4556 faut
540 4502 650 4556 csbahir
668 4509 719 4557 etc.

254 4564 285 4631 2)
304 4566 368 4635 qu’il
388 4585 458 4627 nous
486 4570 546 4625 faut
567 4570 731 4625 condemner
762 4587 795 4624 en
819 4572 888 4625 trois
910 4580 984 4627 motz
1010 4589 1074 4630 sans
1099 4574 1168 4631 faire
1268 4567 1319 4650 ,1)
1337 4567 1403 4649 11]
1426 4583 1460 4623 111
1484 4585 1559 4623 11111
1589 4577 1667 4625 1111110
1692 4575 1799 4654 1101111116
1823 4572 1960 4644 Malim
1983 4575 2204 4660 1111111111οξ

181 4633 675 4774 ¹⁰n⁸dir⁰1ddhaprsneepsrmuc:
696 4716 782 4778 sotus,
799 4709 989 4765 minmcdat
1035 4712 1061 4765 ‘a
1102 4710 1167 4767 sat
1239 4635 1686 4788 lhurlrrddrsddridddnddgdis³m
1706 4643 2202 4770 prffifidwegb-fflpae

185 4771 229 4826 las
246 4771 344 4826 batn:
359 4771 383 4824 Il
400 4789 418 4841 y
436 4789 452 4826 a
470 4792 506 4828 un
523 4777 668 4832 venerable
687 4777 801 4832 docteur
818 4777 981 4848 despilliers
1017 4797 1035 4834 u
1054 4781 1166 4850 concile,
1219 4774 1291 4828 Λᾶν·
1320 4771 1389 4825 1545
1414 4780 1504 4829 1111111
1532 4791 1562 4828 111
1588 4775 1640 4829 Ph·
1667 4775 1774 4832 labbei
1797 4778 1899 4835 0011111·
1927 4781 1955 4834 T·
1982 4780 2066 4838 XIV·
2089 4781 2143 4836 999
2165 4781 2199 4849 0?-

186 4841 232 4963 gni
255 4855 284 4894 se
307 4856 413 4894 nomme
438 4840 487 4896 Sot
511 4843 560 4904 (on
581 4845 639 4898 voit
660 4846 723 4900 bien
743 4862 796 4914 que
821 4862 853 4901 oe
876 4846 947 4903 n'est
970 4865 1020 4917 pas
1042 4865 1079 4903 un
1103 4867 1166 4904 nom
1222 4842 1299 4911 Solia
1317 4842 1341 4896 Ι.
1359 4839 1419 4894 363.
1457 4841 1522 4896 Fuit
1539 4859 1573 4897 cx
1592 4844 1685 4898 ordine
1705 4845 1917 4927 Qmmehmmm.

205 4909 335 4975 eggffist),
355 4937 387 4947 -
405 4907 571 4964 Dominam
594 4909 659 4966 8020
679 4912 859 4983 smum&
884 4931 918 4970 eu
935 4917 1033 4972 oraim
1051 4917 1168 4971 praedi.
1288 4909 1318 4976 2)
1337 4911 1397 4964 leur
1413 4910 1552 4966 relasober
1574 4911 1602 4966 la
1623 4917 1758 4970 necessita
1781 4916 1862 5038 ‹brr'on
1885 4918 1944 4972 leur
1963 4935 1980 4973 a
1996 4920 2052 4974 mal
2069 4920 2199 4990 imposte,

184 4981 317 5045 amum,
345 4978 376 5031 ic
398 4978 477 5032 arod.
511 4977 695 5045 demptorem
724 4988 750 5037 et
774 4981 990 5040 Salmantiecnsi
1015 4986 1167 5056 professor,
1219 4998 1254 5036 en
1271 4980 1332 5034 11111
1348 4985 1513 5046 111111111111
1530 4981 1555 5034 ¹0
1573 4983 1692 5050 1111111181
1711 4999 1763 5052 (1111

184 5046 253 5100 obiit
279 5043 356 5098 1560.
394 5045 438 5112 Of.
455 5045 497 5101 Le
522 5046 593 5113 Pur,
621 5064 738 5103 monum
766 5050 846 5108 Ocno.
872 5052 949 5107 reo.
974 5053 1000 5109 1.
1024 5052 1065 5109 12.
1090 5054 1168 5124 Sultp
1289 5045 1320 5112 8)
1338 5047 1365 5100 le
1384 5047 1485 5102 scalas.

179 5113 212 5169 1.
229 5112 289 5168 365.
1287 5114 1318 5182 4)
1337 5115 1388 5168 boc
1403 5129 1507 5169 comm
1524 5117 1555 5171 in
1572 5118 1695 5174 aarum
1711 5123 1854 5180 omittitur.

1808 4987 1853 5040 ieu
1870 4986 1930 5042 leur
1948 5004 1965 5042 a
1981 4989 2091 5057 permis.
