4620 5894
121 206 163 269 ιι
492 148 498 153 ’
947 195 1012 261 nn
1035 191 1310 261 scanciam.
2091 202 2135 269 ιι

120 389 274 457 residere.
319 389 439 471 Atqui,
468 404 638 470 nunquam
666 384 773 468 magis
802 383 910 450 saevis
938 383 1099 451 bellorum
1151 388 1201 447 tot
1228 382 1405 448 lethalibus
1439 383 1564 449 morbis
1594 392 1779 450 extremam
1807 388 1972 473 evangelii
1999 388 2133 457 medici·

120 474 372 558 tempestatihus
401 493 577 538 concussus
608 471 697 537 orbis
725 471 804 547 fuit,
838 490 1008 552 nunquam
1030 480 1100 534 tam
1152 489 1230 532 nam
1241 468 1335 533 Deus
1353 469 1497 546 afferret,
1516 472 1917 553 tanquamexitiodevoti,
1942 473 2132 559 easuperbe

119 560 298 643 multiplici
326 558 553 643 prolimdaque
588 556 750 621 malorum
780 556 921 621 colluvie
950 555 1099 621 submer·
1152 554 1289 631 reiecta,
1317 554 1354 617 in
1380 556 1474 636 peius
1502 576 1599 621 ruere
1625 578 1694 621 non
1723 556 1930 624 destiterunt
1974 558 2072 625 Idem
2100 568 2134 627 et

121 668 187 712 sus.
232 645 309 712 Non
336 647 383 709 ita
410 645 445 708 in
473 643 611 709 obscuro
640 662 738 708 eausa
766 641 862 720 latet,
896 641 978 724 quin
1004 641 1099 706 facile
1152 639 1214 705 hae
1236 648 1351 704 nostra
1373 647 1479 706 aetate
1501 641 1675 707 observare
1692 642 1778 709 licet
1823 644 1919 710 Intra
1937 666 2057 729 paucos
2074 666 2133 712 an·

122 730 324 816 deprehendi
347 728 575 814 investigando
594 729 704 811 possit.
736 728 892 793 Nascitur
902 727 1100 809 Christus,¹)
1152 746 1212 790 nos
1236 726 1529 808 quampraeclara
1551 730 1752 795 renascentis
1781 731 1937 797 ecelesiae
1959 732 2057 797 initia
2077 753 2133 817 ap-
2192 756 2201 771 ·

120 838 189 901 pax
211 817 330 900 ubique
349 823 383 882 et
402 815 470 879 alta
491 816 591 898 quies.
637 812 869 899 Quadraginta
895 822 970 896 post
992 814 1098 889 annis,
1152 812 1352 895 paruissent,
1392 812 1536 895 collapsa
1569 812 1688 880 deinde
1718 824 1806 880 retro
1833 816 1979 883 vidimus
2008 818 2132 885 referri.

123 909 182 969 aut
208 903 352 978 circiter,
388 902 554 985 spargitur
580 920 639 983 per
668 899 817 966 diversas
843 899 959 964 mundi
986 899 1100 983 plagas
1151 896 1255 980 Atqui
1275 899 1467 980 priusquam
1491 899 1583 964 nobis
1610 899 1697 966 hane
1717 923 1857 985 poenam
1879 903 2044 987 irrogaret
2064 902 2133 970 Do·

121 989 226 1072 ipsius
253 987 469 1071 evangelium.
520 986 700 1069 Postquam
726 986 824 1071 longe
851 985 981 1068 lateque
1009 982 1099 1050 deto-
1151 987 1271 1061 minus,
1294 983 1508 1067 multiplicem
1531 983 1653 1068 ubique
1675 996 1708 1051 et
1730 987 1858 1052 foedam
1875 987 2022 1055 vidimus
2033 1011 2133 1055 evan-

121 1074 209 1152 nuit,
237 1082 393 1158 tanquam
415 1094 513 1138 versa
534 1081 670 1155 repente
697 1071 782 1151 alea,
809 1091 862 1137 res
883 1071 1007 1154 passim
1028 1078 1099 1135 tur-
1152 1069 1229 1153 gelii
1249 1069 1523 1152 profanationem:
1547 1079 1586 1135 ut
1607 1093 1672 1136 non
1695 1084 1765 1137 tam
1786 1072 1981 1140 admiranda
1997 1076 2134 1143 sithuoo

121 1160 285 1227 buleutae.
317 1158 416 1226 Unde
437 1165 508 1223 tam
525 1159 634 1225 subita
651 1159 798 1235 mutatio,
819 1158 883 1223 nisi
900 1156 1099 1240 quodDeus,
1151 1175 1235 1237 quae
1258 1154 1377 1221 accidit
1405 1156 1515 1221 subita
1536 1178 1645 1222 rorum
1675 1160 1817 1236 eversio,
1847 1181 1946 1243 quam
1974 1160 2134 1227 diuturna

121 1256 308 1327 contempto
330 1265 369 1310 ao
392 1245 513 1310 reiecto
535 1265 593 1309 suo
616 1244 802 1394 evangelio,
832 1264 897 1326 quo
919 1243 1032 1321 citius,
1062 1263 1099 1308 eo
1151 1240 1188 1304 in
1221 1239 1421 1306 sustinendis
1455 1245 1529 1320 [pag.
1556 1248 1610 1322 31]
1645 1244 1766 1309 saeculi
1799 1246 1905 1310 nostri
1936 1246 2133 1331 prodigiosis

120 1332 229 1415 magis
251 1331 371 1414 pelam,
397 1337 510 1394 tantae
531 1330 693 1413 ingratitu
715 1330 779 1395 inis
801 1327 924 1394 vindex
946 1327 1098 1393 exstitit?
1152 1326 1330 1392 sceleribus
1358 1326 1527 1410 patientia
1580 1326 1693 1408 Quum
1728 1337 1778 1394 tot
1809 1329 1983 1397 hominum
2017 1332 2130 1412 millia,

120 1416 238 1500 Itaque
260 1437 362 1498 quum
384 1415 506 1498 impuri
527 1414 686 1493 homines,
716 1412 873 1499 quidquid
895 1422 975 1479 tune
997 1414 1099 1478 malo·
1152 1412 1313 1495 abnegato
1335 1422 1467 1494 papatu,
1496 1412 1629 1496 cupide,
1659 1423 1697 1480 ut
1717 1415 1905 1496 videbatur,
1932 1417 2056 1484 nomen
2076 1417 2133 1487 de-

120 1522 197 1569 rum
219 1502 437 1579 exoriebatur,
459 1503 494 1565 in
516 1501 642 1567 Christi
665 1522 785 1566 nomen
807 1500 1013 1578 coniicerent,
1037 1500 1100 1582 piis
1152 1497 1278 1563 dissent
1298 1498 1479 1581 evangelio,
1502 1520 1601 1582 quam
1618 1501 1724 1583 pauci,
1746 1501 1890 1581 obsecro,
1911 1526 1932 1569 a
1953 1505 2044 1572 vitiis
2065 1507 2132 1573 suis

121 1587 279 1655 ecelesiae
312 1586 500 1652 doemribus
531 1596 722 1669 promptum
753 1586 831 1666 fuit,
876 1585 956 1652 adeo
989 1586 1100 1650 hrtiles
1152 1582 1383 1667 resipuerunt?
1428 1584 1516 1664 Imo,
1545 1586 1623 1668 quid
1651 1608 1731 1670 prae
1760 1608 1795 1652 se
1817 1588 1921 1654 maior
1942 1611 2023 1673 pars
2045 1591 2131 1672 tulit,

122 1694 237 1739 eorum
272 1672 454 1738 calumnias
489 1672 622 1737 diluere.
633 1674 662 1756 ²)
706 1671 796 1753 quid
829 1671 938 1737 enim?
985 1670 1100 1752 Quum
1152 1669 1217 1735 nisi
1239 1677 1277 1734 ut
1298 1690 1435 1735 excusso
1457 1672 1728 1752 superstitionum
1747 1673 1835 1757 iugo,
1858 1675 1999 1743 solutius
2015 1677 2132 1743 inom-

122 1780 239 1844 paeem
261 1759 324 1824 sibi
346 1780 366 1824 a
386 1759 459 1824 Deo
480 1758 625 1824 oblatam
646 1779 741 1842 reges
763 1778 801 1825 ae
821 1758 935 1842 populi
957 1757 1099 1840 sprevis-
1152 1776 1230 1820 nem
1262 1755 1430 1821 lasciviam
1463 1755 1650 1822 difflueret?
1708 1757 1821 1839 Quum
1853 1760 1980 1844 itaque,
2019 1783 2132 1829 veram

123 1854 206 1923 sent,
230 1865 341 1910 annon
353 1864 496 1927 aequum
507 1843 569 1909 fuit
581 1849 667 1908 inter
678 1865 713 1909 se
728 1843 899 1921 committi,
922 1852 960 1908 ut
976 1843 1100 1908 mutuis
1153 1861 1226 1906 esse
1252 1842 1436 1906 faterentur
1456 1844 1620 1927 evangelii
1648 1843 1845 1926 doctrinam,
1875 1850 2132 1931 quotusquisque

123 1930 316 1998 vulneribus
349 1929 518 2012 perirent?
573 1931 619 1994 Et
646 1929 724 2012 quid
762 1951 895 1995 manere
928 1929 1016 1994 inter
1045 1950 1100 1994 eos
1153 1927 1225 1991 eius
1260 1924 1452 2009 disciplinae
1487 1929 1607 1993 collum
1636 1931 1810 1995 submisit?
1855 1934 1981 1999 Annon
2010 1934 2045 1999 id
2071 1934 2132 2001 fuit

123 2024 233 2100 potest
253 2014 452 2093 ordinatum,
480 2017 535 2098 qui
558 2017 630 2081 Deo
652 2036 687 2080 se
709 2016 903 2081 submittere
926 2013 1099 2080 recusant?
1152 2013 1426 2100 inaestimabilem
1454 2015 1570 2079 salutis
1597 2016 1788 2081 thesaurum
1816 2018 2058 2100 quodammodo
2080 2041 2132 2102 pe·

124 2101 195 2168 Neo
217 2110 348 2166 tantum
369 2101 484 2184 loquor
511 2101 551 2167 de
573 2102 726 2184 professis
755 2102 904 2167 hostibus
925 2102 981 2183 qui
1001 2119 1101 2166 sanae
1153 2097 1249 2163 dibus
1279 2097 1425 2163 calcare?
1472 2101 1517 2164 Et
1556 2122 1635 2166 sane
1663 2101 1703 2166 do
1733 2101 1805 2168 eius
1837 2105 1943 2186 pretio
1977 2106 2131 2173 atrocitas

124 2188 257 2272 pietatis
279 2185 447 2253 doctrinae
476 2188 712 2253 contumaciter
741 2187 894 2252 reluctati
921 2196 1016 2264 sunt,
1043 2184 1101 2250 sed
1153 2203 1292 2267 poenae,
1323 2205 1408 2267 quae
1430 2191 1499 2250 tam
1521 2187 1717 2271 sacrilegum
1746 2198 1972 2273 contemptum
1995 2199 2134 2276 sequuta

123 2292 239 2338 eorum
260 2273 316 2354 qui
337 2294 456 2337 nomen
480 2276 554 2351 [pag.
574 2279 625 2351 30]
645 2271 779 2337 Christo
801 2271 979 2337 dederunt:
1002 2291 1101 2354 quam
1155 2277 1218 2347 est,
1248 2268 1424 2335 admonere
1451 2292 1511 2336 nos
1534 2272 1642 2354 potius
1665 2271 1778 2354 debet,
1807 2296 1905 2357 quam
1927 2276 1968 2342 de
1988 2278 2133 2344 fortuitis

122 2357 242 2443 frigide
265 2357 361 2423 multi
389 2368 422 2422 ot
445 2358 673 2439 contemptim,
707 2356 762 2421 alii
789 2379 888 2440 quam
910 2356 1036 2440 perfida
1057 2357 1101 2422 si·
1154 2355 1310 2422 ecclesiae
1339 2357 1569 2423 iactationibus
1599 2359 1757 2425 absurdas
1786 2362 1922 2445 gignere
1949 2363 1986 2427 in
2014 2363 2132 2429 animis

122 2445 302 2508 mulatione
331 2442 505 2509 Christum
530 2443 683 2513 osculati.
696 2443 795 2508 sunt?
849 2442 940 2525 Quos
968 2442 1101 2508 divinae
1153 2443 1276 2507 nostris
1298 2443 1476 2525 opiniones.
1523 2442 1614 2524 Quin
1635 2447 1743 2527 potius
1761 2448 1883 2511 mirum
1905 2455 1964 2526 est,
1987 2450 2025 2513 in
2043 2456 2133 2514 tanta

122 2531 160 2595 in
183 2530 245 2595 hac
266 2542 359 2611 parto
381 2529 566 2594 severitatis
589 2529 740 2611 exempla
761 2529 941 2607 offendunt,
972 2548 1101 2594 cessan·
1154 2536 1269 2593 nostra
1289 2528 1537 2611 ingratitudine,
1561 2528 1739 2614 quidquam
1760 2532 1882 2614 incepti
1901 2535 2005 2599 aDeo
2028 2536 2133 2620 operis

124 2625 192 2683 tem
214 2636 280 2680 non
309 2615 420 2679 minus
448 2614 566 2697 cupide
592 2623 778 2698 arguerent.
824 2616 880 2693 At,
904 2615 968 2681 nisi
989 2615 1101 2682 oeulos
1154 2612 1261 2679 adhuc
1283 2635 1417 2678 manere
1439 2614 1616 2680 residuum.

125 2701 254 2785 aperire
282 2701 406 2784 pigeat,
435 2701 684 2782 quibuscunque
714 2722 749 2764 se
775 2721 921 2783 unquam
949 2700 1102 2784 patefecit
1240 2699 1353 2777 Nunc,
1382 2699 1469 2764 unde
1492 2701 1665 2783 paululum
1694 2703 1861 2786 digressus
1884 2725 1991 2784 eram,
2022 2705 2131 2771 redeo:

124 2788 232 2865 Deus,
254 2806 314 2869 per
340 2807 394 2851 eos
416 2792 549 2851 tantum
570 2786 700 2853 stetisse
720 2787 963 2869 perspiciemus,
973 2787 1001 2869 ⁸)
1024 2807 1102 2868 quo·
1155 2786 1264 2851 Deum
1287 2786 1441 2851 eeclesiae
1464 2808 1542 2852 suae
1565 2788 1731 2853 custodem
1753 2789 1832 2854 hinc
1850 2789 1968 2856 melius
1990 2792 2134 2876 agnosci,

123 2872 237 2938 minus
258 2872 417 2938 eohocata
437 2873 472 2936 in
501 2880 572 2937 tuto
595 2893 708 2937 eorum
729 2871 866 2938 felicitas
895 2872 952 2937 diu
973 2884 1008 2937 et
1029 2893 1103 2954 pro·
1155 2871 1242 2954 quod
1261 2871 1380 2936 misere
1402 2893 1532 2955 sempor
1553 2882 1672 2940 vexata
1693 2875 1763 2952 fuit,
1786 2896 1884 2958 quam
1902 2878 1930 2942 si
1946 2877 2135 2945 intersum·

88 3012 91 3019 .
123 2959 192 3025 lixe
202 2958 405 3036 consisteret,
415 2958 443 3036 ⁴)
466 2976 528 3023 neo
546 2956 677 3022 aliunde
695 2977 794 3040 quam
812 2979 872 3023 sua
889 2958 986 3040 culpa
1003 2957 1104 3023 fuisse
1155 2978 1228 3021 mas
1250 2956 1497 3023 commoditates
1518 2970 1633 3042 pacata
1660 2960 1813 3043 laetaque
1840 2962 2016 3027 flomisset.
2061 2961 2136 3044 Quo

123 3045 271 3111 miseros.
305 3042 544 3128 lerosolymam
566 3044 689 3110 scimus
706 3044 807 3110 fuisse
828 3045 961 3122 fontem,
985 3063 1103 3126 exque
1156 3050 1303 3125 tempore
1324 3064 1445 3108 nomen
1467 3045 1531 3109 Dei
1559 3046 1593 3109 in
1614 3046 1738 3110 familia
1760 3043 1843 3112 Seth
1871 3047 2020 3114 invocari
2041 3069 2136 3134 eoep-

123 3133 159 3196 in
182 3129 317 3196 ultimos
339 3151 445 3212 usque
466 3138 576 3195 terrae
597 3131 681 3194 fines
703 3129 794 3196 salus
816 3129 982 3212 profluxit.
1026 3128 1104 3194 Ple·
1157 3136 1229 3192 tum
1250 3128 1373 3194 Moisos
1396 3138 1518 3208 narrat,
1542 3152 1610 3196 non
1631 3131 1769 3197 dubium
1791 3135 1869 3215 quin
1892 3132 2019 3200 soboles
2041 3135 2136 3215 Cain,

123 3237 204 3282 nam
220 3215 553 3281 illii'nstaurationem
571 3215 808 3298 pollicebantur
819 3215 946 3282 Christi
959 3215 1105 3281 adventu
1157 3221 1196 3278 ut
1217 3234 1355 3280 numero
1382 3214 1556 3280 hominum
1583 3227 1617 3280 et
1639 3218 1775 3283 audacia
1803 3220 1952 3302 superior
1974 3229 2061 3299 erat,
2089 3222 2137 3287 ita

125 3302 236 3367 omnia
263 3302 500 3385 prophetarum
527 3302 688 3368 vaticinia
733 3302 850 3386 Longe
878 3309 988 3368 autem
1010 3321 1105 3368 secus
1158 3298 1315 3366 adversus
1337 3321 1459 3383 paucos
1480 3301 1567 3379 illos,
1597 3302 1794 3386 eosdemque
1815 3314 2005 3372 mansuetos
2031 3307 2137 3373 homi·

126 3387 253 3454 accidit.
297 3387 385 3451 Nam
407 3408 508 3469 quum
530 3388 587 3452 vix
615 3396 750 3454 tenuem
772 3386 923 3453 umbram
945 3389 1106 3453 retineret
1157 3407 1216 3451 nes
1237 3385 1313 3469 plus
1336 3407 1435 3470 quam
1456 3387 1606 3453 ferociter
1628 3409 1664 3453 se
1685 3390 1849 3456 extulerit.
1894 3391 1960 3472 Qui
1983 3400 2138 3476 poterant

124 3475 284 3558 pristinae
307 3471 487 3556 dignitatis,
511 3493 577 3537 non
594 3470 690 3538 modo
734 3473 800 3538 uod
821 3474 986 3557 reliquum
1005 3473 1106 3538 habe·
1156 3472 1259 3555 igitur
1287 3472 1365 3556 agni
1392 3474 1479 3538 inter
1506 3473 1600 3556 lupos
1628 3474 1751 3540 diutius
1779 3477 1861 3542 salvi
1888 3499 2039 3555 manere,
2072 3479 2138 3544 nisi

128 3559 183 3623 bat
204 3558 302 3640 paulo
324 3565 398 3640 post
417 3558 541 3635 amisit,
572 3557 630 3623 sed
651 3497 800 3625 funditus
820 3561 892 3643 ipsa
914 3560 1024 3625 diruta
1042 3559 1106 3624 fuit
1158 3557 1311 3623 auxiliari
1324 3559 1390 3624 Dei
1411 3580 1513 3623 manu
1535 3560 1612 3625 tecti
1634 3561 1794 3626 fuissent?
1829 3561 1996 3628 Continuo
2018 3563 2138 3632 deinde

125 3663 165 3709 ac
185 3644 221 3707 in
244 3652 373 3707 vastam
395 3640 606 3708 solitudinem
627 3644 808 3725 redacta.⁶)
853 3646 895 3711 In
916 3644 1105 3728 quaerenda
1157 3643 1313 3726 temporis
1335 3665 1502 3723 successu,
1524 3667 1590 3710 una
1612 3667 1687 3710 eum
1713 3647 1849 3725 mulitia,
1872 3651 1923 3714 vis
1945 3670 2074 3733 quoque
2095 3649 2138 3717 ad

125 3735 194 3794 tam
225 3727 318 3811 prodi
342 3729 431 3792 iosae
462 3729 578 3793 ruinae
611 3750 711 3795 eausa
744 3751 803 3795 cur
837 3750 934 3795 nemo
967 3731 1104 3809 laborat,
1158 3729 1344 3794 nocendum
1365 3730 1523 3812 improbis
1544 3732 1657 3797 erevit.
1702 3734 1758 3796 An
1776 3733 1921 3799 dicemus
1943 3735 2138 3804 humanitus

126 3815 191 3881 nisi
209 3814 296 3898 quod
318 3749 491 3896 desperata
512 3815 622 3897 gentis
635 3815 787 3898 impietas
800 3836 932 3881 causam
946 3837 981 3881 se
1002 3816 1106 3880 fuisse
1158 3815 1296 3891 stetisse,
1318 3815 1374 3897 qui
1396 3817 1484 3881 inter
1505 3824 1553 3881 tot
1574 3818 1710 3882 infestas
1733 3819 1854 3885 bestias
1866 3820 1991 3887 similes
2001 3841 2138 3905 oppres-

7 3942 11 3951 ·
127 3908 240 3985 aperte
274 3899 444 3966 clamitat?
494 3899 674 3983 Nunquam
707 3900 787 3966 adeo
819 3901 927 3968 saevis
959 3901 1106 3967 cladibus
1159 3899 1205 3965 sis
1227 3898 1410 3983 degebant?
1454 3902 1528 3967 Nisi
1549 3903 1632 3967 forte
1654 3912 1749 3984 putet
1770 3907 1950 3989 quispiam,
1985 3909 2138 3993 gigantes

126 3989 217 4053 intra
238 3986 397 4070 exiguum
419 3986 575 4068 temporis
598 3986 741 4069 spatium
763 3987 886 4053 afflicta
906 3988 971 4053 fuit
988 3988 1106 4063 Roma,
1159 3983 1381 4050 moderatione
1408 3987 1508 4053 fuisse
1533 3988 1709 4065 cohibitae,
1739 3998 1778 4056 ut
1805 3993 1865 4074 piis
1893 3993 1956 4058 sibi
1984 3995 2139 4061 obnoxiis

126 4094 226 4157 quam
247 4095 290 4139 ox
311 4092 375 4155 quo
394 4071 474 4137 illue
496 4071 704 4155 evangelium
715 4086 921 4155 pervenerat.
955 4072 1023 4155 Qui
1041 4074 1107 4138 fac·
1158 4078 1346 4154 parcerent:
1376 4072 1494 4155 quibus
1516 4096 1565 4153 se,
1595 4088 1752 4157 tanquam
1774 4098 1879 4160 genus
1901 4078 2138 4160 adulterinum,

127 4170 199 4224 tum
220 4169 272 4225 est
293 4168 331 4223 ut
352 4158 388 4222 in
409 4178 474 4240 qua
496 4155 576 4221 urbe
599 4156 724 4222 tamdiu
752 4168 901 4243 grassata
922 4172 972 4225 est
991 4160 1108 4225 effrae-
1159 4164 1321 4223 noverant
1349 4180 1420 4223 esse
1447 4159 1663 4226 detestabiles.
1678 4165 1703 4245 ¹)
1746 4163 1864 4227 Restat
1893 4164 2029 4230 tandem
2050 4187 2139 4233 unus

126 4246 179 4309 nis
201 4244 307 4327 plebis
328 4243 438 4322 libido,
462 4244 607 4309 nefariae
628 4244 787 4310 factiones
810 4243 996 4310 dominatae
1017 4254 1106 4323 sunt,
1160 4243 1259 4308 homo
1281 4265 1357 4309 eum
1379 4247 1500 4329 exigua
1520 4246 1655 4312 familia.
1689 4247 1803 4315 Iussus
1822 4272 1841 4313 a
1859 4248 2003 4316 Domino
2026 4272 2139 4317 arcam

127 4338 162 4395 et
188 4329 322 4396 tandem
357 4330 539 4413 importuni
568 4331 719 4414 tyranni:
755 4329 823 4394 illio
857 4332 959 4395 fixam
987 4330 1107 4396 habere
1158 4328 1327 4407 fabricare,
1349 4351 1408 4412 per
1424 4352 1529 4396 annos
1547 4340 1679 4397 eentum
1702 4339 1776 4412 [pag.
1796 4340 1849 4413 32]
1866 4345 1900 4399 et
1919 4337 2038 4420 viginti
2060 4360 2139 4404 eon·

128 4415 240 4480 sedem
252 4415 379 4482 Christi
396 4437 536 4500 regnum
558 4436 626 4480 non
648 4415 814 4500 potuerit?
847 4416 984 4500 Nempe,
1007 4438 1108 4500 quum
1159 4416 1269 4480 tinum
1291 4437 1405 4481 eorum
1426 4419 1481 4500 qui
1503 4439 1638 4500 prorsus
1661 4420 1697 4483 in
1719 4418 1830 4484 Deum
1851 4421 2064 4489 insaniebant
2084 4446 2140 4490 ra·

1160 4500 1245 4566 biam
1274 4502 1309 4566 in
1342 4523 1377 4567 se
1405 4512 1569 4586 pmvoeat
1613 4504 1746 4569 Novum
1773 4508 1862 4571 enim
1892 4509 1978 4573 vitae
2006 4510 2140 4595 asylum

199 4634 228 4700 1)
247 4636 383 4692 Nascente
401 4638 509 4693 christo
528 4639 605 4692 Bm
623 4645 648 4693 et
665 4639 751 4692 Ama·
1159 4587 1346 4668 quaerendo
1367 4589 1478 4672 palam
1500 4590 1653 4655 omnibus
1672 4591 1846 4657 interitum
1856 4594 2013 4660 minatur.
2047 4595 2140 4677 Quo-

198 4702 229 4769 2)
248 4704 321 4758 Ado.
347 4723 448 4761 comme
471 4724 540 4762 nous
569 4724 672 4776 voyons
695 4724 747 4776 que
766 4707 931 4775 Tertullion‚
959 4707 1106 4776 Laetanca
1159 4679 1221 4772 m
1248 4682 1401 4756 putamus
1425 4697 1544 4776 ,eifum
1559 4677 1728 4775 ,⁰⁰¹²Vi9ii5
1750 4684 1783 4742 ⁰¹⁵
1803 4678 2011 4760 impmbitate
2033 4681 2140 4749 ¹²⁰⁰*

130 4772 160 4826 S.
178 4772 311 4839 augustin
330 4781 358 4828 et
375 4783 468 4830 autres
486 4777 554 4830 bons
573 4776 700 4830 deuteurs
725 4776 792 4831 l'ont
809 4776 867 4830 fait.
903 4776 956 4831 Car
973 4792 1025 4845 que
1044 4794 1106 4832 sau·
1158 4767 1261 4824 fllium
1288 4781 1348 4842 ΡῙὌ
1369 4761 1432 4826 D⁰¹
1460 4770 1588 4827 lusum
1616 4772 1735 4829 amtor
1761 4764 1925 4830 fflsifflffi?
1971 4766 2014 4832 1¹¹
2042 4775 2139 4834 mm

129 4841 184 4895 roit
203 4855 238 4893 on
255 4842 408 4910 replioquer
427 4850 519 4897 contm
539 4851 612 4898 ceste
631 4845 761 4900 defense?

199 4906 230 5042 ἒξ
247 4912 443 5031 widem
461 4927 510 4965 om.
524 4914 663 4980 prinecps.

301 4994 382 5046 acopo
398 4979 491 5034 babet:
509 4983 695 5036 constitueret.
1228 4981 1257 5047 1)
1278 4981 1351 5036 Ado.
1368 4999 1491 5052 parquoy
1508 4984 1528 5037 il
1546 4985 1824 5054 estvray-somblable
1840 4985 2138 5060 qu'ilsleshaissoyent

199 5045 229 5112 5)
248 5045 323 5101 Aac.
349 5064 383 5101 en
412 5055 486 5102 sorte
508 5047 572 5115 qu'il
600 5051 701 5106 semble
732 5065 784 5119 que
808 5051 835 5106 la
859 5067 946 5107 venue
971 5051 1005 5106 de
1028 5051 1105 5108 lesus
1158 5050 1373 5106 mortcllemonts
1402 5060 1429 5106 et
1456 5052 1496 5106 los
1523 5060 1635 5107 oussent
1663 5054 1745 5108 voulu
1772 5072 1883 5123 manger
1910 5064 1974 5112 tous
2001 5056 2054 5113 viis
2081 5059 2138 5116 s'ils

129 5115 222 5171 Christ
240 5117 279 5170 ait
297 5118 355 5171 esta
374 5132 405 5171 sa
422 5116 582 5171 desolation.
1159 5126 1270 5175 eussent
1288 5135 1350 5189 peu.
