4590 5902
72 255 134 319 657
807 245 1169 314 REFORMANDAE
1191 248 1346 317 RATIO.
2024 255 2089 320 658

72 441 177 519 ahiae,
214 440 339 505 mentio
368 437 468 502 nulla.
515 434 652 515 Quoties
680 456 758 519 ergo
791 436 938 503 eitantnr
974 435 1049 502 libri
1102 456 1242 518 poenam
1265 446 1354 502 uerte
1376 438 1558 515 horrerent,
1582 460 1682 521 quam
1703 440 1812 522 impiis
1829 439 2011 523 scripturae
2033 463 2088 508 aa·

71 529 135 607 isti,
157 528 301 594 seiamus
322 524 427 608 ignoti
449 543 520 588 esso
542 520 720 607 seripturis,
743 530 864 588 utnon
886 522 967 588 adeo
990 544 1049 587 an·
1101 542 1175 588 orae
1197 524 1445 606 corruptoribus
1466 525 1615 608 eogimur
1636 525 1820 607 improbari,
1845 532 1990 609 etquam
2007 549 2085 611 pro·

72 615 170 698 tiqui,
192 611 280 696 quod
304 618 338 676 et
360 609 466 694 stylus
494 609 579 690 ipse,
596 611 621 692 ¹)
651 616 683 673 et
705 618 940 692 argumentum
962 609 1050 674 olare
1101 608 1154 674 eul
1187 607 1285 674 dubio
1326 608 1501 693 aliqnando
1536 611 1626 677 Deus
1658 616 1799 694 expetet
1855 612 1903 678 Ut
1934 612 2085 680 vicissim

72 699 284 766 demonstrat.
329 696 377 761 At
396 693 654 779 Ohrysostomus
676 693 831 776 apostolis
850 696 915 760 fert
936 715 1051 777 aeoep·
1101 713 1231 760 oremus
1254 695 1310 759 alii
1331 715 1390 777 pro
1412 696 1496 774 aliis,
1519 696 1658 763 Iaeobus
1671 718 1731 763 nos
1744 704 1866 775 monet,
1889 718 1992 781 quum
2003 708 2084 766 ante
2144 766 2150 777 ,

72 787 197 868 tumst)
219 802 347 865 nempe,
371 779 494 845 utalia
516 780 687 863 permulta,
711 801 795 862 quae
824 801 926 864 quum
949 779 1049 864 vulgo
1100 781 1320 862 praesepisset
1341 780 1382 846 de
1409 790 1528 847 mutua
1555 783 1758 848 eonfessione
1780 783 1861 868 (Iao.
1882 790 1911 862 b,
1933 786 1999 867 16).
2043 783 2086 852 Si

72 879 203 955 reoepta
224 877 349 945 essent,
379 878 492 931 tamen
518 867 649 950 ignotae
671 875 767 930 erant
788 866 934 950 originis.
979 866 1049 932 Da-
1101 865 1351 948 eomprehendit
1389 867 1425 932 in
1459 866 1521 934 hoo
1554 865 1668 934 ordine
1701 874 1863 946 mortuos,
1905 877 2083 957 resurgant

72 977 261 1024 massenum
281 954 338 1037 qui
357 953 525 1036 legerunt,
554 951 583 1017 si
609 951 742 1016 nnioam
769 951 893 1018 habent
920 952 1050 1018 unoiam
1100 958 1239 1032 oportet,
1268 973 1306 1018 ao
1327 954 1545 1018 eonfiteantur
1566 953 1660 1019 nobis
1682 960 1815 1036 peooata
1836 976 1911 1021 sua:
1941 955 2084 1022 alterum

72 1044 143 1109 sani
175 1038 303 1117 iudioii,
336 1060 403 1103 non
430 1037 571 1103 multum
592 1037 663 1103 eins
693 1038 862 1103 autoritati
891 1037 1048 1104 delerent.
1101 1037 1193 1101 enim
1213 1058 1288 1102 oum
1310 1037 1415 1104 altero
1437 1039 1616 1123 ooninngit.
1660 1040 1734 1124 Ego
1753 1061 1830 1105 vero
1849 1040 1960 1107 Iaoobi
1982 1042 2085 1108 verba

72 1127 156 1209 Quis
173 1127 279 1193 nesoit
290 1125 408 1208 puellis
419 1123 612 1201 infantibus,
634 1143 737 1206 quum
754 1122 894 1190 adhuoa
912 1125 1052 1191 nutriris
1101 1122 1207 1187 multo
1236 1124 1344 1206 aptius
1371 1125 1406 1188 in
1434 1144 1490 1190 eos
1519 1134 1705 1209 retorqueo:
1745 1125 1876 1209 qnando
1903 1147 1958 1193 eos
1986 1127 2083 1206 solos,

71 1233 216 1280 mamma
240 1209 436 1293 penderent,
463 1221 595 1275 veteres
617 1208 850 1275 eueharistiam
873 1210 951 1275 dare
974 1210 1050 1276 soli-
1101 1210 1158 1291 qui
1179 1209 1398 1274 eommuniter
1417 1209 1583 1290 laborant,
1610 1211 1703 1278 iubet
1730 1213 1817 1277 inter
1843 1233 1879 1278 se
1901 1213 2085 1280 eommuni-

71 1298 181 1379 tos?⁸)
227 1299 336 1379 Atque
357 1294 447 1362 hune
470 1315 595 1360 morem
616 1294 731 1378 prooul
753 1293 851 1360 dubio
869 1317 905 1362 se
922 1317 964 1361 ex
982 1304 1049 1361 tra·
1102 1312 1176 1360 esre
1198 1304 1331 1360 mutuas
1350 1316 1482 1378 preoes:
1511 1303 1658 1362 mortuos
1687 1319 1758 1363 esse
1785 1297 1996 1378 omittendos,
2025 1298 2083 1382 qui

71 1384 195 1451 ditione
215 1382 393 1465 apostoliea
415 1380 536 1447 habere
555 1380 724 1462 putabant.
753 1380 828 1448 Hoo
850 1380 1049 1467 Cyprianus,
1100 1381 1168 1444 iam
1190 1380 1259 1446 suis
1279 1379 1446 1448 laboribus
1462 1392 1541 1448 snnt
1556 1383 1728 1465 perfuncti.
1761 1382 1912 1464 Iaoobus,
1933 1385 2082 1468 inquam,

71 1470 308 1554 chrysostomo
325 1466 737 1551 etAugustinosliquanto
754 1467 929 1550 antiquior,
947 1467 1049 1534 dixis·
1100 1487 1169 1531 non
1198 1465 1279 1531 alios
1306 1467 1458 1550 preoibns
1483 1469 1604 1545 nostris
1637 1467 1861 1548 sommendat,
1894 1491 1995 1553 quam
2025 1470 2082 1554 qui

71 1565 129 1624 set
151 1556 352 1621 Perversnm
364 1552 1049 1630 tamenfuissemorem,etaOhristiinsti·
1099 1559 1278 1616 versantur
1305 1551 1414 1617 adhno
1442 1553 1688 1635 inpraesentia
1716 1554 1805 1620 vitae
1833 1555 2080 1622 oertaminibus.

70 1639 364 1717 tutionealienum,
387 1646 527 1705 testatur
540 1638 620 1704 haee
631 1638 729 1703 Pauli
739 1640 904 1705 sententia
926 1642 957 1723 (l
973 1640 1048 1706 Gor.
1100 1636 1228 1702 Contra
1248 1639 1411 1722 seriptura
1431 1639 1544 1705 beatos
1565 1641 1770 1721 pronunoiat,
1791 1641 1848 1723 qni
1865 1641 1996 1706 suntin
2013 1642 2084 1707 Do·

73 1733 121 1805 ll,
144 1730 217 1811 28):
239 1725 363 1791 Probet
384 1726 551 1807 seipsum
572 1723 680 1801 homo,
703 1725 805 1790 etsie
827 1723 868 1790 de
889 1726 1048 1808 pausillo
1100 1723 1191 1788 mino
1212 1725 1351 1802 mortui,
1379 1745 1417 1789 eo
1439 1725 1526 1807 qnod
1548 1726 1615 1791 iam
1642 1726 1892 1809 requiescente
1915 1726 2082 1794 laboribus

71 1819 146 1894 [pag.
169 1815 244 1891 177]
267 1809 350 1887 edat,
373 1821 407 1876 et
424 1810 464 1876 de
481 1809 580 1875 ealioe
593 1808 691 1874 bibat
723 1810 877 1892 Denique
889 1813 1049 1894 posterior
1100 1809 1177 1874 suis.
1221 1807 1260 1875 Si
1281 1810 1328 1874 ita
1349 1820 1412 1889 est,
1440 1809 1518 1894 qaid
1539 1810 1605 1875 illis
1626 1811 1780 1895 opitulari
1807 1819 1931 1895 queant
1951 1822 2085 1879 nostrae

70 1910 161 1965 aetas
190 1917 258 1963 non
283 1897 447 1962 immerito
473 1896 624 1961 eorrexit.
669 1892 758 1976 Quid
779 1896 945 1979 igiturex
966 1897 1048 1964 falso
1099 1894 1232 1977 preoes?
1276 1896 1325 1960 Et
1352 1904 1464 1961 tamen
1491 1916 1630 1980 magnae
1658 1899 1694 1962 in
1721 1897 1840 1963 fratres
1868 1895 2085 1977 erudelitatis,

68 1983 257 2051 traditionis
282 1984 414 2048 nomine
441 1982 553 2048 fuoum
580 1981 635 2046 isti
662 1981 789 2047 faoiunt
816 1979 1048 2062 moderatores,
1099 1990 1133 2045 et
1163 1980 1378 2047 detestandae
1409 1982 1446 2046 in
1472 1981 1657 2047 Dominum
1696 1983 1893 2049 temeritatis
1924 1983 2083 2049 damnare

70 2091 172 2155 quum
193 2069 229 2134 in
250 2067 349 2134 simili
372 2089 469 2134 eausa
496 2068 576 2133 satis
602 2065 791 2145 ostendant,
819 2067 906 2150 qnod
933 2069 1049 2135 volunt
1099 2086 1169 2131 non
1189 2076 1346 2132 verentur
1367 2065 1573 2147 mediatores,
1595 2068 1624 2134 si
1644 2069 1717 2151 quis
1735 2070 1776 2135 ab
1797 2071 1984 2135 orationum
2005 2089 2085 2136 nos·

70 2176 142 2223 esse
171 2162 431 2232 saerosanotum,
464 2152 527 2219 sibi
555 2152 667 2236 pluma
697 2172 769 2217 esse
801 2152 934 2220 levius?
979 2152 1049 2220 Sed
1100 2162 1229 2218 trarum
1250 2153 1571 2219 oonsortiomortnos
1593 2154 1757 2221 excludat
1791 2154 1865 2221 Imo
1878 2152 2084 2223 orndelitntis

68 2262 226 2326 quorsum
247 2239 302 2306 bio
324 2239 472 2306 divinare
494 2238 634 2304 attinet?
668 2238 814 2310 Exstant
826 2240 1049 2323 apostolorum
1099 2237 1211 2304 Deum
1239 2248 1393 2304 aoousent
1420 2240 1543 2322 potins,
1576 2239 1648 2322 qui,
1680 2261 1785 2324 quum
1811 2239 1993 2307 identidem
2019 2261 2082 2308 nos

66 2329 202 2410 scripta,
225 2347 309 2408 quae
332 2327 459 2409 eopiosa
481 2335 515 2391 et
536 2331 649 2409 aperte
670 2324 830 2408 quidquid
848 2325 885 2389 in
898 2325 1049 2392 doetrina
1099 2333 1168 2388 tam
1200 2323 1338 2390 sollieite
1370 2322 1413 2390 ad
1444 2323 1606 2390 orandum
1645 2346 1704 2409 pro
1733 2326 1891 2393 fratribus
1922 2325 2083 2406 hortetur,

89 2413 201 2480 ietatis
234 2422 306 2477 erat
343 2411 476 2495 eognitn
512 2409 733 2477 neeessariam
775 2411 1047 2494 compleotnntur.
1099 2409 1186 2475 hano
1215 2409 1399 2477 doetrinam
1427 2432 1557 2493 semper
1589 2409 1632 2476 ad
1657 2412 1751 2479 vivos
1783 2412 1965 2497 restringit
2011 2411 2082 2478 Res

64 2435 161 2581 zain
184 2506 218 2563 et
239 2495 281 2562 ds
301 2497 441 2563 mortuis
459 2495 627 2562 interdum
639 2518 681 2561 ox
700 2497 844 2579 professo
859 2496 1047 2580 loquuntur.
1099 2509 1188 2562 oerte
1209 2494 1290 2561 adeo
1311 2496 1394 2561 levis
1414 2517 1481 2562 non
1503 2504 1583 2576 erat,
1606 2497 1744 2563 miseras
1762 2499 1904 2576 animas,
1933 2517 2017 2581 qnae
2039 2496 2083 2563 ad

61 2585 136 2652 Pro
156 2583 239 2668 ipsis
256 2602 360 2661 orare,
384 2604 548 2666 nusquam
565 2583 781 2664 praeoipiunt.
815 2581 930 2663 Quum
943 2583 1048 2649 Thes·
1099 2603 1195 2664 opem
1216 2581 1434 2665 flagitandam
1449 2590 1561 2648 mutae
1583 2592 1678 2660 sunt,
1705 2582 1894 2662 sublevare,
1924 2592 1964 2648 ut
1984 2603 2081 2667 prae·

59 2670 291 2740 salonioenses
309 2668 462 2734 hortatur
478 2668 603 2734 Paulus
621 2669 653 2752 (l
668 2667 782 2734 Thess.
795 2673 826 2746 4,
841 2669 907 2753 13),
924 2677 963 2734 nt
979 2669 1048 2737 luo·
1099 2668 1192 2733 teriri
1214 2666 1372 2733 debuerit
1417 2665 1489 2733 Our
1510 2689 1553 2734 ne
1579 2669 1681 2735 verbo
1710 2668 1843 2753 quidem
1870 2690 2011 2753 usquam
2031 2676 2082 2734 at-

58 2768 141 2823 tnm
163 2756 200 2820 in
222 2762 327 2821 morte
349 2775 484 2820 snorum
508 2760 707 2837 temperent,
732 2754 968 2820 oonsolationes
990 2755 1048 2821 ad-
1100 2751 1263 2838 tingitnr?
1306 2752 1511 2819 Praesertim
1533 2775 1637 2837 quum
1658 2756 1764 2834 toties,
1785 2762 1918 2838 tamque
1941 2753 2083 2840 diligen·

56 2842 173 2921 hibet,
193 2860 274 2924 quas
296 2840 419 2906 soiebat
440 2839 483 2906 ad
504 2840 591 2905 hano
612 2860 683 2905 rem
705 2840 849 2906 maxime
871 2842 1047 2924 appositas.
1100 2848 1167 2916 ter,
1190 2847 1259 2904 tam
1281 2840 1426 2922 eopiosa,
1449 2847 1519 2904 tam
1540 2838 1726 2906 luonlenter
1746 2843 1983 2907 eonoionentnr
2004 2862 2083 2926 pro-

51 2927 213 2997 Puerum
234 2925 348 2992 nullus
371 2946 487 3005 sermo,
515 2926 572 3010 qui
592 2924 737 2990 maxime
757 2926 874 2992 finsset
894 2936 1049 3010 opportu-
1100 2925 1221 3009 phetae
1242 2946 1371 3002 omnes,
1398 2924 1546 3007 apostoli,
1568 2925 1724 2992 Obristus
1747 2931 1822 3006 [pag.
1842 2931 1917 3006 179]
1939 2925 2083 3009 deniqne

51 3036 142 3091 mus,
172 3013 282 3095 sipro
310 3013 449 3078 mortuis
470 3011 598 3095 preoari
618 3011 742 3078 lioeret
786 3011 841 3077 Ad
861 3011 1049 3080 Corinthios
1099 3012 1180 3094 ipse,
1203 3010 1244 3076 de
1265 3011 1380 3077 offioiis
1401 3011 1562 3077 caritatis:
1585 3033 1646 3078 eur
1667 3011 1729 3078 hoo
1751 3013 1972 3097 supprimunt,
1995 3011 2083 3095 qnod

50 3100 217 3169 scribens
244 3108 440 3183 argumenta
468 3098 580 3163 omnia
607 3097 747 3182 oolligit,
776 3096 895 3181 quibus
922 3100 1049 3165 animas
1100 3097 1189 3167 inter
1212 3095 1278 3162 alia
1299 3105 1502 3180 postremum
1527 3117 1594 3162 non
1622 3096 1717 3162 erat?
1760 3097 1835 3164 Iam
1861 3119 1945 3181 quae
1968 3104 2083 3164 nostra

46 3186 227 3273 prebete
247 3193 354 3249 morte
380 3205 451 3250 esse
479 3183 681 3267 superstites.
728 3182 801 3249 Hoo
822 3181 969 3250 nondum
990 3184 1048 3249 ad-
1100 3190 1151 3249 est
1176 3184 1212 3247 in
1232 3183 1416 3248 Dominum
1444 3181 1634 3249 temeritas?
1679 3183 1845 3269 Regulam
1872 3182 1990 3250 orandi
2011 3203 2082 3249 oer-

47 3272 178 3350 dnoit,
205 3268 293 3354 quod
313 3271 429 3337 fuisset
450 3269 570 3353 alioqui
592 3268 846 3334 validissimum:
877 3269 1048 3337 ecelesiam
1100 3276 1169 3334 tam
1192 3267 1301 3334 tradit
1345 3268 1432 3332 Eam
1457 3275 1624 3334 tenemus:
1652 3290 1714 3335 nee
1739 3270 1789 3335 fas
1816 3289 1888 3336 esse
1939 3281 2081 3350 utamns,

42 3377 128 3445 pro
151 3356 292 3422 mortuis
314 3378 381 3421 non
401 3357 524 3423 frustra
546 3374 650 3419 orare.
693 3354 761 3420 Pro
778 3355 896 3436 quibus
917 3355 1049 3421 ordina·
1100 3352 1179 3420 inde
1208 3354 1261 3421 vel
1288 3373 1437 3437 unguem
1464 3374 1571 3418 unum
1603 3353 1784 3421 defleotere.
1828 3355 1876 3421 At
1938 3355 2081 3435 ominus,

42 3447 134 3511 rias
156 3463 272 3526 preses
292 3441 372 3508 velit
388 3442 423 3507 in
441 3442 577 3508 eoelesia
598 3439 734 3524 oonoipi,
758 3440 969 3507 Timotheum
991 3441 1048 3507 ad·
1100 3440 1265 3523 inquiunt,
1288 3458 1492 3589 neqhuaqnam
1515 3447 1663 3506 mortuos
1680 3462 1700 3506 a
1719 3440 1969 3525 vivisseparare
1988 3461 2082 3522 prae-

37 3538 185 3597 monet
205 3530 239 3611 (l
260 3528 344 3592 Tim
365 3532 393 3605 2,
422 3532 464 3611 1).
509 3526 562 3592 De
589 3525 729 3592 mortuis
754 3525 822 3591 illio
848 3547 976 3609 quoque
1003 3529 1049 3593 si·
1101 3526 1190 3609 oipit.
1240 3525 1313 3589 Imo
1369 3543 1407 3588 oe
1438 3526 1608 3609 praesepti
1638 3527 1711 3592 vioe
1742 3526 1836 3593 nobis
1869 3548 1941 3593 esse
1974 3525 2081 3607 debet,

38 3611 219 3683 lentium.
264 3611 361 3695 Quod
389 3615 418 3678 si
445 3612 596 3697 preoibns
624 3612 745 3677 nostris
772 3611 868 3677 hodie
899 3611 1051 3697 indigent
1100 3609 1190 3695 qnod
1207 3631 1309 3693 quum
1329 3609 1451 3694 ubique
1473 3613 1569 3677 vivos
1586 3612 1782 3678 nominatim
1800 3613 1974 3697 exprimat,
1996 3634 2086 3679 mor-

36 3699 205 3778 nortui,
227 3700 332 3764 maior
354 3700 415 3765 sub
437 3698 511 3783 lege
536 3698 598 3764 fuit
621 3719 734 3762 earum
755 3698 942 3764 nenessitas.
988 3701 1050 3765 At-
1102 3706 1178 3763 tuos
1196 3705 1349 3782 segregat
1370 3718 1412 3762 ex
1433 3717 1549 3762 eornm
1570 3717 1723 3764 numero:
1743 3695 1871 3777 deinde,
1888 3720 1993 3782 qnam
2009 3700 2085 3765 fini-

34 3789 124 3874 qni
142 3786 317 3868 seriptura,
340 3806 442 3868 quum
459 3793 493 3850 et
514 3784 641 3851 lnotum
659 3792 693 3849 et
709 3784 915 3866 sepulturam
937 3792 971 3849 et
987 3784 1052 3851 alia
1103 3792 1172 3849 tam
1193 3804 1308 3849 eorum
1336 3781 1489 3847 militiam
1516 3790 1673 3864 testatur,
1701 3803 1769 3849 non
1796 3784 1937 3868 amplius
1964 3783 2087 3852 habere

81 3870 233 3940 uaedam
251 3872 285 3936 in
303 3871 445 3954 speeiem
461 3871 891 3950 minutaaoonratereferat,
913 3871 1051 3937 verbum
1104 3868 1226 3935 auxilio
1254 3877 1366 3933 nostro
1394 3889 1477 3952 opus
1506 3869 1680 3954 signifieat.
1725 3869 1898 3953 Nusquam
1931 3868 2084 3954 prohibet

35 3892 106 4026 30
138 3956 293 4043 precibus
322 3957 450 4022 nullum
479 3957 564 4022 feeit.
612 3955 690 4032 Oui,
720 3956 868 4034 obseoro,
895 3957 1052 4024 eredibile
1103 3957 1206 4033 Deus,
1227 3975 1270 4019 ne
1291 3974 1352 4037 pro
1373 3953 1502 4037 angelis
1518 3975 1658 4021 oremus.
1691 3957 1748 4021 An
1766 3978 1842 4021 eum
1860 3954 2085 4036 detestabitur,

36 4046 144 4125 erit,
166 4043 323 4126 spiritum
345 4050 497 4108 sanetum
520 4041 606 4125 quod
630 4043 843 4124 praeeipuam
866 4053 946 4122 erat,
970 4043 1051 4108 obli·
1103 4041 1161 4124 qui
1181 4039 1343 4106 orandum
1362 4038 1518 4124 negabit?
1550 4041 1618 4107 Pro
1639 4041 1795 4125 apostolis
1813 4061 1881 4106 non
1898 4062 1969 4107 esse
1987 4061 2086 4107 oran·

37 4131 162 4209 visoi,
187 4128 266 4194 dum
278 4127 456 4194 levioribus
476 4126 621 4193 insistit?
656 4126 747 4193 Hine
769 4127 1052 4195 sanehominibns
1103 4128 1191 4205 dum,
1214 4146 1276 4192 neo
1298 4145 1359 4209 pro
1379 4124 1592 4210 martyribus,
1613 4127 1763 4192 fatentur
1778 4127 1843 4210 ipsi
1864 4147 1993 4210 qnoque
2014 4147 2085 4193 me-

39 4234 136 4283 non
158 4215 373 4282 eontentiosis
395 4213 544 4296 liquebit,
574 4233 645 4277 rem
653 4214 682 4295 ⁴)
705 4213 807 4279 luisse
829 4212 998 4297 prophetis
1019 4223 1054 4280 et
1104 4213 1255 4278 diatores.
1298 4210 1411 4294 Atqui,
1433 4231 1598 4295 nusquam
1618 4211 1740 4297 legitur
1759 4210 1968 4297 prohibitum.
2013 4211 2087 4280 Cur

37 4300 228 4387 apostolis
248 4300 458 4384 ineognitam.
1103 4300 1139 4362 in
1161 4296 1296 4379 reliquis
1316 4297 1456 4362 mortuis
1482 4304 1551 4362 tam
1579 4299 1643 4363 erit
1670 4297 1865 4364 detestanda
1891 4307 2006 4363 nostra
2033 4309 2084 4364 te-

157 4386 227 4453 Seu
251 4387 339 4451 enim
366 4386 565 4469 seripturam
587 4405 713 4468 quoque
736 4391 908 4466 opponunt
928 4383 1051 4450 media·
1104 4382 1261 4448 meritas?
1311 4381 1383 4465 Ipsi
1414 4403 1492 4449 vero
1531 4384 1568 4448 in
1601 4384 1754 4449 siritum
1786 4391 1938 4448 sanetum
1972 4383 2085 4468 palam

45 4476 175 4539 tores:
199 4472 277 4556 quia
298 4472 475 4555 praeripiat
491 4471 667 4553 apostolus,
690 4491 784 4535 orare
798 4470 880 4536 alios
890 4491 951 4552 pro
968 4470 1051 4535 aliis.
1104 4476 1182 4536 sunt
1200 4468 1436 4546 oontumeliosi‚
1458 4490 1556 4552 quem
1578 4404 1752 4536 oblivionis
1772 4469 1809 4533 in
1825 4489 1862 4534 re
1880 4477 1948 4534 tam
1969 4490 2085 4537 netes

46 4558 145 4638 [pag.
168 4564 243 4637 178]
267 4556 305 4623 Si
327 4559 400 4640 quis
423 4568 509 4623 esset
530 4556 618 4640 apud
646 4577 700 4622 eos
722 4557 786 4620 Dei
810 4557 916 4634 timor,
938 4555 967 4621 si
988 4576 1052 4639 qua
1104 4555 1193 4620 saria
1209 4553 1414 4619 insimulant
1443 4555 1555 4637 Atque
1572 4555 1650 4620 hino
1669 4553 1769 4620 simul
1789 4563 1936 4637 apparet,
1959 4567 2085 4639 quanta

49 4644 201 4711 valeret
222 4643 352 4728 religio,
380 4643 408 4708 si
430 4644 503 4727 quis
533 4643 661 4728 vigeret
687 4642 905 4708 oonsoientiae
926 4662 1051 4720 sensus,
1103 4642 1283 4792 iilrwmm
1304 4639 1495 4718 moderatio,
1515 4641 1572 4722 qui
1593 4661 1670 4706 suas
1691 4638 1924 4707 detestationes
1945 4651 2015 4708 tam
2032 4644 2086 4709 fn·

1120 4727 1206 4791 ‘'ter
1225 4725 1262 4791 in
1283 4744 1344 4790 nos
1365 4734 1532 4791 evomunt.

142 4831 171 4896 1)
191 4840 221 4886 et
237 4848 291 4886 non
311 4831 380 4886 adeo
399 4871 406 4884 .
424 4870 432 4885 .
452 4872 458 4885 .
479 4869 484 4881 .
504 4832 562 4900 ipse
581 4830 655 4885 deest
671 4834 702 4884 ιἰι
719 4830 760 4884 ed.
779 4831 847 4886 eolo.
864 4845 947 4899 perot
1189 4812 1273 4877 Esto
1295 4821 1419 4876 tamen:
1438 4811 1548 4876 valeat
1559 4811 1713 4878 adelasiae
1726 4813 1850 4877 veteris
1870 4813 2083 4895 eonsuetudO,

142 4900 173 4965 2)
192 4899 266 4954 Md·
285 4901 408 4956 aaaron
425 4916 478 4969 (1¹10
496 4901 523 4954 ¹²
540 4903 621 4969 ΜΘΗ
633 4899 667 4954 de
677 4900 750 4968 prier
766 4916 836 4968 pour
845 4899 886 4954 ¹0⁸
897 4907 1052 4968 meumes
1103 4911 1142 4964 ut
1173 4896 1324 4963 saoerdos
1363 4897 1399 4961 in
1430 4916 1550 4963 ooenae
1583 4896 1801 4965 oelebratione
1830 4906 1978 4965 mortuos
2008 4901 2083 4968 Deo

67 4976 119 5022 est
134 4968 525 5118 vyyffdgtflssypggffrfflinim
547 5044 682 5091 mom&
705 5051 757 5103 que
779 5044 845 5090 aaut
868 5051 899 5090 ce
921 5035 994 5090 mm
1018 5034 1051 5090 de
1103 4982 1323 5051 commendet:
1346 5004 1390 5047 an
1409 4980 1483 5047 ideo
1501 4981 1622 5049 debent
1638 4982 1782 5068 vrgrhae,
1803 5005 2031 5054 eumversarra
2048 4994 2083 5053 et

73 5104 204 5161 aminon
222 5106 246 5159 A
267 5106 401 5175 ostolique
420 5105 491 5162 i'alle
530 5120 594 5174 eray
612 5120 648 5159 un
666 5104 788 5172 example
808 5107 825 5160 t
842 5120 872 5160 ce
891 5120 1003 5173 propos.
1103 5069 1227 5170 ΒῘΡῙῘῙΘΡ
1269 5089 1377 5153 ”⁰3²⁰
1416 5068 1575 5170 retineri?
1628 5067 1685 5136 Si?
1719 5079 1829 5136 antem
1846 5155 1854 5170 ,
1870 5071 1977 5155 ΡῙῧθθῗ
2008 5093 2079 5138 ¹1¹⁰·

144 5174 220 5242 4110
267 5181 375 5230 amento
392 5174 426 5230 de
443 5175 471 5228 la
520 5188 588 5229 esse.
1103 5155 1291 5222 diatonbus.
1335 5151 1496 5236 Obseoro,
1524 5176 1554 5221 ιι
1580 5177 1647 5240 qna
1668 5177 1723 5223 eos
1743 5177 1824 5225 eura
1844 5157 2083 5226 instaurandae

180 5258 295 5315 Odoin?
307 5274 400 5329 opera
439 5259 496 5316 Vol.
518 5256 586 5315 VH.
1837 5255 1873 5312 42
