4620 5894
148 227 214 292 323
923 272 926 279 .
952 220 1018 288 DE
1039 218 1263 287 AEPERNA
1283 219 1369 287 DEI
2111 223 2174 291 324

149 413 243 501 (ibid
265 435 296 481 v.
321 411 388 495 13).
431 411 548 491 Porro,
576 432 620 477 ne
647 410 801 495 suspensi
822 410 1034 490 haesitarent,
1068 412 1136 475 iam
1275 407 1372 490 Quod
1405 418 1514 474 autem
1547 409 1640 492 impii
1671 409 1736 474 Dei
1775 408 1933 475 indicium
1966 411 2033 477 alio
2065 411 2174 478 oolore

149 508 229 567 ante
250 518 382 565 omnem
403 496 472 563 illis
493 496 732 563 dubitationem
760 502 943 562 exemerat:
972 494 1041 577 Qut
1063 516 1135 562 coo·
1187 494 1356 579 sugillant,
1389 494 1467 577 quia
1487 494 1611 559 frustm
1644 495 1790 560 iustitiae
1825 504 1859 560 et
1892 496 2064 563 sanctitati
2104 506 2173 565 stn-

149 587 201 671 pit
227 587 265 651 in
298 584 392 651 vobis
418 602 503 668 opus
523 583 657 661 bonum,
690 602 797 666 nsque
829 583 866 647 in
899 581 986 649 diem
1007 581 1136 647 Ohristi
1188 579 1289 645 deant
1323 579 1462 664 reprobi,
1499 600 1580 664 quos
1615 579 1749 645 tandem
1789 581 1900 663 perire
1938 603 2077 651 neccsse
2115 594 2173 664 eet,

150 671 301 756 perficiet
323 669 461 757 (Philip.
485 669 514 749 1,
536 668 581 754 6).
619 668 792 752 Nusquam
814 688 893 753 ergo
914 667 956 734 ad
978 666 1135 751 precandi
1189 665 1354 732 calumnia
1375 665 1457 731 haec
1477 677 1516 731 ut
1537 686 1579 730 ex
1601 687 1713 732 crassa
1733 667 1866 732 inscitia
1886 669 2047 749 nascitur,
2082 669 2174 738 brari

152 777 268 824 curam
290 761 324 822 et
345 753 492 822 studium
517 774 578 819 nos
600 755 737 838 spiritus
759 754 825 819 Dei
845 754 1008 833 hortatur,
1040 752 1135 836 qnasi
1188 772 1345 835 responso
1379 771 1398 816 a
1426 771 1480 816 me
1513 750 1662 818 discusm
1691 753 1850 833 fuerat:¹)
1882 755 2014 820 nullum
2048 755 2174 823 scilieet

153 841 255 908 dubio
273 841 311 906 in
328 848 417 907 statu
434 842 653 908 fluctuaretur
669 839 760 906 salus
777 846 900 919 nostra,
922 859 1005 923 quae
1022 838 1136 904 inDei
1188 837 1272 903 bene
1300 835 1422 922 egendi
1448 837 1595 902 studium
1627 839 1736 903 inesse
1768 838 1967 919 hominibus,
1998 845 2076 921 [pag.
2103 848 2173 922 lea]

152 948 256 993 manu
276 927 341 992 sita
361 934 424 992 est:
455 946 620 1009 nusquam
641 924 737 992 nobis
765 926 919 991 timorem
942 925 1058 1005 iniicit,
1079 923 1136 1008 qui
1188 920 1276 1006 quod
1303 944 1370 988 nou
1398 944 1440 989 ex
1467 922 1627 989 electione
1655 923 1806 1007 prodeat:
1834 924 1991 1009 reprobos
2012 948 2107 1007 vero,
2137 937 2174 994 ut

152 1013 310 1079 fiduciam
331 1013 367 1077 in
388 1012 533 1096 gratuito
554 1012 621 1077 Dei
648 1031 759 1077 amore
780 1010 952 1076 fundatam
975 1011 1134 1077 exentiat:
1189 1016 1269 1074 sunt
1290 1028 1370 1076 vasa
1390 1008 1427 1072 in
1449 1008 1684 1073 contumeliam
1705 1010 1855 1087 formata,
1882 1014 2114 1094 provocandae
2137 1016 2175 1080 in

153 1098 212 1165 sed
238 1104 276 1164 ut
295 1097 416 1164 talibus
443 1096 587 1163 stimulis
610 1103 683 1177 [pag.
708 1102 783 1178 131]
816 1095 994 1182 pungendo
1028 1096 1136 1163 carnis
1188 1114 1224 1159 se
1245 1095 1311 1160 Dei
1331 1094 1449 1159 ultioni
1471 1094 1601 1159 nullum
1628 1096 1730 1160 finem
1750 1096 1866 1177 facere,
1900 1105 1934 1162 et
1962 1098 2174 1168 evidentibus

151 1190 285 1250 nostme
310 1183 478 1268 pigritiem
510 1184 664 1267 corrigat.
708 1184 819 1267 Atque
855 1183 891 1247 in
924 1203 1001 1248 eum
1034 1183 1136 1247 finem
1189 1180 1294 1264 signis
1315 1186 1501 1246 monstrare
1528 1180 1629 1245 exitio
1657 1201 1692 1246 se
1720 1201 1792 1247 esse
1821 1180 1965 1248 devotos.
2010 1185 2173 1272 Pighio²)

152 1269 353 1336 calumniose
375 1268 550 1352 detorquet
566 1268 708 1352 Pighius
729 1268 866 1352 apostoli
886 1268 989 1335 rerba
1009 1290 1051 1333 ex
1073 1290 1136 1333 un·
1189 1265 1243 1331 hic
1263 1266 1411 1331 omnium
1433 1263 1674 1331 absurditatum
1697 1267 1849 1341 cumulus
1867 1276 1927 1348 est,
1956 1279 1997 1334 nt
2022 1271 2114 1337 nihil
2138 1274 2173 1338 in

152 1353 279 1421 decimo
309 1354 351 1420 ad
368 1355 538 1420 Romanos
565 1355 673 1437 capite
700 1354 745 1435 (v.
769 1359 811 1419 20
833 1354 953 1438 seqq.):
983 1354 1052 1419 Per
1084 1355 1136 1417 in·
1188 1358 1259 1416 tota
1281 1350 1502 1435 disputatione
1528 1372 1632 1435 aeque
1659 1351 1882 1436 prodigiosum
1911 1357 2068 1438 reperiat
2113 1360 2173 1424 at-

151 1440 381 1507 oredulitatem
417 1440 553 1505 defracti
586 1447 665 1505 suut
698 1440 803 1507 nativi
836 1440 928 1505 oleae
957 1440 1056 1504 rami:
1098 1446 1135 1503 tu
1188 1437 1256 1521 qui,
1278 1437 1332 1502 vel
1353 1458 1420 1502 uno
1438 1437 1500 1503 hoc
1521 1446 1715 1521 argumento
1735 1439 1865 1505 abunde
1887 1439 2013 1523 probat,
2044 1443 2174 1511 rabiosa

149 1546 231 1594 vero
253 1525 320 1591 fide
337 1527 520 1592 constitisti.
544 1526 596 1591 Ne
614 1526 761 1591 efferaris
778 1525 898 1605 animo,
921 1523 978 1590 sed
1000 1524 1134 1589 timeas:
1188 1521 1405 1589 maledicendi
1437 1522 1573 1588 libidine
1603 1524 1651 1587 ita
1683 1546 1718 1589 se
1750 1531 1979 1592 transversum
2010 1549 2053 1594 ra
2076 1530 2098 1607 i,
2137 1538 2174 1597 nt

150 1631 231 1678 nam
252 1612 281 1679 si
302 1610 397 1678 Deus
418 1611 626 1678 naturalibus
647 1612 751 1677 ramis
772 1632 840 1676 non
865 1611 1024 1695 pepercit;
1061 1609 1136 1675 vide
1187 1608 1260 1673 sine
1293 1608 1364 1674 ulla
1395 1609 1564 1675 oecasione
1600 1630 1659 1675 sua
1688 1610 1836 1676 convicia
1858 1612 2005 1678 ebulliat.
2088 1615 2173 1682 ullos

150 1718 195 1763 ne
217 1718 284 1781 qua
305 1698 373 1776 fiat,
396 1704 436 1762 ut
456 1718 519 1764 nec
540 1696 601 1761 tibi
622 1702 745 1780 parcat.
773 1697 862 1763 Ecce
881 1696 984 1782 igitur
1004 1696 1136 1761 bonitas
1187 1694 1251 1760 Dei
1284 1695 1404 1778 spiritu
1437 1695 1503 1761 nisi
1535 1694 1656 1760 electos
1677 1695 1856 1779 gubernari
1879 1698 2048 1782 scriptura
2070 1699 2171 1769 docet

149 1781 217 1848 Dei
239 1789 273 1847 et
293 1783 467 1849 severitas:
488 1783 526 1848 in
543 1783 672 1866 eosqui
686 1782 886 1862 ceciderunt,
907 1782 1081 1848 severitas:
1100 1782 1135 1846 iu
1187 1777 1305 1860 Qualis
1327 1780 1363 1845 in
1384 1780 1521 1845 homine
1541 1781 1663 1864 absque
1684 1781 1821 1863 spiritus
1842 1785 1949 1849 sancti
1977 1784 2085 1852 ductu
2104 1808 2172 1854 rec-

149 1874 184 1934 te
206 1874 319 1934 autem
341 1868 479 1948 bonitas,
514 1870 541 1935 si
591 1867 702 1934 uidem
728 1869 952 1952 permanseris
979 1868 1015 1932 in
1043 1867 1135 1932 honi·
1187 1865 1293 1931 titudo
1314 1887 1386 1931 esse
1407 1865 1549 1949 poterit?
1588 1867 1774 1945 Manifesta,
1808 1869 1915 1951 iuquit
1932 1870 2073 1949 Paulus,
2096 1881 2172 1939 sunt

150 1961 227 2020 tate.
274 1955 456 2038 Postquam
491 1953 532 2018 da
565 1890 688 2038 duplici
720 1954 830 2039 gentis
865 1974 944 2019 suae
977 1953 1135 2020 electione
1187 1972 1286 2034 opera
1308 1952 1417 2016 carnis
1440 1952 1563 2032 (Galat.
1588 1956 1617 2030 5,
1644 1952 1707 2037 19).
1747 1954 1793 2017 Et
1814 1955 1900 2033 alibi,
1924 1975 2043 2023 omnes
2065 1963 2172 2025 carnis

151 2040 315 2120 disseruit,
349 2051 383 2105 et
407 2040 587 2106 multorum
622 2039 801 2107 defectione
834 2039 979 2105 ostendit
1010 2041 1136 2105 factum
1187 2038 1402 2120 cogitationes
1425 2036 1498 2102 Deo
1519 2038 1671 2103 inimicae
1692 2059 1763 2104 csse
1785 2043 1983 2122 pronunciat
2004 2044 2120 2128 (Rom.
2143 2051 2172 2125 8,

149 2145 232 2207 esse,
255 2127 372 2210 utqui
399 2127 493 2210 prius
515 2126 656 2210 legitimi
691 2133 724 2191 et
755 2127 882 2210 proprii
916 2132 1014 2191 erant
1047 2127 1135 2190 vitae
1188 2122 1232 2205 7).
1267 2121 1356 2204 Quid
1377 2124 1480 2208 igitur
1500 2122 1644 2201 absurdi,
1668 2125 1694 2189 si
1718 2133 1850 2207 peccato
1872 2129 2082 2212 mancipatos
2103 2152 2172 2197 esse

149 2210 321 2290 haeredes,
355 2220 490 2295 propter
523 2212 688 2278 sancitum
721 2233 797 2277 eum
828 2212 977 2295 patribus
1010 2209 1134 2290 foedus,
1188 2208 1270 2287 dieo,
1292 2210 1350 2292 qui
1373 2210 1493 2292 spiritu
1516 2209 1580 2274 Dei
1602 2229 1670 2275 non
1702 2213 1842 2294 regeniti
1871 2214 1980 2279 carnis
2008 2237 2093 2282 suae
2121 2239 2172 2283 ar·

148 2317 238 2363 nunc
260 2296 402 2362 abdicati
421 2303 500 2362 sunt
522 2318 542 2362 a
563 2296 646 2376 Deo,
682 2304 716 2362 et
747 2298 825 2363 facti
854 2297 895 2362 ab
928 2298 999 2363 eius
1031 2316 1135 2381 regno
1187 2293 1285 2359 bitrio
1307 2294 1476 2360 ferantur?
1522 2294 1613 2375 Quos
1634 2297 1729 2367 De·
1749 2297 1858 2380 elegit,
1882 2300 2044 2366 iustificat
2062 2303 2170 2390 (Rom.

150 2390 313 2448 extorres:
344 2381 477 2447 tandem
505 2382 547 2446 ad
575 2389 691 2467 gentes
726 2404 761 2448 se
795 2382 967 2461 convertit,
1003 2403 1046 2447 ne
1078 2404 1133 2449 su-
1188 2385 1218 2459 8,
1243 2380 1308 2463 30).
1355 2379 1444 2462 Quid
1466 2381 1589 2445 mirum
1612 2382 1640 2446 si
1662 2381 1800 2464 reprobi,
1824 2384 1888 2448 Dei
1913 2386 2047 2452 iustitia
2067 2391 2171 2468 vacui,

147 2468 249 2552 perbe
259 2465 394 2533 Iudaeis
404 2468 574 2547 insultent,
597 2467 674 2551 quia
695 2468 730 2532 in
748 2489 861 2533 eorum
879 2468 986 2533 locum
1005 2489 1134 2535 succes·
1187 2465 1271 2531 nihil
1292 2487 1391 2550 quam
1413 2488 1549 2550 peecare
1569 2467 1743 2532 noverint?
1774 2469 1888 2553 Elegit
1906 2469 2001 2538 Deus
2025 2495 2115 2555 suos,
2136 2482 2172 2540 ut

149 2554 262 2620 serint.
307 2550 499 2617 Notandum
528 2562 650 2632 autem,
685 2553 772 2637 quod
805 2554 901 2620 siouti
937 2554 1133 2620 universalis
1186 2553 1292 2617 sancti
1327 2554 1397 2618 sint
1428 2574 1466 2619 ac
1498 2552 1802 2636 irreprehensibiles
1829 2555 1949 2639 (Ephe.
1977 2562 2006 2635 l,
2031 2560 2077 2644 4).
2135 2558 2170 2626 Si

147 2639 207 2705 illa
227 2637 340 2722 populi
362 2638 496 2704 reiectio
518 2660 584 2703 non
606 2639 816 2705 labefactavit
837 2642 940 2704 fixam
961 2640 1027 2705 Dei
1048 2640 1133 2705 elec·
1186 2639 1352 2721 gratuitae
1374 2638 1543 2705 electionis
1564 2640 1691 2705 fructus
1711 2652 1760 2705 est
1782 2641 1953 2708 sanctitas:
1988 2647 2064 2726 quis
2092 2645 2170 2712 alios

147 2724 281 2802 tionem,
303 2724 383 2806 quin
405 2724 560 2808 reliquias
582 2725 708 2808 aliquas
730 2732 891 2791 servaret:
929 2726 975 2790 ita
997 2727 1133 2792 univer·
1183 2724 1220 2787 in
1235 2723 1542 2806 profanissordibus
1565 2724 1730 2790 demersos
1748 2745 1882 2792 manere
1901 2729 2022 2812 neget?
2046 2731 2169 2798 Vocem

149 2811 228 2876 salis
249 2810 397 2893 gentium
420 2811 537 2876 electio
560 2832 627 2876 non
648 2810 818 2893 complexa
845 2818 895 2876 est
921 2811 1068 2895 singulos
1090 2833 1133 2877 ex
1185 2830 1280 2875 suam
1307 2809 1421 2875 audire
1449 2816 1551 2895 negat
1580 2809 1744 2890 Christus,
1777 2813 1963 2896 quicunque
1995 2837 2067 2881 non
2095 2824 2170 2883 sunt

146 2895 309 2981 gentibue,
333 2903 370 2962 ut
390 2918 506 2963 omnes
527 2896 618 2961 vitae
639 2904 808 2963 consortes
835 2898 962 2962 fierent.
1012 2896 1132 2981 Dupli·
1186 2917 1227 2960 ex
1249 2895 1365 2962 ovibus
1387 2897 1465 2962 suis.
1489 2897 1630 2975 Rursus,
1654 2918 1695 2961 ex
1718 2897 1845 2962 diabolo
1868 2919 1940 2964 esse
1961 2906 2167 2984 pronunciat,

146 3002 220 3049 cem
239 2983 274 3046 in
295 2980 428 3047 Iudaeis
450 2981 517 3047 Dei
540 2982 733 3048 electionem
750 2983 878 3049 Paulus
899 2981 967 3048 illic
989 3003 1132 3048 comme·
1184 2982 1240 3065 qui
1262 3003 1376 3048 vocam
1398 2983 1503 3066 patris
1525 2983 1560 3046 in
1582 3003 1638 3048 ore
1661 3004 1720 3048 suo
1738 2994 1948 3050 resonantem
1967 2987 2087 3054 audire
2104 3010 2168 3055 non

145 3075 264 3133 morat.
298 3068 450 3133 Electum
484 3068 576 3133 enim
609 3067 849 3151 quodammodo
883 3070 991 3134 fuerat
1026 3076 1133 3134 totum
1185 3069 1352 3133 sustinent
1384 3069 1514 3151 (Ioann.
1541 3071 1590 3145 10,
1627 3072 1666 3131 26
1701 3076 1734 3133 et
1765 3073 1794 3147 8,
1829 3069 1895 3155 44).
1929 3072 1978 3138 Ut
2012 3076 2168 3158 reprobos

145 3153 303 3218 Abrahae
335 3174 450 3237 genus.
512 3152 581 3220 Sed
616 3174 717 3237 quum
751 3154 878 3221 occulto
911 3155 976 3220 Dei
1010 3153 1131 3221 iudicio
1183 3153 1335 3219 ostondat
1366 3154 1507 3238 Pighius
1537 3154 1631 3219 bonis
1663 3154 1815 3237 operibus
1848 3157 1992 3238 studere,
2039 3168 2166 3245 gratam

146 3239 295 3324 plerique
323 3260 391 3303 non
424 3248 535 3306 essent
569 3239 610 3304 ad
645 3240 748 3306 vitam
780 3239 936 3306 ordinati:
972 3247 1131 3323 pereunte
1183 3260 1254 3305 esse
1276 3241 1349 3305 Deo
1376 3241 1615 3306 contumaciam
1642 3241 1804 3320 ostendat,
1833 3247 1906 3321 [pag.
1929 3248 2006 3324 134]
2036 3266 2167 3312 neeesse

145 3325 263 3389 maiori
303 3346 452 3404 numero,
493 3325 608 3391 electio
648 3326 683 3390 in
721 3325 870 3410 reliquiis
908 3328 1129 3411 consequitur.
1183 3334 1242 3391 est.
1287 3324 1410 3392 Obiioit
1431 3334 1546 3391 eontra
1567 3325 1716 3410 Pighius,
1746 3326 1827 3393 Saul
1849 3329 1963 3394 multis
1984 3332 2166 3398 virtutibus

145 3410 244 3476 Nunc
267 3416 341 3490 [pag.
368 3417 440 3490 132]
468 3411 627 3476 translato
656 3411 698 3476 ad
731 3420 847 3497 gentes
875 3413 963 3478 vitae
989 3413 1129 3492 foedere,
1183 3411 1389 3478 excelluisse:
1424 3413 1489 3475 imo
1521 3411 1683 3496 placuisse
1705 3412 1786 3477 Deo.
1832 3413 1994 3496 Virtutes,
2027 3419 2164 3500 quaein

44 3528 47 3533 ·
148 3496 334 3562 eommunis
354 3495 412 3560 illa
434 3497 566 3580 generis
584 3497 741 3562 Abrahae
763 3496 894 3582 adoptio
917 3497 958 3562 ad
976 3519 1038 3564 nos
1055 3520 1130 3583 per·
1182 3498 1329 3580 reprobis
1352 3497 1489 3582 fulgent,
1523 3507 1638 3581 suapte
1660 3508 1781 3563 natura
1802 3499 1983 3566 laudabiles
2013 3524 2088 3570 esse
2120 3504 2164 3568 fa-

146 3581 240 3644 tinet.
286 3581 474 3661 Caeterum,
504 3582 539 3646 id
572 3605 639 3647 non
666 3582 774 3648 obstat
801 3583 978 3666 quominus
1010 3604 1130 3650 arcano
1181 3591 1267 3649 teor:
1301 3581 1401 3666 idque
1422 3584 1483 3648 sibi
1516 3584 1589 3649 vult
1619 3586 1792 3667 scriptura,
1826 3607 1928 3668 quum
1961 3585 2104 3655 Saulem
2133 3598 2165 3654 et

145 3664 211 3731 Dei
239 3666 444 3749 beneplacito
476 3668 574 3749 pauci
602 3668 644 3732 ad
671 3689 744 3732 eam
772 3668 944 3734 fruendam
974 3669 1129 3735 destinati
1182 3670 1263 3735 alios
1281 3668 1429 3734 eiusdem
1447 3668 1572 3733 ordinis
1591 3672 1692 3735 refert
1709 3671 1824 3737 fecisse
1842 3672 1927 3753 quod
1948 3682 2078 3739 rectum
2100 3682 2161 3740 est:

146 3752 222 3818 sint.
267 3751 394 3817 Paulus
417 3772 505 3835 ergo,
534 3753 612 3818 dum
635 3761 751 3837 gentes
774 3774 817 3818 ex
843 3755 992 3838 opposito
1020 3757 1129 3821 confe·
1182 3754 1239 3820 sed
1266 3756 1343 3837 quia
1371 3753 1478 3819 cordis
1499 3756 1633 3834 fontem,
1668 3756 1756 3821 unde
1789 3759 1896 3822 fluunt
1927 3780 2039 3842 opera,
2072 3760 2163 3826 Deua

144 3857 223 3902 rens
246 3856 320 3901 eum
343 3837 486 3917 Iudaeis,
516 3839 644 3904 steriles
672 3840 830 3905 oleastros
857 3841 999 3906 exsectis
1030 3848 1129 3905 natu·
1181 3841 1329 3923 respicit:
1364 3841 1447 3905 nihil
1474 3841 1583 3907 obstat
1609 3844 1784 3924 quominus
1807 3865 1898 3927 opus,
1932 3846 2022 3926 quod
2045 3847 2161 3930 alioqui

144 3921 270 3988 ralibus
292 3923 405 4002 ramis,
433 3923 468 3987 in
491 3931 638 3990 sanctam
661 3924 806 3990 radicem
833 3925 951 3990 insitos
979 3947 1050 3992 esse
1079 3926 1128 3991 di·
1180 3927 1216 3990 in
1238 3947 1274 3991 se
1295 3926 1460 4004 laudatur,
1482 3926 1523 3991 ob
1545 3927 1664 3993 vitium
1686 3927 1772 4010 quod
1793 3930 1885 3996 intus
1907 3929 1998 4008 latet,
2024 3933 2070 3997 sit
2089 3932 2161 3997 abo-

144 4009 197 4086 cit,
227 4028 333 4091 neque
360 4009 520 4091 privatim
549 4008 589 4073 de
618 4011 767 4095 singulis,
802 4032 910 4095 neque
937 4012 1129 4095 simpliciter
1179 4013 1353 4077 minationi
1389 4011 1475 4095 apud
1504 4013 1621 4077 Deum.
1663 4014 1901 4080 Rudimcntum
1934 4016 2061 4084 scilicet
2083 4017 2161 4082 illud

145 4093 185 4158 de
207 4115 329 4160 arcana
349 4095 414 4159 Dei
441 4094 600 4160 electione
622 4103 758 4162 tractat:
793 4097 850 4163 sed
878 4106 1002 4180 quauta
1028 4098 1130 4163 fuerit
1183 4098 1317 4180 pietatis
1339 4099 1490 4183 ignotum
1513 4099 1576 4162 fuit
1586 4100 1717 4182 Pighio:
1740 4100 1823 4165 nihil
1846 4109 1915 4166 tam
1938 4123 2011 4167 esee
2034 4125 2160 4186 purum,

144 4201 258 4245 rerum
285 4181 372 4246 facta
399 4181 570 4246 conversio
592 4180 696 4260 docet,
726 4180 805 4247 dum
831 4184 961 4249 reiectis
988 4184 1065 4249 filiis
1091 4186 1128 4249 in
1178 4183 1265 4267 quod
1285 4206 1351 4250 non
1372 4185 1524 4268 inquinet
1545 4184 1689 4251 hominis
1716 4187 1950 4253 immundities.
1982 4189 2077 4273 Ergo
2098 4210 2161 4254 non

144 4286 257 4332 eorum
280 4265 389 4331 locum
412 4265 583 4351 subrogati
606 4276 684 4333 sunt
707 4268 868 4333 extranei.
914 4269 1030 4352 Itaque
1056 4277 1128 4334 tota
1179 4271 1303 4334 mirum
1325 4277 1384 4349 est,
1418 4271 1446 4334 si
1469 4270 1509 4335 ab
1532 4278 1671 4335 externa
1692 4271 1787 4336 larva
1808 4271 1917 4338 Saulis
1942 4294 2045 4356 opera
2066 4276 2161 4340 aesti-

142 4352 201 4416 illa
221 4351 316 4417 Pauli
340 4351 538 4432 exhortatio,
567 4374 634 4418 non
663 4360 731 4416 tam
759 4353 800 4418 ad
827 4354 941 4419 fideles
962 4355 1126 4439 dirigitur,
1179 4376 1284 4434 mans,
1308 4357 1531 4421 innocentiam
1559 4357 1629 4421 eius
1656 4359 1915 4441 probitatemque
1944 4360 2159 4426 commendet.

144 4437 201 4519 qui
223 4458 301 4504 vere
322 4445 355 4503 et
378 4459 418 4503 ex
442 4439 554 4502 animo
577 4439 719 4523 gratiam
737 4439 881 4522 amplexi
901 4448 1004 4518 erant,
1027 4462 1127 4524 quam
1180 4440 1277 4522 Quod
1300 4442 1400 4507 semel
1419 4463 1496 4506 eum
1514 4443 1586 4506 Deo
1603 4442 1767 4525 placuisse
1784 4442 1961 4523 contendit,
1984 4443 2159 4531 distinguo.

143 4521 187 4587 ad
208 4524 360 4606 gentium
382 4544 509 4606 corpus,
544 4524 630 4607 quod
663 4546 705 4589 ex
733 4526 835 4592 variis
867 4526 1025 4591 membris
1052 4548 1125 4610 per·
1181 4526 1237 4593 Sic
1260 4528 1348 4591 enim
1383 4527 1537 4611 dignatus
1570 4540 1622 4593 est
1653 4549 1730 4592 eum
1762 4529 1886 4594 honore
1918 4531 2021 4615 regio,
2056 4540 2096 4596 ut
2127 4533 2160 4595 in

142 4606 285 4673 mixtum
308 4616 386 4674 crat.
432 4610 479 4673 Et
501 4617 615 4675 tamen
636 4611 721 4675 nihil
744 4609 875 4677 absurdi
899 4618 957 4688 est,
988 4613 1017 4677 si
1039 4634 1127 4679 com·
1180 4614 1343 4697 scriptura
1377 4612 1493 4678 domus
1524 4613 1630 4678 Israel
1667 4636 1839 4697 nunquam
1870 4637 1947 4680 eum
1980 4618 2157 4683 censuerit:

143 4704 257 4774 pascat
277 4693 369 4759 Deua
389 4694 424 4758 in
447 4695 524 4760 filiis
546 4697 615 4762 suis
637 4697 747 4763 carnis
769 4697 993 4762 insolentiam:
1023 4719 1127 4781 quum
1151 4750 1153 4781 ,
1179 4699 1454 4781 quemadmodum
1486 4699 1640 4764 Ezechiel
1678 4701 1823 4783 loquitur
1858 4702 1994 4786 (Erech.
2034 4707 2083 4781 13,
2117 4702 2157 4788 9).

144 4777 206 4841 hoc
240 4779 319 4867 vitio
352 4799 467 4845 omnes
500 4781 659 4847 laborent.
716 4783 869 4847 Ridicule
902 4790 1016 4847 tamen
1047 4782 1124 4848 inde
1150 4784 1153 4905 )
1179 4786 1235 4848 An
1257 4786 1334 4866 quia
1356 4784 1397 4848 ad
1424 4806 1545 4850 munus
1574 4785 1787 4867 apostolicum
1815 4787 1939 4853 electus
1966 4789 2031 4852 fuit
2052 4788 2157 4859 Iudas.

144 4863 270 4944 colligit
297 4864 449 4948 Pighius,
491 4866 532 4931 ab
566 4868 741 4933 hominum
774 4870 1020 4951 perseverantia
1052 4890 1125 4934 sus·
1150 4910 1153 4993 1
1177 4900 1383 4907 --·--

143 4969 281 5033 pensam
307 4970 379 5014 esse
413 4950 546 5017 divinae
579 4955 749 5020 electionis
784 4954 1014 5020 constantiam:
1050 4956 1153 5103 quia*
1247 4937 1278 5071 ᾗ)
1295 4952 1397 5061 ῗξίΰῖξὲ
1415 4938 1670 5063 au⁸⁵¹.ieeii1³1iti{{it
1688 4940 1981 5077 cnpffislnsgtogiecgi.
2000 5011 2156 5066 semblables

142 5035 179 5099 111
204 5034 352 5134 ,1111111111
379 5055 508 5134 1119111111
535 5040 682 5138 (111111111111
710 5039 890 5106 (1111111011
916 5061 1050 5106 1111191111
1076 5047 1127 5106 1111
1178 5023 1393 5129 oecumenicus
1410 5091 1439 5129 ra
1458 5092 1473 5130 e
1491 5083 1585 5132 contro
1604 5084 1678 5132 ceste
1696 5093 1841 5145 response:
1860 5079 1928 5133 mais
1946 5080 1972 5133 ia
1999 5080 2061 5148 puis
2087 5095 2155 5134 mon·

143 5127 182 5184 ut
203 5120 261 5184 illa
283 5119 498 5185 fflhllOmlssllfl
519 5122 673 5190 Obtfflsssst·
1150 5112 1153 5183 1
1181 5151 1252 5198 strar
1270 5159 1333 5199 sans
1350 5145 1422 5199 nulle
1440 5093 1571 5199 difficolt&
1589 5147 1667 5213 qu'ils
1684 5146 1824 5202 bataillent
1842 5154 1937 5203 contre
1956 5147 2034 5203 Diem
