<?xml version="1.0" encoding="UTF-8"?>
<!DOCTYPE html PUBLIC "-//W3C//DTD XHTML 1.0 Transitional//EN"
    "http://www.w3.org/TR/xhtml1/DTD/xhtml1-transitional.dtd">
<html xmlns="http://www.w3.org/1999/xhtml" xml:lang="en" lang="en">
 <head>
  <title>
</title>
<meta http-equiv="Content-Type" content="text/html;charset=utf-8" />
  <meta name='ocr-system' content='tesseract 3.04.00' />
  <meta name='ocr-capabilities' content='ocr_page ocr_carea ocr_par ocr_line ocrx_word'/>
</head>
<body>
  <div class='ocr_page' id='page_1' title='image "./ioanniscalvinio14calvgoog_0601.png"; bbox 0 0 4620 5894; ppageno 0'>
   <div class='ocr_carea' id='block_1_1' title="bbox 194 232 2216 309">
    <p class='ocr_par' dir='ltr' id='par_1_1' title="bbox 194 232 2216 309">
     <span class='ocr_line' id='line_1_1' title="bbox 194 232 2216 309; baseline -0.004 -2"><span class='ocrx_word' id='word_1_1' title='bbox 194 242 262 309; x_wconf 71' lang='lat'><strong>259</strong></span> <span class='ocrx_word' id='word_1_2' title='bbox 1000 236 1067 305; x_wconf 79' lang='lat' dir='ltr'><strong>Du</strong></span> <span class='ocrx_word' id='word_1_3' title='bbox 1089 236 1312 303; x_wconf 68' lang='lat' dir='ltr'><strong>aarum</strong></span> <span class='ocrx_word' id='word_1_4' title='bbox 1331 235 1416 303; x_wconf 86' lang='lat' dir='ltr'><strong>DEI</strong></span> <span class='ocrx_word' id='word_1_5' title='bbox 2155 232 2216 299; x_wconf 80' lang='grc'><strong>260</strong></span> 
     </span>
    </p>
   </div>
   <div class='ocr_carea' id='block_1_2' title="bbox 177 421 2221 3506">
    <p class='ocr_par' dir='ltr' id='par_1_2' title="bbox 177 421 2221 3506">
     <span class='ocr_line' id='line_1_2' title="bbox 196 421 2215 514; baseline -0.003 -20"><span class='ocrx_word' id='word_1_6' title='bbox 196 427 312 514; x_wconf 87' lang='lat' dir='ltr'><strong>phetis</strong></span> <span class='ocrx_word' id='word_1_7' title='bbox 334 426 437 512; x_wconf 83' lang='lat' dir='ltr'><strong>digua</strong></span> <span class='ocrx_word' id='word_1_8' title='bbox 456 434 508 494; x_wconf 86' lang='lat' dir='ltr'><strong>cst</strong></span> <span class='ocrx_word' id='word_1_9' title='bbox 528 426 627 494; x_wconf 92' lang='lat' dir='ltr'><strong>hodie</strong></span> <span class='ocrx_word' id='word_1_10' title='bbox 647 425 754 493; x_wconf 88' lang='lat' dir='ltr'><strong>maior</strong></span> <span class='ocrx_word' id='word_1_11' title='bbox 774 446 852 510; x_wconf 88' lang='lat' dir='ltr'><strong>pars</strong></span> <span class='ocrx_word' id='word_1_12' title='bbox 873 426 1063 492; x_wconf 92' lang='lat' dir='ltr'><strong>hominum:</strong></span> <span class='ocrx_word' id='word_1_13' title='bbox 1105 446 1185 508; x_wconf 92' lang='lat' dir='ltr'><strong>quo·</strong></span> <span class='ocrx_word' id='word_1_14' title='bbox 1236 425 1284 490; x_wconf 85' lang='lat' dir='ltr'><strong>Et</strong></span> <span class='ocrx_word' id='word_1_15' title='bbox 1305 433 1417 490; x_wconf 86' lang='lat' dir='ltr'><strong>tamen</strong></span> <span class='ocrx_word' id='word_1_16' title='bbox 1439 426 1487 492; x_wconf 89' lang='lat' dir='ltr'><strong>ita</strong></span> <span class='ocrx_word' id='word_1_17' title='bbox 1504 424 1717 510; x_wconf 77' lang='lat' dir='ltr'><strong>supercilium</strong></span> <span class='ocrx_word' id='word_1_18' title='bbox 1730 444 1790 489; x_wconf 90' lang='lat' dir='ltr'><strong>suo</strong></span> <span class='ocrx_word' id='word_1_19' title='bbox 1807 442 1899 488; x_wconf 89' lang='lat' dir='ltr'><strong>more</strong></span> <span class='ocrx_word' id='word_1_20' title='bbox 1915 421 2037 487; x_wconf 91' lang='lat' dir='ltr'><strong>attollit</strong></span> <span class='ocrx_word' id='word_1_21' title='bbox 2049 422 2215 505; x_wconf 88' lang='lat' dir='ltr'><strong>impostor,</strong></span> 
     </span>
     <span class='ocr_line' id='line_1_3' title="bbox 199 507 2217 597; baseline -0.003 -17"><span class='ocrx_word' id='word_1_22' title='bbox 199 535 277 580; x_wconf 90' lang='lat' dir='ltr'><strong>rum</strong></span> <span class='ocrx_word' id='word_1_23' title='bbox 308 513 432 597; x_wconf 86' lang='lat' dir='ltr'><strong>partim</strong></span> <span class='ocrx_word' id='word_1_24' title='bbox 464 532 521 579; x_wconf 89' lang='lat' dir='ltr'><strong>cor</strong></span> <span class='ocrx_word' id='word_1_25' title='bbox 558 514 595 578; x_wconf 94' lang='lat' dir='ltr'><strong>in</strong></span> <span class='ocrx_word' id='word_1_26' title='bbox 627 511 754 579; x_wconf 87' lang='lat' dir='ltr'><strong>malitia</strong></span> <span class='ocrx_word' id='word_1_27' title='bbox 785 510 988 579; x_wconf 90' lang='lat' dir='ltr'><strong>obstinatum</strong></span> <span class='ocrx_word' id='word_1_28' title='bbox 1020 509 1186 576; x_wconf 90' lang='lat' dir='ltr'><strong>medelam</strong></span> <span class='ocrx_word' id='word_1_29' title='bbox 1237 530 1276 575; x_wconf 90' lang='lat' dir='ltr'><strong>ac</strong></span> <span class='ocrx_word' id='word_1_30' title='bbox 1304 511 1332 577; x_wconf 91' lang='lat' dir='ltr'><strong>si</strong></span> <span class='ocrx_word' id='word_1_31' title='bbox 1360 511 1568 578; x_wconf 90' lang='lat' dir='ltr'><strong>reconditum</strong></span> <span class='ocrx_word' id='word_1_32' title='bbox 1601 511 1711 576; x_wconf 87' lang='lat' dir='ltr'><strong>nescio</strong></span> <span class='ocrx_word' id='word_1_33' title='bbox 1744 507 1836 593; x_wconf 90' lang='lat' dir='ltr'><strong>quid,</strong></span> <span class='ocrx_word' id='word_1_34' title='bbox 1870 522 1904 573; x_wconf 89' lang='lat' dir='ltr'><strong>et</strong></span> <span class='ocrx_word' id='word_1_35' title='bbox 1935 527 2110 591; x_wconf 89' lang='lat' dir='ltr'><strong>nunquam</strong></span> <span class='ocrx_word' id='word_1_36' title='bbox 2143 514 2217 574; x_wconf 85' lang='lat' dir='ltr'><strong>ante</strong></span> 
     </span>
     <span class='ocr_line' id='line_1_4' title="bbox 199 594 2217 682; baseline -0.003 -17"><span class='ocrx_word' id='word_1_37' title='bbox 199 599 329 665; x_wconf 81' lang='lat' dir='ltr'><strong>nullam</strong></span> <span class='ocrx_word' id='word_1_38' title='bbox 351 598 485 682; x_wconf 90' lang='lat' dir='ltr'><strong>recipit,</strong></span> <span class='ocrx_word' id='word_1_39' title='bbox 519 599 643 681; x_wconf 84' lang='lat' dir='ltr'><strong>partim</strong></span> <span class='ocrx_word' id='word_1_40' title='bbox 675 617 774 664; x_wconf 89' lang='lat' dir='ltr'><strong>aures</strong></span> <span class='ocrx_word' id='word_1_41' title='bbox 799 596 978 663; x_wconf 76' lang='lat' dir='ltr'><strong>insatiabili</strong></span> <span class='ocrx_word' id='word_1_42' title='bbox 1005 616 1185 680; x_wconf 87' lang='lat' dir='ltr'><strong>pravarum</strong></span> <span class='ocrx_word' id='word_1_43' title='bbox 1238 594 1404 677; x_wconf 89' lang='lat' dir='ltr'><strong>auditum,</strong></span> <span class='ocrx_word' id='word_1_44' title='bbox 1444 620 1487 663; x_wconf 81' lang='lat' dir='ltr'><strong>ex</strong></span> <span class='ocrx_word' id='word_1_45' title='bbox 1527 595 1656 680; x_wconf 82' lang='lat' dir='ltr'><strong>tripode</strong></span> <span class='ocrx_word' id='word_1_46' title='bbox 1692 594 1858 678; x_wconf 83' lang='lat' dir='ltr'><strong>Apollinis</strong></span> <span class='ocrx_word' id='word_1_47' title='bbox 1894 594 2075 677; x_wconf 85' lang='lat' dir='ltr'><strong>proferret:</strong></span> <span class='ocrx_word' id='word_1_48' title='bbox 2118 614 2217 676; x_wconf 90' lang='lat' dir='ltr'><strong>quum</strong></span> 
     </span>
     <span class='ocr_line' id='line_1_5' title="bbox 200 678 2216 769; baseline -0.003 -16"><span class='ocrx_word' id='word_1_49' title='bbox 200 684 464 769; x_wconf 88' lang='lat' dir='ltr'><strong>speculationum</strong></span> <span class='ocrx_word' id='word_1_50' title='bbox 485 682 649 751; x_wconf 89' lang='lat' dir='ltr'><strong>desiderio</strong></span> <span class='ocrx_word' id='word_1_51' title='bbox 665 684 832 767; x_wconf 86' lang='lat' dir='ltr'><strong>pruriunt</strong></span> <span class='ocrx_word' id='word_1_52' title='bbox 859 681 949 749; x_wconf 83' lang='lat' dir='ltr'><strong>Sunt</strong></span> <span class='ocrx_word' id='word_1_53' title='bbox 971 682 1027 747; x_wconf 91' lang='lat' dir='ltr'><strong>alii</strong></span> <span class='ocrx_word' id='word_1_54' title='bbox 1048 683 1186 748; x_wconf 68' lang='lat' dir='ltr'><strong>sonasse</strong></span> <span class='ocrx_word' id='word_1_55' title='bbox 1237 690 1351 747; x_wconf 86' lang='lat' dir='ltr'><strong>tamen</strong></span> <span class='ocrx_word' id='word_1_56' title='bbox 1372 683 1453 748; x_wconf 88' lang='lat' dir='ltr'><strong>trita</strong></span> <span class='ocrx_word' id='word_1_57' title='bbox 1474 683 1517 748; x_wconf 89' lang='lat' dir='ltr'><strong>sit</strong></span> <span class='ocrx_word' id='word_1_58' title='bbox 1538 682 1649 766; x_wconf 89' lang='lat' dir='ltr'><strong>pueris</strong></span> <span class='ocrx_word' id='word_1_59' title='bbox 1670 681 1844 748; x_wconf 80' lang='lat' dir='ltr'><strong>cantilena.</strong></span> <span class='ocrx_word' id='word_1_60' title='bbox 1868 678 1956 761; x_wconf 81' lang='lat' dir='ltr'><strong>Quia</strong></span> <span class='ocrx_word' id='word_1_61' title='bbox 1977 688 2091 745; x_wconf 71' lang='lat' dir='ltr'><strong>mmen</strong></span> <span class='ocrx_word' id='word_1_62' title='bbox 2111 678 2216 747; x_wconf 90' lang='lat' dir='ltr'><strong>adhuc</strong></span> 
     </span>
     <span class='ocr_line' id='line_1_6' title="bbox 177 763 2216 855; baseline -0.002 -20"><span class='ocrx_word' id='word_1_63' title='bbox 177 764 259 855; x_wconf 77' lang='lat' dir='ltr'><strong>&#39;qui</strong></span> <span class='ocrx_word' id='word_1_64' title='bbox 273 770 419 836; x_wconf 89' lang='lat' dir='ltr'><strong>libenter</strong></span> <span class='ocrx_word' id='word_1_65' title='bbox 434 768 488 837; x_wconf 87' lang='lat' dir='ltr'><strong>vel</strong></span> <span class='ocrx_word' id='word_1_66' title='bbox 504 790 580 836; x_wconf 94' lang='lat' dir='ltr'><strong>cum</strong></span> <span class='ocrx_word' id='word_1_67' title='bbox 597 767 756 836; x_wconf 91' lang='lat' dir='ltr'><strong>dedecore</strong></span> <span class='ocrx_word' id='word_1_68' title='bbox 772 770 1024 835; x_wconf 82' lang='lat' dir='ltr'><strong>innotescerent</strong></span> <span class='ocrx_word' id='word_1_69' title='bbox 1057 768 1186 833; x_wconf 83' lang='lat' dir='ltr'><strong>Verum</strong></span> <span class='ocrx_word' id='word_1_70' title='bbox 1237 788 1273 833; x_wconf 91' lang='lat' dir='ltr'><strong>se</strong></span> <span class='ocrx_word' id='word_1_71' title='bbox 1300 767 1498 851; x_wconf 91' lang='lat' dir='ltr'><strong>impeditum</strong></span> <span class='ocrx_word' id='word_1_72' title='bbox 1518 768 1625 835; x_wconf 89' lang='lat' dir='ltr'><strong>teneri</strong></span> <span class='ocrx_word' id='word_1_73' title='bbox 1644 765 1820 847; x_wconf 76' lang='lat' dir='ltr'><strong>sentiebat,</strong></span> <span class='ocrx_word' id='word_1_74' title='bbox 1850 763 2014 849; x_wconf 78' lang='lat' dir='ltr'><strong>duplicem</strong></span> <span class='ocrx_word' id='word_1_75' title='bbox 2037 766 2103 830; x_wconf 90' lang='lat' dir='ltr'><strong>Dei</strong></span> <span class='ocrx_word' id='word_1_76' title='bbox 2123 784 2216 849; x_wconf 86' lang='lat' dir='ltr'><strong>prae·</strong></span> 
     </span>
     <span class='ocr_line' id='line_1_7' title="bbox 202 849 2217 939; baseline -0.001 -19"><span class='ocrx_word' id='word_1_77' title='bbox 202 861 278 935; x_wconf 85' lang='lat' dir='ltr'><strong>[pag.</strong></span> <span class='ocrx_word' id='word_1_78' title='bbox 293 861 357 934; x_wconf 72' lang='lat'><strong>131,</strong></span> <span class='ocrx_word' id='word_1_79' title='bbox 380 875 558 939; x_wconf 91' lang='lat' dir='ltr'><strong>suppresso</strong></span> <span class='ocrx_word' id='word_1_80' title='bbox 576 875 693 921; x_wconf 88' lang='lat' dir='ltr'><strong>corum</strong></span> <span class='ocrx_word' id='word_1_81' title='bbox 708 854 852 935; x_wconf 88' lang='lat' dir='ltr'><strong>nominc,</strong></span> <span class='ocrx_word' id='word_1_82' title='bbox 875 855 1015 921; x_wconf 87' lang='lat' dir='ltr'><strong>efficiam</strong></span> <span class='ocrx_word' id='word_1_83' title='bbox 1031 861 1071 919; x_wconf 90' lang='lat' dir='ltr'><strong>ut</strong></span> <span class='ocrx_word' id='word_1_84' title='bbox 1087 853 1187 918; x_wconf 89' lang='lat' dir='ltr'><strong>intel-</strong></span> <span class='ocrx_word' id='word_1_85' title='bbox 1238 852 1409 919; x_wconf 86' lang='lat' dir='ltr'><strong>scientiam</strong></span> <span class='ocrx_word' id='word_1_86' title='bbox 1440 854 1563 938; x_wconf 86' lang='lat' dir='ltr'><strong>ingerit</strong></span> <span class='ocrx_word' id='word_1_87' title='bbox 1575 856 1600 938; x_wconf 90' lang='lat'><strong>¹)</strong></span> <span class='ocrx_word' id='word_1_88' title='bbox 1630 857 1798 932; x_wconf 77' lang='lat' dir='ltr'><strong>{pag.1t]:</strong></span> <span class='ocrx_word' id='word_1_89' title='bbox 1843 849 1941 933; x_wconf 77' lang='lat' dir='ltr'><strong>Quod</strong></span> <span class='ocrx_word' id='word_1_90' title='bbox 1973 850 2069 917; x_wconf 91' lang='lat' dir='ltr'><strong>Deus</strong></span> <span class='ocrx_word' id='word_1_91' title='bbox 2096 850 2217 918; x_wconf 87' lang='lat' dir='ltr'><strong>seilicet</strong></span> 
     </span>
     <span class='ocr_line' id='line_1_8' title="bbox 199 936 2217 1026; baseline -0.002 -19"><span class='ocrx_word' id='word_1_92' title='bbox 199 941 310 1026; x_wconf 88' lang='lat' dir='ltr'><strong>ligant</strong></span> <span class='ocrx_word' id='word_1_93' title='bbox 336 940 490 1017; x_wconf 87' lang='lat' dir='ltr'><strong>lectores,</strong></span> <span class='ocrx_word' id='word_1_94' title='bbox 522 961 623 1024; x_wconf 89' lang='lat' dir='ltr'><strong>quam</strong></span> <span class='ocrx_word' id='word_1_95' title='bbox 651 940 770 1007; x_wconf 85' lang='lat' dir='ltr'><strong>frivola</strong></span> <span class='ocrx_word' id='word_1_96' title='bbox 792 940 860 1006; x_wconf 93' lang='lat' dir='ltr'><strong>sint</strong></span> <span class='ocrx_word' id='word_1_97' title='bbox 887 960 924 1006; x_wconf 89' lang='lat' dir='ltr'><strong>ac</strong></span> <span class='ocrx_word' id='word_1_98' title='bbox 951 938 1049 1005; x_wconf 92' lang='lat' dir='ltr'><strong>nihili</strong></span> <span class='ocrx_word' id='word_1_99' title='bbox 1076 940 1188 1005; x_wconf 90' lang='lat' dir='ltr'><strong>omnia</strong></span> <span class='ocrx_word' id='word_1_100' title='bbox 1238 939 1330 1022; x_wconf 91' lang='lat' dir='ltr'><strong>prius</strong></span> <span class='ocrx_word' id='word_1_101' title='bbox 1348 940 1482 1005; x_wconf 90' lang='lat' dir='ltr'><strong>creandi</strong></span> <span class='ocrx_word' id='word_1_102' title='bbox 1509 939 1551 1005; x_wconf 89' lang='lat' dir='ltr'><strong>ad</strong></span> <span class='ocrx_word' id='word_1_103' title='bbox 1580 940 1686 1005; x_wconf 84' lang='lat' dir='ltr'><strong>vitam</strong></span> <span class='ocrx_word' id='word_1_104' title='bbox 1715 938 1860 1002; x_wconf 91' lang='lat' dir='ltr'><strong>hominis</strong></span> <span class='ocrx_word' id='word_1_105' title='bbox 1887 936 2062 1003; x_wconf 90' lang='lat' dir='ltr'><strong>consilium</strong></span> <span class='ocrx_word' id='word_1_106' title='bbox 2085 939 2217 1020; x_wconf 89' lang='lat' dir='ltr'><strong>ceperit,</strong></span> 
     </span>
     <span class='ocr_line' id='line_1_9' title="bbox 200 1022 2217 1110; baseline -0.001 -19"><span class='ocrx_word' id='word_1_107' title='bbox 200 1028 347 1110; x_wconf 88' lang='lat' dir='ltr'><strong>ipsorum</strong></span> <span class='ocrx_word' id='word_1_108' title='bbox 369 1025 505 1093; x_wconf 87' lang='lat' dir='ltr'><strong>obiecta.</strong></span> <span class='ocrx_word' id='word_1_109' title='bbox 1238 1045 1338 1107; x_wconf 90' lang='lat' dir='ltr'><strong>quam</strong></span> <span class='ocrx_word' id='word_1_110' title='bbox 1365 1026 1437 1091; x_wconf 91' lang='lat' dir='ltr'><strong>eius</strong></span> <span class='ocrx_word' id='word_1_111' title='bbox 1464 1026 1596 1108; x_wconf 87' lang='lat' dir='ltr'><strong>lapsum</strong></span> <span class='ocrx_word' id='word_1_112' title='bbox 1625 1024 1820 1109; x_wconf 87' lang='lat' dir='ltr'><strong>praesciret,</strong></span> <span class='ocrx_word' id='word_1_113' title='bbox 1853 1022 1989 1105; x_wconf 88' lang='lat' dir='ltr'><strong>ideoque</strong></span> <span class='ocrx_word' id='word_1_114' title='bbox 2015 1022 2136 1089; x_wconf 89' lang='lat' dir='ltr'><strong>salutis</strong></span> <span class='ocrx_word' id='word_1_115' title='bbox 2158 1023 2217 1089; x_wconf 93' lang='lat' dir='ltr'><strong>hu·</strong></span> 
     </span>
     <span class='ocr_line' id='line_1_10' title="bbox 287 1106 2218 1196; baseline -0.003 -19"><span class='ocrx_word' id='word_1_116' title='bbox 287 1112 331 1177; x_wconf 92' lang='lat' dir='ltr'><strong>In</strong></span> <span class='ocrx_word' id='word_1_117' title='bbox 352 1111 474 1196; x_wconf 89' lang='lat' dir='ltr'><strong>Pighio</strong></span> <span class='ocrx_word' id='word_1_118' title='bbox 502 1132 593 1179; x_wconf 90' lang='lat' dir='ltr'><strong>nuno</strong></span> <span class='ocrx_word' id='word_1_119' title='bbox 621 1117 655 1177; x_wconf 89' lang='lat' dir='ltr'><strong>et</strong></span> <span class='ocrx_word' id='word_1_120' title='bbox 683 1110 830 1194; x_wconf 81' lang='lat' dir='ltr'><strong>Georgia</strong></span> <span class='ocrx_word' id='word_1_121' title='bbox 859 1109 971 1177; x_wconf 83' lang='lat' dir='ltr'><strong>Siculo</strong></span> <span class='ocrx_word' id='word_1_122' title='bbox 999 1109 1187 1177; x_wconf 83' lang='lat' dir='ltr'><strong>belluarum</strong></span> <span class='ocrx_word' id='word_1_123' title='bbox 1238 1129 1357 1175; x_wconf 91' lang='lat' dir='ltr'><strong>manae</strong></span> <span class='ocrx_word' id='word_1_124' title='bbox 1375 1110 1530 1195; x_wconf 85' lang='lat' dir='ltr'><strong>cogitatio</strong></span> <span class='ocrx_word' id='word_1_125' title='bbox 1548 1110 1664 1176; x_wconf 91' lang='lat' dir='ltr'><strong>mortis</strong></span> <span class='ocrx_word' id='word_1_126' title='bbox 1685 1108 1935 1193; x_wconf 85' lang='lat' dir='ltr'><strong>praescientiam</strong></span> <span class='ocrx_word' id='word_1_127' title='bbox 1955 1106 2073 1173; x_wconf 89' lang='lat' dir='ltr'><strong>ordine</strong></span> <span class='ocrx_word' id='word_1_128' title='bbox 2093 1108 2218 1193; x_wconf 90' lang='lat' dir='ltr'><strong>inipso</strong></span> 
     </span>
     <span class='ocr_line' id='line_1_11' title="bbox 201 1192 2217 1283; baseline -0.001 -19"><span class='ocrx_word' id='word_1_129' title='bbox 201 1218 264 1283; x_wconf 91' lang='lat' dir='ltr'><strong>par</strong></span> <span class='ocrx_word' id='word_1_130' title='bbox 280 1218 349 1264; x_wconf 92' lang='lat' dir='ltr'><strong>non</strong></span> <span class='ocrx_word' id='word_1_131' title='bbox 370 1197 458 1263; x_wconf 90' lang='lat' dir='ltr'><strong>male</strong></span> <span class='ocrx_word' id='word_1_132' title='bbox 483 1206 710 1280; x_wconf 89' lang='lat' dir='ltr'><strong>comparatum</strong></span> <span class='ocrx_word' id='word_1_133' title='bbox 736 1216 918 1280; x_wconf 88' lang='lat' dir='ltr'><strong>proponere</strong></span> <span class='ocrx_word' id='word_1_134' title='bbox 944 1196 1054 1262; x_wconf 90' lang='lat' dir='ltr'><strong>statui.</strong></span> <span class='ocrx_word' id='word_1_135' title='bbox 1099 1195 1186 1261; x_wconf 89' lang='lat' dir='ltr'><strong>Nam</strong></span> <span class='ocrx_word' id='word_1_136' title='bbox 1237 1192 1310 1261; x_wconf 91' lang='lat' dir='ltr'><strong>Deo</strong></span> <span class='ocrx_word' id='word_1_137' title='bbox 1328 1198 1552 1278; x_wconf 86' lang='lat' dir='ltr'><strong>praecesserit.</strong></span> <span class='ocrx_word' id='word_1_138' title='bbox 1575 1196 1622 1261; x_wconf 81' lang='lat' dir='ltr'><strong>Et</strong></span> <span class='ocrx_word' id='word_1_139' title='bbox 1638 1216 1740 1279; x_wconf 90' lang='lat' dir='ltr'><strong>quum</strong></span> <span class='ocrx_word' id='word_1_140' title='bbox 1757 1194 1840 1261; x_wconf 91' lang='lat' dir='ltr'><strong>haec</strong></span> <span class='ocrx_word' id='word_1_141' title='bbox 1856 1193 2018 1259; x_wconf 90' lang='lat' dir='ltr'><strong>lutulento</strong></span> <span class='ocrx_word' id='word_1_142' title='bbox 2039 1192 2217 1261; x_wconf 86' lang='lat' dir='ltr'><strong>verborum</strong></span> 
     </span>
     <span class='ocr_line' id='line_1_12' title="bbox 201 1279 2217 1367; baseline -0.002 -18"><span class='ocrx_word' id='word_1_143' title='bbox 201 1284 264 1351; x_wconf 90' lang='lat' dir='ltr'><strong>etsi</strong></span> <span class='ocrx_word' id='word_1_144' title='bbox 292 1281 488 1367; x_wconf 88' lang='lat' dir='ltr'><strong>quibusdam</strong></span> <span class='ocrx_word' id='word_1_145' title='bbox 517 1283 554 1347; x_wconf 93' lang='lat' dir='ltr'><strong>in</strong></span> <span class='ocrx_word' id='word_1_146' title='bbox 582 1281 681 1348; x_wconf 90' lang='lat' dir='ltr'><strong>rebus</strong></span> <span class='ocrx_word' id='word_1_147' title='bbox 707 1282 810 1347; x_wconf 82' lang='lat' dir='ltr'><strong>hrisse</strong></span> <span class='ocrx_word' id='word_1_148' title='bbox 835 1281 982 1365; x_wconf 88' lang='lat' dir='ltr'><strong>dispares</strong></span> <span class='ocrx_word' id='word_1_149' title='bbox 1004 1283 1123 1359; x_wconf 87' lang='lat' dir='ltr'><strong>fateor,</strong></span> <span class='ocrx_word' id='word_1_150' title='bbox 1151 1281 1187 1345; x_wconf 93' lang='lat' dir='ltr'><strong>in</strong></span> <span class='ocrx_word' id='word_1_151' title='bbox 1239 1290 1385 1346; x_wconf 86' lang='lat' dir='ltr'><strong>torrente</strong></span> <span class='ocrx_word' id='word_1_152' title='bbox 1406 1282 1556 1361; x_wconf 82' lang='lat' dir='ltr'><strong>involvit,</strong></span> <span class='ocrx_word' id='word_1_153' title='bbox 1578 1288 1674 1365; x_wconf 85' lang='lat' dir='ltr'><strong>putat</strong></span> <span class='ocrx_word' id='word_1_154' title='bbox 1694 1302 1730 1346; x_wconf 91' lang='lat' dir='ltr'><strong>se</strong></span> <span class='ocrx_word' id='word_1_155' title='bbox 1751 1282 1798 1344; x_wconf 91' lang='lat' dir='ltr'><strong>ita</strong></span> <span class='ocrx_word' id='word_1_156' title='bbox 1815 1279 1951 1346; x_wconf 88' lang='lat' dir='ltr'><strong>obruere</strong></span> <span class='ocrx_word' id='word_1_157' title='bbox 1968 1279 2132 1345; x_wconf 89' lang='lat' dir='ltr'><strong>lectorum</strong></span> <span class='ocrx_word' id='word_1_158' title='bbox 2145 1302 2217 1347; x_wconf 90' lang='lat' dir='ltr'><strong>sen·</strong></span> 
     </span>
     <span class='ocr_line' id='line_1_13' title="bbox 199 1365 2219 1454; baseline -0.002 -19"><span class='ocrx_word' id='word_1_159' title='bbox 199 1366 367 1454; x_wconf 88' lang='lat' dir='ltr'><strong>fingendis</strong></span> <span class='ocrx_word' id='word_1_160' title='bbox 389 1376 502 1435; x_wconf 89' lang='lat' dir='ltr'><strong>tamen</strong></span> <span class='ocrx_word' id='word_1_161' title='bbox 524 1388 676 1434; x_wconf 89' lang='lat' dir='ltr'><strong>errorum</strong></span> <span class='ocrx_word' id='word_1_162' title='bbox 696 1370 871 1450; x_wconf 90' lang='lat' dir='ltr'><strong>portentis,</strong></span> <span class='ocrx_word' id='word_1_163' title='bbox 899 1369 937 1432; x_wconf 92' lang='lat' dir='ltr'><strong>in</strong></span> <span class='ocrx_word' id='word_1_164' title='bbox 956 1368 1090 1433; x_wconf 88' lang='lat' dir='ltr'><strong>lieentia</strong></span> <span class='ocrx_word' id='word_1_165' title='bbox 1110 1367 1187 1433; x_wconf 90' lang='lat' dir='ltr'><strong>bac·</strong></span> <span class='ocrx_word' id='word_1_166' title='bbox 1239 1387 1307 1445; x_wconf 87' lang='lat' dir='ltr'><strong>sus,</strong></span> <span class='ocrx_word' id='word_1_167' title='bbox 1328 1374 1369 1431; x_wconf 91' lang='lat' dir='ltr'><strong>nt</strong></span> <span class='ocrx_word' id='word_1_168' title='bbox 1389 1366 1474 1431; x_wconf 92' lang='lat' dir='ltr'><strong>nihil</strong></span> <span class='ocrx_word' id='word_1_169' title='bbox 1496 1366 1700 1434; x_wconf 89' lang='lat' dir='ltr'><strong>discernant:</strong></span> <span class='ocrx_word' id='word_1_170' title='bbox 1730 1365 1789 1432; x_wconf 93' lang='lat' dir='ltr'><strong>sed</strong></span> <span class='ocrx_word' id='word_1_171' title='bbox 1810 1386 1871 1450; x_wconf 89' lang='lat' dir='ltr'><strong>ego</strong></span> <span class='ocrx_word' id='word_1_172' title='bbox 1891 1387 1966 1430; x_wconf 87' lang='lat' dir='ltr'><strong>mea</strong></span> <span class='ocrx_word' id='word_1_173' title='bbox 1987 1366 2161 1446; x_wconf 86' lang='lat' dir='ltr'><strong>brevitate,</strong></span> <span class='ocrx_word' id='word_1_174' title='bbox 2183 1376 2219 1432; x_wconf 91' lang='lat' dir='ltr'><strong>ut</strong></span> 
     </span>
     <span class='ocr_line' id='line_1_14' title="bbox 200 1450 2218 1537; baseline -0.002 -15"><span class='ocrx_word' id='word_1_175' title='bbox 200 1452 332 1533; x_wconf 70' lang='lat' dir='ltr'><strong>manci,</strong></span> <span class='ocrx_word' id='word_1_176' title='bbox 355 1454 392 1519; x_wconf 93' lang='lat' dir='ltr'><strong>in</strong></span> <span class='ocrx_word' id='word_1_177' title='bbox 410 1452 570 1520; x_wconf 87' lang='lat' dir='ltr'><strong>scelerata</strong></span> <span class='ocrx_word' id='word_1_178' title='bbox 587 1451 822 1520; x_wconf 84' lang='lat' dir='ltr'><strong>adulterandae</strong></span> <span class='ocrx_word' id='word_1_179' title='bbox 840 1454 1022 1537; x_wconf 87' lang='lat' dir='ltr'><strong>scripturae</strong></span> <span class='ocrx_word' id='word_1_180' title='bbox 1041 1450 1186 1530; x_wconf 87' lang='lat' dir='ltr'><strong>audacia,</strong></span> <span class='ocrx_word' id='word_1_181' title='bbox 1238 1472 1350 1535; x_wconf 90' lang='lat' dir='ltr'><strong>spero,</strong></span> <span class='ocrx_word' id='word_1_182' title='bbox 1399 1452 1474 1517; x_wconf 90' lang='lat' dir='ltr'><strong>aulo</strong></span> <span class='ocrx_word' id='word_1_183' title='bbox 1501 1461 1576 1537; x_wconf 89' lang='lat' dir='ltr'><strong>post</strong></span> <span class='ocrx_word' id='word_1_184' title='bbox 1597 1452 1772 1519; x_wconf 84' lang='lat' dir='ltr'><strong>discutiam</strong></span> <span class='ocrx_word' id='word_1_185' title='bbox 1798 1451 2006 1535; x_wconf 83' lang='lat' dir='ltr'><strong>loquacitatis</strong></span> <span class='ocrx_word' id='word_1_186' title='bbox 2033 1451 2107 1517; x_wconf 89' lang='lat' dir='ltr'><strong>eius</strong></span> <span class='ocrx_word' id='word_1_187' title='bbox 2128 1461 2218 1518; x_wconf 86' lang='lat' dir='ltr'><strong>tene-</strong></span> 
     </span>
     <span class='ocr_line' id='line_1_15' title="bbox 199 1536 2219 1623; baseline -0.001 -17"><span class='ocrx_word' id='word_1_188' title='bbox 199 1540 238 1606; x_wconf 91' lang='lat' dir='ltr'><strong>in</strong></span> <span class='ocrx_word' id='word_1_189' title='bbox 265 1539 406 1623; x_wconf 89' lang='lat' dir='ltr'><strong>superbo</strong></span> <span class='ocrx_word' id='word_1_190' title='bbox 433 1540 587 1606; x_wconf 82' lang='lat' dir='ltr'><strong>veritatis</strong></span> <span class='ocrx_word' id='word_1_191' title='bbox 615 1546 822 1622; x_wconf 87' lang='lat' dir='ltr'><strong>contemptu,</strong></span> <span class='ocrx_word' id='word_1_192' title='bbox 855 1538 892 1603; x_wconf 92' lang='lat' dir='ltr'><strong>in</strong></span> <span class='ocrx_word' id='word_1_193' title='bbox 912 1540 1057 1622; x_wconf 90' lang='lat' dir='ltr'><strong>proiecta</strong></span> <span class='ocrx_word' id='word_1_194' title='bbox 1077 1538 1186 1621; x_wconf 90' lang='lat' dir='ltr'><strong>impu·</strong></span> <span class='ocrx_word' id='word_1_195' title='bbox 1237 1537 1323 1603; x_wconf 89' lang='lat' dir='ltr'><strong>bras.</strong></span> <span class='ocrx_word' id='word_1_196' title='bbox 1404 1538 1507 1623; x_wconf 91' lang='lat' dir='ltr'><strong>eorgii</strong></span> <span class='ocrx_word' id='word_1_197' title='bbox 1527 1546 1749 1605; x_wconf 88' lang='lat' dir='ltr'><strong>commentum</strong></span> <span class='ocrx_word' id='word_1_198' title='bbox 1771 1545 1830 1615; x_wconf 89' lang='lat' dir='ltr'><strong>est,</strong></span> <span class='ocrx_word' id='word_1_199' title='bbox 1848 1557 1915 1602; x_wconf 92' lang='lat' dir='ltr'><strong>non</strong></span> <span class='ocrx_word' id='word_1_200' title='bbox 1936 1536 2039 1602; x_wconf 82' lang='lat' dir='ltr'><strong>fuisse</strong></span> <span class='ocrx_word' id='word_1_201' title='bbox 2059 1536 2151 1604; x_wconf 91' lang='lat' dir='ltr'><strong>hunc</strong></span> <span class='ocrx_word' id='word_1_202' title='bbox 2168 1537 2219 1605; x_wconf 79' lang='lat' dir='ltr'><strong>sel</strong></span> 
     </span>
     <span class='ocr_line' id='line_1_16' title="bbox 200 1620 2219 1725; baseline -0.001 -34"><span class='ocrx_word' id='word_1_203' title='bbox 200 1624 331 1725; x_wconf 77' lang='lat' dir='ltr'><strong>dantia,</strong></span> <span class='ocrx_word' id='word_1_204' title='bbox 365 1626 401 1690; x_wconf 93' lang='lat' dir='ltr'><strong>in</strong></span> <span class='ocrx_word' id='word_1_205' title='bbox 429 1632 585 1724; x_wconf 74' lang='lat' dir='ltr'><strong>proterva</strong></span> <span class='ocrx_word' id='word_1_206' title='bbox 612 1624 826 1709; x_wconf 82' lang='lat' dir='ltr'><strong>loquacitate,</strong></span> <span class='ocrx_word' id='word_1_207' title='bbox 860 1645 991 1725; x_wconf 79' lang='lat' dir='ltr'><strong>summa</strong></span> <span class='ocrx_word' id='word_1_208' title='bbox 1013 1625 1099 1725; x_wconf 69' lang='lat' dir='ltr'><strong>inter</strong></span> <span class='ocrx_word' id='word_1_209' title='bbox 1131 1643 1187 1689; x_wconf 89' lang='lat' dir='ltr'><strong>eos</strong></span> <span class='ocrx_word' id='word_1_210' title='bbox 1238 1622 1334 1721; x_wconf 81' lang='lat' dir='ltr'><strong>illum</strong></span> <span class='ocrx_word' id='word_1_211' title='bbox 1360 1623 1642 1707; x_wconf 89' lang='lat' dir='ltr'><strong>praedestinatum</strong></span> <span class='ocrx_word' id='word_1_212' title='bbox 1669 1622 1710 1689; x_wconf 89' lang='lat' dir='ltr'><strong>ad</strong></span> <span class='ocrx_word' id='word_1_213' title='bbox 1739 1622 1893 1688; x_wconf 87' lang='lat' dir='ltr'><strong>salutem:</strong></span> <span class='ocrx_word' id='word_1_214' title='bbox 1927 1620 1987 1688; x_wconf 86' lang='lat' dir='ltr'><strong>sed</strong></span> <span class='ocrx_word' id='word_1_215' title='bbox 2012 1622 2128 1689; x_wconf 91' lang='lat' dir='ltr'><strong>Deum</strong></span> <span class='ocrx_word' id='word_1_216' title='bbox 2154 1630 2219 1689; x_wconf 89' lang='lat' dir='ltr'><strong>sta·</strong></span> 
     </span>
     <span class='ocr_line' id='line_1_17' title="bbox 200 1705 2219 1882; baseline -0 -20"><span class='ocrx_word' id='word_1_217' title='bbox 200 1706 1187 1882; x_wconf 48' lang='lat' dir='ltr'><strong>ffihhlldtllrlutsdlddbdbdheaghssoheuqdhllldhsiuadudhtpdllhd</strong></span> <span class='ocrx_word' id='word_1_218' title='bbox 1238 1716 1504 1878; x_wconf 49' lang='lat' dir='ltr'><strong>bhldseqdbblffi’</strong></span> <span class='ocrx_word' id='word_1_219' title='bbox 1527 1705 2219 1880; x_wconf 47' lang='lat' dir='ltr'><strong>(illduliotltllmbluddllohiqddllarrlrtpstdrtilffl</strong></span> 
     </span>
     <span class='ocr_line' id='line_1_18' title="bbox 199 1878 2219 1966; baseline -0.001 -19"><span class='ocrx_word' id='word_1_220' title='bbox 199 1882 333 1961; x_wconf 86' lang='lat' dir='ltr'><strong>inflans,</strong></span> <span class='ocrx_word' id='word_1_221' title='bbox 350 1882 476 1948; x_wconf 89' lang='lat' dir='ltr'><strong>maiore</strong></span> <span class='ocrx_word' id='word_1_222' title='bbox 497 1881 673 1949; x_wconf 89' lang='lat' dir='ltr'><strong>iactantiae</strong></span> <span class='ocrx_word' id='word_1_223' title='bbox 695 1901 818 1966; x_wconf 91' lang='lat' dir='ltr'><strong>pompa</strong></span> <span class='ocrx_word' id='word_1_224' title='bbox 839 1903 875 1949; x_wconf 89' lang='lat' dir='ltr'><strong>se</strong></span> <span class='ocrx_word' id='word_1_225' title='bbox 897 1882 1006 1947; x_wconf 85' lang='lat' dir='ltr'><strong>effert:</strong></span> <span class='ocrx_word' id='word_1_226' title='bbox 1029 1881 1114 1947; x_wconf 85' lang='lat' dir='ltr'><strong>alter</strong></span> <span class='ocrx_word' id='word_1_227' title='bbox 1131 1880 1187 1945; x_wconf 91' lang='lat' dir='ltr'><strong>ille</strong></span> <span class='ocrx_word' id='word_1_228' title='bbox 1240 1878 1328 1964; x_wconf 93' lang='lat' dir='ltr'><strong>quod</strong></span> <span class='ocrx_word' id='word_1_229' title='bbox 1367 1901 1387 1945; x_wconf 91' lang='lat' dir='ltr'><strong>a</strong></span> <span class='ocrx_word' id='word_1_230' title='bbox 1425 1882 1564 1947; x_wconf 92' lang='lat' dir='ltr'><strong>saeculis</strong></span> <span class='ocrx_word' id='word_1_231' title='bbox 1607 1888 1642 1946; x_wconf 94' lang='lat' dir='ltr'><strong>et</strong></span> <span class='ocrx_word' id='word_1_232' title='bbox 1684 1879 1950 1965; x_wconf 84' lang='lat' dir='ltr'><strong>generationibus</strong></span> <span class='ocrx_word' id='word_1_233' title='bbox 1990 1878 2219 1947; x_wconf 85' lang='lat' dir='ltr'><strong>absconditum</strong></span> 
     </span>
     <span class='ocr_line' id='line_1_19' title="bbox 200 1964 2219 2052; baseline -0.002 -18"><span class='ocrx_word' id='word_1_234' title='bbox 200 1967 391 2047; x_wconf 86' lang='lat' dir='ltr'><strong>cothurnos,</strong></span> <span class='ocrx_word' id='word_1_235' title='bbox 415 1967 534 2051; x_wconf 92' lang='lat' dir='ltr'><strong>quibus</strong></span> <span class='ocrx_word' id='word_1_236' title='bbox 555 1977 717 2052; x_wconf 82' lang='lat' dir='ltr'><strong>assurgat,</strong></span> <span class='ocrx_word' id='word_1_237' title='bbox 747 1989 789 2034; x_wconf 84' lang='lat' dir='ltr'><strong>ex</strong></span> <span class='ocrx_word' id='word_1_238' title='bbox 812 1967 1040 2035; x_wconf 89' lang='lat' dir='ltr'><strong>commentitia</strong></span> <span class='ocrx_word' id='word_1_239' title='bbox 1062 1966 1187 2033; x_wconf 83' lang='lat' dir='ltr'><strong>revela·</strong></span> <span class='ocrx_word' id='word_1_240' title='bbox 1240 1965 1363 2046; x_wconf 86' lang='lat' dir='ltr'><strong>fuerat,</strong></span> <span class='ocrx_word' id='word_1_241' title='bbox 1395 1966 1523 2033; x_wconf 85' lang='lat' dir='ltr'><strong>Christi</strong></span> <span class='ocrx_word' id='word_1_242' title='bbox 1552 1966 1698 2033; x_wconf 85' lang='lat' dir='ltr'><strong>adventu</strong></span> <span class='ocrx_word' id='word_1_243' title='bbox 1726 1975 1759 2031; x_wconf 92' lang='lat' dir='ltr'><strong>et</strong></span> <span class='ocrx_word' id='word_1_244' title='bbox 1786 1964 2030 2049; x_wconf 87' lang='lat' dir='ltr'><strong>praedicatione</strong></span> <span class='ocrx_word' id='word_1_245' title='bbox 2056 1966 2219 2051; x_wconf 86' lang='lat' dir='ltr'><strong>evangelii</strong></span> 
     </span>
     <span class='ocr_line' id='line_1_20' title="bbox 199 2051 2218 2138; baseline -0 -19"><span class='ocrx_word' id='word_1_246' title='bbox 199 2056 289 2119; x_wconf 88' lang='lat' dir='ltr'><strong>tione</strong></span> <span class='ocrx_word' id='word_1_247' title='bbox 313 2062 497 2119; x_wconf 90' lang='lat' dir='ltr'><strong>mutuatur.</strong></span> <span class='ocrx_word' id='word_1_248' title='bbox 542 2052 657 2135; x_wconf 81' lang='lat' dir='ltr'><strong>Quum</strong></span> <span class='ocrx_word' id='word_1_249' title='bbox 687 2060 797 2120; x_wconf 67' lang='lat' dir='ltr'><strong>auwm</strong></span> <span class='ocrx_word' id='word_1_250' title='bbox 825 2055 861 2119; x_wconf 92' lang='lat' dir='ltr'><strong>in</strong></span> <span class='ocrx_word' id='word_1_251' title='bbox 889 2053 1070 2119; x_wconf 85' lang='lat' dir='ltr'><strong>evertenda</strong></span> <span class='ocrx_word' id='word_1_252' title='bbox 1091 2072 1186 2136; x_wconf 89' lang='lat' dir='ltr'><strong>prae·</strong></span> <span class='ocrx_word' id='word_1_253' title='bbox 1239 2053 1441 2134; x_wconf 81' lang='lat' dir='ltr'><strong>patefactum</strong></span> <span class='ocrx_word' id='word_1_254' title='bbox 1462 2074 1534 2119; x_wconf 88' lang='lat' dir='ltr'><strong>esse</strong></span> <span class='ocrx_word' id='word_1_255' title='bbox 1555 2052 1666 2138; x_wconf 91' lang='lat' dir='ltr'><strong>(Rom.</strong></span> <span class='ocrx_word' id='word_1_256' title='bbox 1693 2056 1742 2131; x_wconf 87' lang='lat'><strong>16,</strong></span> <span class='ocrx_word' id='word_1_257' title='bbox 1761 2056 1817 2132; x_wconf 81' lang='lat'><strong>253</strong></span> <span class='ocrx_word' id='word_1_258' title='bbox 1840 2051 1961 2134; x_wconf 86' lang='lat' dir='ltr'><strong>Ephes.</strong></span> <span class='ocrx_word' id='word_1_259' title='bbox 1981 2054 2011 2129; x_wconf 83' lang='lat'><strong>3,</strong></span> <span class='ocrx_word' id='word_1_260' title='bbox 2036 2054 2073 2130; x_wconf 79' lang='lat'><strong>93</strong></span> <span class='ocrx_word' id='word_1_261' title='bbox 2097 2052 2218 2118; x_wconf 84' lang='lat' dir='ltr'><strong>Coloss.</strong></span> 
     </span>
     <span class='ocr_line' id='line_1_21' title="bbox 201 2137 2220 2238; baseline -0 -33"><span class='ocrx_word' id='word_1_262' title='bbox 201 2138 421 2206; x_wconf 85' lang='lat' dir='ltr'><strong>destinatione</strong></span> <span class='ocrx_word' id='word_1_263' title='bbox 460 2140 669 2206; x_wconf 89' lang='lat' dir='ltr'><strong>consentiant</strong></span> <span class='ocrx_word' id='word_1_264' title='bbox 701 2140 813 2220; x_wconf 89' lang='lat' dir='ltr'><strong>ambo,</strong></span> <span class='ocrx_word' id='word_1_265' title='bbox 853 2146 968 2224; x_wconf 91' lang='lat' dir='ltr'><strong>postea</strong></span> <span class='ocrx_word' id='word_1_266' title='bbox 999 2147 1113 2205; x_wconf 87' lang='lat' dir='ltr'><strong>tamen</strong></span> <span class='ocrx_word' id='word_1_267' title='bbox 1151 2137 1188 2201; x_wconf 93' lang='lat' dir='ltr'><strong>in</strong></span> <span class='ocrx_word' id='word_1_268' title='bbox 1243 2143 1269 2218; x_wconf 94' lang='lat' dir='ltr'><strong>l,</strong></span> <span class='ocrx_word' id='word_1_269' title='bbox 1294 2137 1360 2222; x_wconf 89' lang='grc'>26).</span> <span class='ocrx_word' id='word_1_270' title='bbox 1405 2138 1459 2204; x_wconf 89' lang='lat' dir='ltr'><strong>Ita</strong></span> <span class='ocrx_word' id='word_1_271' title='bbox 1481 2158 1597 2204; x_wconf 91' lang='lat' dir='ltr'><strong>secure</strong></span> <span class='ocrx_word' id='word_1_272' title='bbox 1619 2137 1775 2216; x_wconf 90' lang='lat' dir='ltr'><strong>elabitur,</strong></span> <span class='ocrx_word' id='word_1_273' title='bbox 1810 2157 1848 2204; x_wconf 85' lang='lat' dir='ltr'><strong>ao</strong></span> <span class='ocrx_word' id='word_1_274' title='bbox 1874 2138 1902 2201; x_wconf 95' lang='lat' dir='ltr'><strong>si</strong></span> <span class='ocrx_word' id='word_1_275' title='bbox 1923 2137 2014 2202; x_wconf 91' lang='lat' dir='ltr'><strong>nullo</strong></span> <span class='ocrx_word' id='word_1_276' title='bbox 2038 2138 2220 2238; x_wconf 84' lang='lat' dir='ltr'><strong>scripturae</strong></span> 
     </span>
     <span class='ocr_line' id='line_1_22' title="bbox 201 2222 2219 2310; baseline 0 -20"><span class='ocrx_word' id='word_1_277' title='bbox 201 2225 397 2291; x_wconf 86' lang='lat' dir='ltr'><strong>commentis</strong></span> <span class='ocrx_word' id='word_1_278' title='bbox 426 2225 495 2291; x_wconf 89' lang='lat' dir='ltr'><strong>suis</strong></span> <span class='ocrx_word' id='word_1_279' title='bbox 523 2231 605 2291; x_wconf 89' lang='lat' dir='ltr'><strong>sunt</strong></span> <span class='ocrx_word' id='word_1_280' title='bbox 637 2224 770 2291; x_wconf 85' lang='lat' dir='ltr'><strong>diversi.</strong></span> <span class='ocrx_word' id='word_1_281' title='bbox 821 2225 973 2310; x_wconf 81' lang='lat' dir='ltr'><strong>Fingunt</strong></span> <span class='ocrx_word' id='word_1_282' title='bbox 1007 2225 1119 2303; x_wconf 92' lang='lat' dir='ltr'><strong>ambo,</strong></span> <span class='ocrx_word' id='word_1_283' title='bbox 1152 2223 1187 2288; x_wconf 93' lang='lat' dir='ltr'><strong>in</strong></span> <span class='ocrx_word' id='word_1_284' title='bbox 1240 2223 1426 2289; x_wconf 86' lang='lat' dir='ltr'><strong>testimonio</strong></span> <span class='ocrx_word' id='word_1_285' title='bbox 1448 2224 1558 2309; x_wconf 89' lang='lat' dir='ltr'><strong>palam</strong></span> <span class='ocrx_word' id='word_1_286' title='bbox 1575 2232 1740 2291; x_wconf 89' lang='lat' dir='ltr'><strong>constaret</strong></span> <span class='ocrx_word' id='word_1_287' title='bbox 1761 2223 1856 2303; x_wconf 92' lang='lat' dir='ltr'><strong>alios,</strong></span> <span class='ocrx_word' id='word_1_288' title='bbox 1879 2222 1952 2288; x_wconf 88' lang='lat' dir='ltr'><strong>aliis</strong></span> <span class='ocrx_word' id='word_1_289' title='bbox 1974 2224 2219 2306; x_wconf 85' lang='lat' dir='ltr'><strong>praetentis,a</strong></span> 
     </span>
     <span class='ocr_line' id='line_1_23' title="bbox 202 2309 2220 2394; baseline 0 -19"><span class='ocrx_word' id='word_1_290' title='bbox 202 2310 357 2376; x_wconf 88' lang='lat' dir='ltr'><strong>libertate</strong></span> <span class='ocrx_word' id='word_1_291' title='bbox 390 2317 505 2376; x_wconf 89' lang='lat' dir='ltr'><strong>nostra</strong></span> <span class='ocrx_word' id='word_1_292' title='bbox 535 2311 683 2394; x_wconf 90' lang='lat' dir='ltr'><strong>positum</strong></span> <span class='ocrx_word' id='word_1_293' title='bbox 716 2331 804 2390; x_wconf 86' lang='lat' dir='ltr'><strong>esso,</strong></span> <span class='ocrx_word' id='word_1_294' title='bbox 842 2318 882 2376; x_wconf 89' lang='lat' dir='ltr'><strong>ut</strong></span> <span class='ocrx_word' id='word_1_295' title='bbox 914 2331 949 2376; x_wconf 92' lang='lat' dir='ltr'><strong>se</strong></span> <span class='ocrx_word' id='word_1_296' title='bbox 981 2311 1120 2393; x_wconf 91' lang='lat' dir='ltr'><strong>quisque</strong></span> <span class='ocrx_word' id='word_1_297' title='bbox 1151 2310 1187 2375; x_wconf 93' lang='lat' dir='ltr'><strong>in</strong></span> <span class='ocrx_word' id='word_1_298' title='bbox 1239 2309 1312 2374; x_wconf 91' lang='lat' dir='ltr'><strong>Deo</strong></span> <span class='ocrx_word' id='word_1_299' title='bbox 1329 2309 1432 2375; x_wconf 86' lang='lat' dir='ltr'><strong>fuisse</strong></span> <span class='ocrx_word' id='word_1_300' title='bbox 1454 2318 1620 2394; x_wconf 87' lang='lat' dir='ltr'><strong>cooptatos</strong></span> <span class='ocrx_word' id='word_1_301' title='bbox 1641 2310 1678 2375; x_wconf 92' lang='lat' dir='ltr'><strong>in</strong></span> <span class='ocrx_word' id='word_1_302' title='bbox 1700 2309 1850 2377; x_wconf 83' lang='lat' dir='ltr'><strong>salutem.</strong></span> <span class='ocrx_word' id='word_1_303' title='bbox 1892 2309 2056 2391; x_wconf 91' lang='lat' dir='ltr'><strong>Denique,</strong></span> <span class='ocrx_word' id='word_1_304' title='bbox 2079 2310 2117 2374; x_wconf 91' lang='lat' dir='ltr'><strong>in</strong></span> <span class='ocrx_word' id='word_1_305' title='bbox 2139 2309 2220 2376; x_wconf 88' lang='lat' dir='ltr'><strong>elce·</strong></span> 
     </span>
     <span class='ocr_line' id='line_1_24' title="bbox 200 2392 2220 2480; baseline 0 -20"><span class='ocrx_word' id='word_1_306' title='bbox 200 2392 386 2478; x_wconf 88' lang='lat' dir='ltr'><strong>adoptionis</strong></span> <span class='ocrx_word' id='word_1_307' title='bbox 409 2396 553 2480; x_wconf 89' lang='lat' dir='ltr'><strong>gratiam</strong></span> <span class='ocrx_word' id='word_1_308' title='bbox 574 2395 710 2461; x_wconf 87' lang='lat' dir='ltr'><strong>inserat.</strong></span> <span class='ocrx_word' id='word_1_309' title='bbox 740 2396 857 2480; x_wconf 91' lang='lat' dir='ltr'><strong>Neque</strong></span> <span class='ocrx_word' id='word_1_310' title='bbox 878 2395 941 2462; x_wconf 91' lang='lat' dir='ltr'><strong>hoo</strong></span> <span class='ocrx_word' id='word_1_311' title='bbox 963 2418 1004 2462; x_wconf 81' lang='lat' dir='ltr'><strong>ex</strong></span> <span class='ocrx_word' id='word_1_312' title='bbox 1026 2396 1092 2462; x_wconf 88' lang='lat' dir='ltr'><strong>Dei</strong></span> <span class='ocrx_word' id='word_1_313' title='bbox 1110 2414 1186 2461; x_wconf 91' lang='lat' dir='ltr'><strong>oon·</strong></span> <span class='ocrx_word' id='word_1_314' title='bbox 1239 2394 1329 2460; x_wconf 87' lang='lat' dir='ltr'><strong>tione</strong></span> <span class='ocrx_word' id='word_1_315' title='bbox 1362 2394 1447 2461; x_wconf 91' lang='lat' dir='ltr'><strong>nihil</strong></span> <span class='ocrx_word' id='word_1_316' title='bbox 1480 2403 1611 2480; x_wconf 86' lang='lat' dir='ltr'><strong>praeter</strong></span> <span class='ocrx_word' id='word_1_317' title='bbox 1642 2405 1772 2480; x_wconf 91' lang='lat' dir='ltr'><strong>tempus</strong></span> <span class='ocrx_word' id='word_1_318' title='bbox 1805 2395 1884 2461; x_wconf 78' lang='lat' dir='ltr'><strong>novi</strong></span> <span class='ocrx_word' id='word_1_319' title='bbox 1919 2397 2114 2461; x_wconf 86' lang='lat' dir='ltr'><strong>testamenti</strong></span> <span class='ocrx_word' id='word_1_320' title='bbox 2146 2416 2220 2463; x_wconf 90' lang='lat' dir='ltr'><strong>oon·</strong></span> 
     </span>
     <span class='ocr_line' id='line_1_25' title="bbox 200 2478 1370 2564; baseline -0.002 -17"><span class='ocrx_word' id='word_1_321' title='bbox 200 2479 275 2547; x_wconf 92' lang='lat' dir='ltr'><strong>silio</strong></span> <span class='ocrx_word' id='word_1_322' title='bbox 297 2480 457 2564; x_wconf 81' lang='lat' dir='ltr'><strong>pendere,</strong></span> <span class='ocrx_word' id='word_1_323' title='bbox 488 2481 624 2564; x_wconf 84' lang='lat' dir='ltr'><strong>quinam</strong></span> <span class='ocrx_word' id='word_1_324' title='bbox 651 2481 749 2548; x_wconf 87' lang='lat' dir='ltr'><strong>electi</strong></span> <span class='ocrx_word' id='word_1_325' title='bbox 776 2482 845 2547; x_wconf 92' lang='lat' dir='ltr'><strong>sint</strong></span> <span class='ocrx_word' id='word_1_326' title='bbox 868 2482 921 2549; x_wconf 80' lang='lat' dir='ltr'><strong>vel</strong></span> <span class='ocrx_word' id='word_1_327' title='bbox 948 2480 1094 2564; x_wconf 89' lang='lat' dir='ltr'><strong>reprobi:</strong></span> <span class='ocrx_word' id='word_1_328' title='bbox 1127 2479 1186 2546; x_wconf 89' lang='lat' dir='ltr'><strong>sed</strong></span> <span class='ocrx_word' id='word_1_329' title='bbox 1238 2478 1370 2545; x_wconf 89' lang='lat' dir='ltr'><strong>siderat.</strong></span> 
     </span>
     <span class='ocr_line' id='line_1_26' title="bbox 200 2564 2219 2651; baseline -0 -18"><span class='ocrx_word' id='word_1_330' title='bbox 200 2565 349 2651; x_wconf 92' lang='lat' dir='ltr'><strong>singulos</strong></span> <span class='ocrx_word' id='word_1_331' title='bbox 376 2566 439 2632; x_wconf 93' lang='lat' dir='ltr'><strong>sibi</strong></span> <span class='ocrx_word' id='word_1_332' title='bbox 471 2567 635 2632; x_wconf 74' lang='lat' dir='ltr'><strong>uuamvis</strong></span> <span class='ocrx_word' id='word_1_333' title='bbox 665 2566 834 2633; x_wconf 87' lang='lat' dir='ltr'><strong>fortunam</strong></span> <span class='ocrx_word' id='word_1_334' title='bbox 865 2588 925 2633; x_wconf 91' lang='lat' dir='ltr'><strong>sno</strong></span> <span class='ocrx_word' id='word_1_335' title='bbox 956 2567 1090 2633; x_wconf 88' lang='lat' dir='ltr'><strong>arbitrio</strong></span> <span class='ocrx_word' id='word_1_336' title='bbox 1119 2574 1187 2633; x_wconf 89' lang='lat' dir='ltr'><strong>sta·</strong></span> <span class='ocrx_word' id='word_1_337' title='bbox 1326 2565 1417 2647; x_wconf 78' lang='lat' dir='ltr'><strong>Quid</strong></span> <span class='ocrx_word' id='word_1_338' title='bbox 1450 2588 1510 2634; x_wconf 93' lang='lat' dir='ltr'><strong>nos</strong></span> <span class='ocrx_word' id='word_1_339' title='bbox 1543 2567 1739 2646; x_wconf 90' lang='lat' dir='ltr'><strong>sentiamus,</strong></span> <span class='ocrx_word' id='word_1_340' title='bbox 1773 2567 1854 2634; x_wconf 90' lang='lat' dir='ltr'><strong>satis</strong></span> <span class='ocrx_word' id='word_1_341' title='bbox 1880 2565 2040 2650; x_wconf 86' lang='lat' dir='ltr'><strong>locuples,</strong></span> <span class='ocrx_word' id='word_1_342' title='bbox 2073 2574 2114 2632; x_wconf 94' lang='lat' dir='ltr'><strong>ut</strong></span> <span class='ocrx_word' id='word_1_343' title='bbox 2138 2564 2219 2632; x_wconf 92' lang='lat' dir='ltr'><strong>nihil</strong></span> 
     </span>
     <span class='ocr_line' id='line_1_27' title="bbox 199 2650 2220 2738; baseline 0.001 -22"><span class='ocrx_word' id='word_1_344' title='bbox 199 2659 305 2718; x_wconf 88' lang='lat' dir='ltr'><strong>tuere.</strong></span> <span class='ocrx_word' id='word_1_345' title='bbox 352 2650 450 2733; x_wconf 80' lang='lat' dir='ltr'><strong>Quod</strong></span> <span class='ocrx_word' id='word_1_346' title='bbox 479 2652 535 2717; x_wconf 91' lang='lat' dir='ltr'><strong>alii</strong></span> <span class='ocrx_word' id='word_1_347' title='bbox 564 2650 703 2719; x_wconf 87' lang='lat' dir='ltr'><strong>credunt</strong></span> <span class='ocrx_word' id='word_1_348' title='bbox 731 2653 917 2738; x_wconf 82' lang='lat' dir='ltr'><strong>evangelio,</strong></span> <span class='ocrx_word' id='word_1_349' title='bbox 947 2652 1003 2717; x_wconf 91' lang='lat' dir='ltr'><strong>alii</strong></span> <span class='ocrx_word' id='word_1_350' title='bbox 1025 2651 1187 2721; x_wconf 88' lang='lat' dir='ltr'><strong>increduli</strong></span> <span class='ocrx_word' id='word_1_351' title='bbox 1239 2659 1411 2735; x_wconf 88' lang='lat' dir='ltr'><strong>practerea</strong></span> <span class='ocrx_word' id='word_1_352' title='bbox 1442 2653 1575 2733; x_wconf 87' lang='lat' dir='ltr'><strong>addam,</strong></span> <span class='ocrx_word' id='word_1_353' title='bbox 1609 2653 1703 2720; x_wconf 89' lang='lat' dir='ltr'><strong>testis</strong></span> <span class='ocrx_word' id='word_1_354' title='bbox 1735 2660 1785 2719; x_wconf 90' lang='lat' dir='ltr'><strong>est</strong></span> <span class='ocrx_word' id='word_1_355' title='bbox 1811 2652 1990 2719; x_wconf 89' lang='lat' dir='ltr'><strong>Institutio.</strong></span> <span class='ocrx_word' id='word_1_356' title='bbox 2036 2652 2220 2736; x_wconf 86' lang='lat' dir='ltr'><strong>Inprimis</strong></span> 
     </span>
     <span class='ocr_line' id='line_1_28' title="bbox 198 2736 2219 2823; baseline 0.001 -20"><span class='ocrx_word' id='word_1_357' title='bbox 198 2746 354 2817; x_wconf 88' lang='lat' dir='ltr'><strong>manent,</strong></span> <span class='ocrx_word' id='word_1_358' title='bbox 390 2759 457 2805; x_wconf 90' lang='lat' dir='ltr'><strong>nen</strong></span> <span class='ocrx_word' id='word_1_359' title='bbox 490 2759 533 2804; x_wconf 88' lang='lat' dir='ltr'><strong>ex</strong></span> <span class='ocrx_word' id='word_1_360' title='bbox 567 2738 715 2823; x_wconf 86' lang='lat' dir='ltr'><strong>gratuita</strong></span> <span class='ocrx_word' id='word_1_361' title='bbox 746 2739 812 2805; x_wconf 92' lang='lat' dir='ltr'><strong>Dei</strong></span> <span class='ocrx_word' id='word_1_362' title='bbox 845 2739 1017 2818; x_wconf 89' lang='lat' dir='ltr'><strong>electione,</strong></span> <span class='ocrx_word' id='word_1_363' title='bbox 1057 2739 1110 2806; x_wconf 83' lang='lat' dir='ltr'><strong>vel</strong></span> <span class='ocrx_word' id='word_1_364' title='bbox 1143 2760 1186 2804; x_wconf 87' lang='lat' dir='ltr'><strong>ex</strong></span> <span class='ocrx_word' id='word_1_365' title='bbox 1238 2745 1371 2823; x_wconf 88' lang='lat' dir='ltr'><strong>rogatos</strong></span> <span class='ocrx_word' id='word_1_366' title='bbox 1400 2739 1500 2806; x_wconf 82' lang='lat' dir='ltr'><strong>velim</strong></span> <span class='ocrx_word' id='word_1_367' title='bbox 1521 2739 1677 2818; x_wconf 90' lang='lat' dir='ltr'><strong>lectores,</strong></span> <span class='ocrx_word' id='word_1_368' title='bbox 1704 2751 1743 2804; x_wconf 90' lang='lat' dir='ltr'><strong>ut</strong></span> <span class='ocrx_word' id='word_1_369' title='bbox 1764 2736 1851 2822; x_wconf 89' lang='lat' dir='ltr'><strong>quod</strong></span> <span class='ocrx_word' id='word_1_370' title='bbox 1878 2737 1947 2805; x_wconf 93' lang='lat' dir='ltr'><strong>illic</strong></span> <span class='ocrx_word' id='word_1_371' title='bbox 1968 2738 2132 2805; x_wconf 84' lang='lat' dir='ltr'><strong>admoneo</strong></span> <span class='ocrx_word' id='word_1_372' title='bbox 2153 2759 2219 2806; x_wconf 88' lang='lat' dir='ltr'><strong>me-</strong></span> 
     </span>
     <span class='ocr_line' id='line_1_29' title="bbox 199 2822 2221 2909; baseline 0.001 -20"><span class='ocrx_word' id='word_1_373' title='bbox 199 2843 322 2889; x_wconf 88' lang='lat' dir='ltr'><strong>areano</strong></span> <span class='ocrx_word' id='word_1_374' title='bbox 352 2823 423 2889; x_wconf 89' lang='lat' dir='ltr'><strong>eius</strong></span> <span class='ocrx_word' id='word_1_375' title='bbox 446 2823 598 2904; x_wconf 87' lang='lat' dir='ltr'><strong>consilio,</strong></span> <span class='ocrx_word' id='word_1_376' title='bbox 633 2822 691 2890; x_wconf 88' lang='lat' dir='ltr'><strong>sed</strong></span> <span class='ocrx_word' id='word_1_377' title='bbox 711 2845 754 2890; x_wconf 87' lang='lat' dir='ltr'><strong>ex</strong></span> <span class='ocrx_word' id='word_1_378' title='bbox 775 2825 906 2908; x_wconf 86' lang='lat' dir='ltr'><strong>privata</strong></span> <span class='ocrx_word' id='word_1_379' title='bbox 926 2832 1056 2890; x_wconf 89' lang='lat' dir='ltr'><strong>tautum</strong></span> <span class='ocrx_word' id='word_1_380' title='bbox 1077 2825 1186 2891; x_wconf 91' lang='lat' dir='ltr'><strong>euius·</strong></span> <span class='ocrx_word' id='word_1_381' title='bbox 1238 2824 1345 2889; x_wconf 89' lang='lat' dir='ltr'><strong>moria</strong></span> <span class='ocrx_word' id='word_1_382' title='bbox 1379 2832 1545 2909; x_wconf 86' lang='lat' dir='ltr'><strong>repetant:</strong></span> <span class='ocrx_word' id='word_1_383' title='bbox 1589 2826 1667 2891; x_wconf 89' lang='lat' dir='ltr'><strong>Non</strong></span> <span class='ocrx_word' id='word_1_384' title='bbox 1706 2846 1793 2905; x_wconf 89' lang='lat' dir='ltr'><strong>esse,</strong></span> <span class='ocrx_word' id='word_1_385' title='bbox 1828 2832 1867 2890; x_wconf 94' lang='lat' dir='ltr'><strong>ut</strong></span> <span class='ocrx_word' id='word_1_386' title='bbox 1905 2822 2103 2907; x_wconf 85' lang='lat' dir='ltr'><strong>quibusdam</strong></span> <span class='ocrx_word' id='word_1_387' title='bbox 2140 2824 2221 2891; x_wconf 84' lang='lat' dir='ltr'><strong>falso</strong></span> 
     </span>
     <span class='ocr_line' id='line_1_30' title="bbox 198 2908 2219 2996; baseline 0.001 -22"><span class='ocrx_word' id='word_1_388' title='bbox 198 2930 264 2993; x_wconf 91' lang='lat' dir='ltr'><strong>que</strong></span> <span class='ocrx_word' id='word_1_389' title='bbox 285 2908 459 2977; x_wconf 82' lang='lat' dir='ltr'><strong>voluntate</strong></span> <span class='ocrx_word' id='word_1_390' title='bbox 480 2910 657 2993; x_wconf 89' lang='lat' dir='ltr'><strong>provenire</strong></span> <span class='ocrx_word' id='word_1_391' title='bbox 678 2909 741 2977; x_wconf 95' lang='lat' dir='ltr'><strong>hoc</strong></span> <span class='ocrx_word' id='word_1_392' title='bbox 761 2909 948 2978; x_wconf 90' lang='lat' dir='ltr'><strong>discrimen.</strong></span> <span class='ocrx_word' id='word_1_393' title='bbox 1238 2909 1381 2990; x_wconf 84' lang='lat' dir='ltr'><strong>videtur,</strong></span> <span class='ocrx_word' id='word_1_394' title='bbox 1404 2918 1559 2996; x_wconf 78' lang='lat' dir='ltr'><strong>argutam</strong></span> <span class='ocrx_word' id='word_1_395' title='bbox 1579 2912 1667 2977; x_wconf 90' lang='lat' dir='ltr'><strong>hanc</strong></span> <span class='ocrx_word' id='word_1_396' title='bbox 1687 2911 1741 2979; x_wconf 89' lang='lat' dir='ltr'><strong>vel</strong></span> <span class='ocrx_word' id='word_1_397' title='bbox 1763 2911 1930 2994; x_wconf 87' lang='lat' dir='ltr'><strong>spinosam</strong></span> <span class='ocrx_word' id='word_1_398' title='bbox 1950 2908 2219 2994; x_wconf 85' lang='lat' dir='ltr'><strong>speculationem,</strong></span> 
     </span>
     <span class='ocr_line' id='line_1_31' title="bbox 286 2992 2219 3096; baseline 0.001 -34"><span class='ocrx_word' id='word_1_399' title='bbox 286 2992 465 3062; x_wconf 75' lang='lat' dir='ltr'><strong>Caeterum</strong></span> <span class='ocrx_word' id='word_1_400' title='bbox 487 2995 631 3096; x_wconf 87' lang='lat' dir='ltr'><strong>Pighius</strong></span> <span class='ocrx_word' id='word_1_401' title='bbox 663 3016 799 3063; x_wconf 87' lang='lat' dir='ltr'><strong>sensum</strong></span> <span class='ocrx_word' id='word_1_402' title='bbox 827 3018 926 3063; x_wconf 90' lang='lat' dir='ltr'><strong>suum</strong></span> <span class='ocrx_word' id='word_1_403' title='bbox 958 2997 1007 3063; x_wconf 92' lang='lat' dir='ltr'><strong>ita</strong></span> <span class='ocrx_word' id='word_1_404' title='bbox 1029 2996 1184 3080; x_wconf 88' lang='lat' dir='ltr'><strong>explicat:</strong></span> <span class='ocrx_word' id='word_1_405' title='bbox 1239 3017 1323 3079; x_wconf 90' lang='lat' dir='ltr'><strong>quae</strong></span> <span class='ocrx_word' id='word_1_406' title='bbox 1345 2997 1386 3063; x_wconf 94' lang='lat' dir='ltr'><strong>ab</strong></span> <span class='ocrx_word' id='word_1_407' title='bbox 1425 3019 1468 3064; x_wconf 91' lang='lat' dir='ltr'><strong>ue</strong></span> <span class='ocrx_word' id='word_1_408' title='bbox 1488 2998 1597 3064; x_wconf 85' lang='lat' dir='ltr'><strong>fructu</strong></span> <span class='ocrx_word' id='word_1_409' title='bbox 1625 2998 1762 3083; x_wconf 91' lang='lat' dir='ltr'><strong>ingenia</strong></span> <span class='ocrx_word' id='word_1_410' title='bbox 1781 2996 1911 3081; x_wconf 86' lang='lat' dir='ltr'><strong>fatiget:</strong></span> <span class='ocrx_word' id='word_1_411' title='bbox 1939 2995 1999 3063; x_wconf 85' lang='lat' dir='ltr'><strong>sed</strong></span> <span class='ocrx_word' id='word_1_412' title='bbox 2027 2995 2219 3079; x_wconf 81' lang='lat' dir='ltr'><strong>disputatio·</strong></span> 
     </span>
     <span class='ocr_line' id='line_1_32' title="bbox 195 3078 2221 3168; baseline 0.001 -23"><span class='ocrx_word' id='word_1_413' title='bbox 195 3078 311 3147; x_wconf 89' lang='lat' dir='ltr'><strong>Deum</strong></span> <span class='ocrx_word' id='word_1_414' title='bbox 341 3079 542 3147; x_wconf 79' lang='lat' dir='ltr'><strong>immutabili</strong></span> <span class='ocrx_word' id='word_1_415' title='bbox 575 3081 712 3149; x_wconf 92' lang='lat' dir='ltr'><strong>consilio</strong></span> <span class='ocrx_word' id='word_1_416' title='bbox 744 3102 873 3150; x_wconf 84' lang='lat' dir='ltr'><strong>creasse</strong></span> <span class='ocrx_word' id='word_1_417' title='bbox 899 3082 1089 3149; x_wconf 87' lang='lat' dir='ltr'><strong>indistincte</strong></span> <span class='ocrx_word' id='word_1_418' title='bbox 1111 3088 1187 3163; x_wconf 83' lang='lat' dir='ltr'><strong>[pag.</strong></span> <span class='ocrx_word' id='word_1_419' title='bbox 1239 3103 1315 3147; x_wconf 90' lang='lat' dir='ltr'><strong>nem</strong></span> <span class='ocrx_word' id='word_1_420' title='bbox 1340 3082 1400 3149; x_wconf 90' lang='lat' dir='ltr'><strong>soli</strong></span> <span class='ocrx_word' id='word_1_421' title='bbox 1424 3104 1493 3163; x_wconf 91' lang='lat' dir='ltr'><strong>am,</strong></span> <span class='ocrx_word' id='word_1_422' title='bbox 1522 3092 1556 3149; x_wconf 88' lang='lat' dir='ltr'><strong>et</strong></span> <span class='ocrx_word' id='word_1_423' title='bbox 1581 3082 1624 3151; x_wconf 91' lang='lat' dir='ltr'><strong>ad</strong></span> <span class='ocrx_word' id='word_1_424' title='bbox 1651 3083 1783 3168; x_wconf 84' lang='lat' dir='ltr'><strong>pietatis</strong></span> <span class='ocrx_word' id='word_1_425' title='bbox 1803 3103 1899 3149; x_wconf 88' lang='lat' dir='ltr'><strong>usum</strong></span> <span class='ocrx_word' id='word_1_426' title='bbox 1926 3082 2073 3148; x_wconf 86' lang='lat' dir='ltr'><strong>maxime</strong></span> <span class='ocrx_word' id='word_1_427' title='bbox 2095 3100 2221 3151; x_wconf 83' lang='lat' dir='ltr'><strong>acoem-</strong></span> 
     </span>
     <span class='ocr_line' id='line_1_33' title="bbox 202 3165 2220 3253; baseline 0.001 -22"><span class='ocrx_word' id='word_1_428' title='bbox 202 3170 257 3246; x_wconf 75' lang='lat'><strong>14]</strong></span> <span class='ocrx_word' id='word_1_429' title='bbox 279 3186 395 3233; x_wconf 88' lang='lat' dir='ltr'><strong>omnes</strong></span> <span class='ocrx_word' id='word_1_430' title='bbox 417 3166 635 3234; x_wconf 87' lang='lat' dir='ltr'><strong>adsalutem.</strong></span> <span class='ocrx_word' id='word_1_431' title='bbox 659 3165 847 3252; x_wconf 80' lang='lat' dir='ltr'><strong>Sedquum</strong></span> <span class='ocrx_word' id='word_1_432' title='bbox 864 3169 959 3236; x_wconf 83' lang='lat' dir='ltr'><strong>Adae</strong></span> <span class='ocrx_word' id='word_1_433' title='bbox 1002 3167 1187 3236; x_wconf 72' lang='lat' dir='ltr'><strong>raesideret</strong></span> <span class='ocrx_word' id='word_1_434' title='bbox 1238 3168 1370 3234; x_wconf 92' lang='lat' dir='ltr'><strong>modam</strong></span> <span class='ocrx_word' id='word_1_435' title='bbox 1394 3174 1468 3249; x_wconf 82' lang='lat' dir='ltr'><strong>[pag.</strong></span> <span class='ocrx_word' id='word_1_436' title='bbox 1491 3173 1557 3249; x_wconf 83' lang='lat'><strong>16]:</strong></span> <span class='ocrx_word' id='word_1_437' title='bbox 1581 3190 1658 3236; x_wconf 92' lang='lat' dir='ltr'><strong>nem</strong></span> <span class='ocrx_word' id='word_1_438' title='bbox 1701 3189 1818 3253; x_wconf 88' lang='lat' dir='ltr'><strong>,quae</strong></span> <span class='ocrx_word' id='word_1_439' title='bbox 1840 3176 1874 3233; x_wconf 88' lang='lat' dir='ltr'><strong>et</strong></span> <span class='ocrx_word' id='word_1_440' title='bbox 1889 3166 1990 3233; x_wconf 88' lang='lat' dir='ltr'><strong>fidem</strong></span> <span class='ocrx_word' id='word_1_441' title='bbox 2012 3167 2116 3251; x_wconf 91' lang='lat' dir='ltr'><strong>probe</strong></span> <span class='ocrx_word' id='word_1_442' title='bbox 2132 3166 2220 3234; x_wconf 88' lang='lat' dir='ltr'><strong>aedi·</strong></span> 
     </span>
     <span class='ocr_line' id='line_1_34' title="bbox 198 3191 2218 3339; baseline 0.001 -22"><span class='ocrx_word' id='word_1_443' title='bbox 198 3250 432 3333; x_wconf 87' lang='lat' dir='ltr'><strong>defeotionem,</strong></span> <span class='ocrx_word' id='word_1_444' title='bbox 466 3261 506 3319; x_wconf 92' lang='lat' dir='ltr'><strong>ut</strong></span> <span class='ocrx_word' id='word_1_445' title='bbox 532 3255 630 3321; x_wconf 83' lang='lat' dir='ltr'><strong>firmu</strong></span> <span class='ocrx_word' id='word_1_446' title='bbox 657 3253 874 3322; x_wconf 89' lang='lat' dir='ltr'><strong>nihilominus</strong></span> <span class='ocrx_word' id='word_1_447' title='bbox 902 3191 1092 3339; x_wconf 82' lang='lat' dir='ltr'><strong>stabilisque</strong></span> <span class='ocrx_word' id='word_1_448' title='bbox 1115 3276 1187 3320; x_wconf 89' lang='lat' dir='ltr'><strong>ma·</strong></span> <span class='ocrx_word' id='word_1_449' title='bbox 1238 3253 1353 3333; x_wconf 61' lang='grc' dir='ltr'><strong>ιίοιιι,ο</strong></span> <span class='ocrx_word' id='word_1_450' title='bbox 1408 3262 1441 3321; x_wconf 93' lang='lat' dir='ltr'><strong>et</strong></span> <span class='ocrx_word' id='word_1_451' title='bbox 1479 3276 1539 3322; x_wconf 90' lang='lat' dir='ltr'><strong>nos</strong></span> <span class='ocrx_word' id='word_1_452' title='bbox 1579 3254 1622 3322; x_wconf 90' lang='lat' dir='ltr'><strong>ad</strong></span> <span class='ocrx_word' id='word_1_453' title='bbox 1684 3255 1884 3321; x_wconf 90' lang='lat' dir='ltr'><strong>umilitatem</strong></span> <span class='ocrx_word' id='word_1_454' title='bbox 1923 3253 2066 3332; x_wconf 90' lang='lat' dir='ltr'><strong>erudiat,</strong></span> <span class='ocrx_word' id='word_1_455' title='bbox 2113 3261 2148 3320; x_wconf 90' lang='lat' dir='ltr'><strong>et</strong></span> <span class='ocrx_word' id='word_1_456' title='bbox 2184 3253 2218 3319; x_wconf 91' lang='lat' dir='ltr'><strong>in</strong></span> 
     </span>
     <span class='ocr_line' id='line_1_35' title="bbox 196 3338 2220 3424; baseline 0.001 -21"><span class='ocrx_word' id='word_1_457' title='bbox 196 3346 295 3405; x_wconf 89' lang='lat' dir='ltr'><strong>neret</strong></span> <span class='ocrx_word' id='word_1_458' title='bbox 317 3338 451 3418; x_wconf 90' lang='lat' dir='ltr'><strong>electio,</strong></span> <span class='ocrx_word' id='word_1_459' title='bbox 480 3339 665 3407; x_wconf 89' lang='lat' dir='ltr'><strong>remedium</strong></span> <span class='ocrx_word' id='word_1_460' title='bbox 687 3339 892 3416; x_wconf 86' lang='lat' dir='ltr'><strong>adhibuisse,</strong></span> <span class='ocrx_word' id='word_1_461' title='bbox 926 3341 1013 3424; x_wconf 93' lang='lat' dir='ltr'><strong>quod</strong></span> <span class='ocrx_word' id='word_1_462' title='bbox 1034 3341 1186 3408; x_wconf 91' lang='lat' dir='ltr'><strong>omnibus</strong></span> <span class='ocrx_word' id='word_1_463' title='bbox 1239 3338 1492 3407; x_wconf 86' lang='lat' dir='ltr'><strong>admirationem</strong></span> <span class='ocrx_word' id='word_1_464' title='bbox 1530 3340 1668 3408; x_wconf 84' lang='lat' dir='ltr'><strong>extollat</strong></span> <span class='ocrx_word' id='word_1_465' title='bbox 1709 3341 1890 3407; x_wconf 85' lang='lat' dir='ltr'><strong>immensae</strong></span> <span class='ocrx_word' id='word_1_466' title='bbox 1932 3360 2013 3424; x_wconf 86' lang='lat' dir='ltr'><strong>erga</strong></span> <span class='ocrx_word' id='word_1_467' title='bbox 2055 3360 2119 3406; x_wconf 92' lang='lat' dir='ltr'><strong>nos</strong></span> <span class='ocrx_word' id='word_1_468' title='bbox 2156 3338 2220 3406; x_wconf 83' lang='lat' dir='ltr'><strong>Dei</strong></span> 
     </span>
     <span class='ocr_line' id='line_1_36' title="bbox 221 3423 2220 3506; baseline 0 -16"><span class='ocrx_word' id='word_1_469' title='bbox 221 3423 337 3490; x_wconf 89' lang='lat' dir='ltr'><strong>erinde</strong></span> <span class='ocrx_word' id='word_1_470' title='bbox 367 3445 541 3492; x_wconf 91' lang='lat' dir='ltr'><strong>commune</strong></span> <span class='ocrx_word' id='word_1_471' title='bbox 570 3434 665 3493; x_wconf 90' lang='lat' dir='ltr'><strong>esset.</strong></span> <span class='ocrx_word' id='word_1_472' title='bbox 710 3426 764 3492; x_wconf 90' lang='lat' dir='ltr'><strong>Ita</strong></span> <span class='ocrx_word' id='word_1_473' title='bbox 790 3428 827 3492; x_wconf 93' lang='lat' dir='ltr'><strong>in</strong></span> <span class='ocrx_word' id='word_1_474' title='bbox 847 3426 984 3494; x_wconf 87' lang='lat' dir='ltr'><strong>Ohristo</strong></span> <span class='ocrx_word' id='word_1_475' title='bbox 1006 3427 1186 3493; x_wconf 87' lang='lat' dir='ltr'><strong>stabilitam</strong></span> <span class='ocrx_word' id='word_1_476' title='bbox 1239 3424 1411 3506; x_wconf 88' lang='lat' dir='ltr'><strong>bonitatis,</strong></span> <span class='ocrx_word' id='word_1_477' title='bbox 1440 3434 1475 3492; x_wconf 88' lang='lat' dir='ltr'><strong>et</strong></span> <span class='ocrx_word' id='word_1_478' title='bbox 1499 3427 1543 3494; x_wconf 90' lang='lat' dir='ltr'><strong>ad</strong></span> <span class='ocrx_word' id='word_1_479' title='bbox 1569 3428 1655 3494; x_wconf 89' lang='lat' dir='ltr'><strong>hanc</strong></span> <span class='ocrx_word' id='word_1_480' title='bbox 1683 3425 1914 3494; x_wconf 87' lang='lat' dir='ltr'><strong>celebrandam</strong></span> <span class='ocrx_word' id='word_1_481' title='bbox 1941 3425 2074 3492; x_wconf 86' lang='lat' dir='ltr'><strong>excitet.</strong></span> <span class='ocrx_word' id='word_1_482' title='bbox 2118 3424 2220 3491; x_wconf 85' lang='lat' dir='ltr'><strong>Nulla</strong></span> 
     </span>
    </p>
   </div>
   <div class='ocr_carea' id='block_1_3' title="bbox 237 3510 2219 3664">
    <p class='ocr_par' dir='ltr' id='par_1_3' title="bbox 237 3510 2219 3664">
     <span class='ocr_line' id='line_1_37' title="bbox 237 3510 2219 3664; baseline 0.001 -88"><span class='ocrx_word' id='word_1_483' title='bbox 237 3510 302 3576; x_wconf 90' lang='lat' dir='ltr'><strong>isse</strong></span> <span class='ocrx_word' id='word_1_484' title='bbox 328 3511 430 3576; x_wconf 90' lang='lat' dir='ltr'><strong>totius</strong></span> <span class='ocrx_word' id='word_1_485' title='bbox 458 3511 600 3577; x_wconf 90' lang='lat' dir='ltr'><strong>humani</strong></span> <span class='ocrx_word' id='word_1_486' title='bbox 626 3513 757 3597; x_wconf 91' lang='lat' dir='ltr'><strong>generis</strong></span> <span class='ocrx_word' id='word_1_487' title='bbox 785 3512 994 3580; x_wconf 89' lang='lat' dir='ltr'><strong>electionem:</strong></span> <span class='ocrx_word' id='word_1_488' title='bbox 1027 3522 1067 3579; x_wconf 92' lang='lat' dir='ltr'><strong>ut</strong></span> <span class='ocrx_word' id='word_1_489' title='bbox 1089 3533 1186 3579; x_wconf 89' lang='lat' dir='ltr'><strong>nemo</strong></span> <span class='ocrx_word' id='word_1_490' title='bbox 1239 3510 1460 3579; x_wconf 88' lang='lat' dir='ltr'><strong>aedificandae</strong></span> <span class='ocrx_word' id='word_1_491' title='bbox 1493 3514 1571 3579; x_wconf 90' lang='lat' dir='ltr'><strong>fidei</strong></span> <span class='ocrx_word' id='word_1_492' title='bbox 1615 3514 1723 3664; x_wconf 54' lang='grc' dir='ltr'>ιιΕιίοι</span> <span class='ocrx_word' id='word_1_493' title='bbox 1765 3522 1816 3580; x_wconf 92' lang='lat' dir='ltr'><strong>est</strong></span> <span class='ocrx_word' id='word_1_494' title='bbox 1857 3512 1957 3591; x_wconf 89' lang='lat' dir='ltr'><strong>ratio,</strong></span> <span class='ocrx_word' id='word_1_495' title='bbox 2002 3532 2104 3595; x_wconf 91' lang='lat' dir='ltr'><strong>quam</strong></span> <span class='ocrx_word' id='word_1_496' title='bbox 2142 3510 2219 3577; x_wconf 91' lang='lat' dir='ltr'><strong>dum</strong></span> 
     </span>
    </p>
   </div>
   <div class='ocr_carea' id='block_1_4' title="bbox 177 3595 2221 4972">
    <p class='ocr_par' dir='ltr' id='par_1_4' title="bbox 177 3595 2221 4972">
     <span class='ocr_line' id='line_1_38' title="bbox 199 3595 1606 3745; baseline 0.002 -84"><span class='ocrx_word' id='word_1_497' title='bbox 199 3603 330 3745; x_wconf 56' lang='lat' dir='ltr'><strong>gerent,</strong></span> <span class='ocrx_word' id='word_1_498' title='bbox 360 3596 425 3661; x_wconf 90' lang='lat' dir='ltr'><strong>nisi</strong></span> <span class='ocrx_word' id='word_1_499' title='bbox 447 3598 505 3679; x_wconf 93' lang='lat' dir='ltr'><strong>qui</strong></span> <span class='ocrx_word' id='word_1_500' title='bbox 532 3617 593 3663; x_wconf 86' lang='lat' dir='ltr'><strong>sua</strong></span> <span class='ocrx_word' id='word_1_501' title='bbox 614 3598 837 3665; x_wconf 88' lang='lat' dir='ltr'><strong>obstinatione</strong></span> <span class='ocrx_word' id='word_1_502' title='bbox 860 3619 903 3664; x_wconf 83' lang='lat' dir='ltr'><strong>ex</strong></span> <span class='ocrx_word' id='word_1_503' title='bbox 929 3599 1012 3665; x_wconf 93' lang='lat' dir='ltr'><strong>libro</strong></span> <span class='ocrx_word' id='word_1_504' title='bbox 1037 3599 1127 3666; x_wconf 88' lang='lat' dir='ltr'><strong>vitae</strong></span> <span class='ocrx_word' id='word_1_505' title='bbox 1150 3619 1186 3665; x_wconf 91' lang='lat' dir='ltr'><strong>se</strong></span> <span class='ocrx_word' id='word_1_506' title='bbox 1240 3595 1391 3665; x_wconf 90' lang='lat' dir='ltr'><strong>audimus</strong></span> <span class='ocrx_word' id='word_1_507' title='bbox 1413 3598 1606 3666; x_wconf 89' lang='lat' dir='ltr'><strong>electionem</strong></span> 
     </span>
     <span class='ocr_line' id='line_1_39' title="bbox 222 3680 2220 3771; baseline 0.001 -26"><span class='ocrx_word' id='word_1_508' title='bbox 222 3680 295 3746; x_wconf 89' lang='lat' dir='ltr'><strong>elet</strong></span> <span class='ocrx_word' id='word_1_509' title='bbox 339 3681 474 3747; x_wconf 87' lang='lat' dir='ltr'><strong>Rursus</strong></span> <span class='ocrx_word' id='word_1_510' title='bbox 495 3703 590 3761; x_wconf 87' lang='lat' dir='ltr'><strong>vero,</strong></span> <span class='ocrx_word' id='word_1_511' title='bbox 615 3704 718 3767; x_wconf 91' lang='lat' dir='ltr'><strong>quum</strong></span> <span class='ocrx_word' id='word_1_512' title='bbox 738 3684 832 3749; x_wconf 90' lang='lat' dir='ltr'><strong>Deus</strong></span> <span class='ocrx_word' id='word_1_513' title='bbox 860 3685 1068 3768; x_wconf 79' lang='lat' dir='ltr'><strong>praevideret</strong></span> <span class='ocrx_word' id='word_1_514' title='bbox 1089 3706 1185 3768; x_wconf 88' lang='lat' dir='ltr'><strong>quos·</strong></span> <span class='ocrx_word' id='word_1_515' title='bbox 1239 3684 1300 3749; x_wconf 90' lang='lat' dir='ltr'><strong>bus</strong></span> <span class='ocrx_word' id='word_1_516' title='bbox 1329 3686 1451 3751; x_wconf 86' lang='lat' dir='ltr'><strong>nostris</strong></span> <span class='ocrx_word' id='word_1_517' title='bbox 1476 3686 1644 3771; x_wconf 83' lang='lat' dir='ltr'><strong>obsignat,</strong></span> <span class='ocrx_word' id='word_1_518' title='bbox 1673 3686 1710 3750; x_wconf 93' lang='lat' dir='ltr'><strong>in</strong></span> <span class='ocrx_word' id='word_1_519' title='bbox 1739 3693 1872 3751; x_wconf 88' lang='lat' dir='ltr'><strong>aeterno</strong></span> <span class='ocrx_word' id='word_1_520' title='bbox 1899 3692 1933 3749; x_wconf 89' lang='lat' dir='ltr'><strong>et</strong></span> <span class='ocrx_word' id='word_1_521' title='bbox 1960 3682 2136 3749; x_wconf 84' lang='lat' dir='ltr'><strong>inflexibili</strong></span> <span class='ocrx_word' id='word_1_522' title='bbox 2158 3682 2220 3749; x_wconf 88' lang='lat' dir='ltr'><strong>Dei</strong></span> 
     </span>
     <span class='ocr_line' id='line_1_40' title="bbox 200 3765 2220 3854; baseline 0.001 -22"><span class='ocrx_word' id='word_1_523' title='bbox 200 3765 277 3832; x_wconf 91' lang='lat' dir='ltr'><strong>dam</strong></span> <span class='ocrx_word' id='word_1_524' title='bbox 299 3765 341 3832; x_wconf 89' lang='lat' dir='ltr'><strong>ad</strong></span> <span class='ocrx_word' id='word_1_525' title='bbox 364 3773 551 3834; x_wconf 88' lang='lat' dir='ltr'><strong>extromum</strong></span> <span class='ocrx_word' id='word_1_526' title='bbox 573 3769 609 3833; x_wconf 92' lang='lat' dir='ltr'><strong>in</strong></span> <span class='ocrx_word' id='word_1_527' title='bbox 628 3769 756 3834; x_wconf 89' lang='lat' dir='ltr'><strong>malitia</strong></span> <span class='ocrx_word' id='word_1_528' title='bbox 779 3770 971 3854; x_wconf 77' lang='lat' dir='ltr'><strong>gratiaeque</strong></span> <span class='ocrx_word' id='word_1_529' title='bbox 994 3776 1185 3854; x_wconf 86' lang='lat' dir='ltr'><strong>contemptu</strong></span> <span class='ocrx_word' id='word_1_530' title='bbox 1239 3769 1442 3853; x_wconf 88' lang='lat' dir='ltr'><strong>beneplacito</strong></span> <span class='ocrx_word' id='word_1_531' title='bbox 1474 3774 1668 3850; x_wconf 89' lang='lat' dir='ltr'><strong>consistere,</strong></span> <span class='ocrx_word' id='word_1_532' title='bbox 1709 3777 1747 3836; x_wconf 91' lang='lat' dir='ltr'><strong>ut</strong></span> <span class='ocrx_word' id='word_1_533' title='bbox 1779 3770 1879 3836; x_wconf 87' lang='lat' dir='ltr'><strong>nullis</strong></span> <span class='ocrx_word' id='word_1_534' title='bbox 1911 3768 2028 3835; x_wconf 90' lang='lat' dir='ltr'><strong>mundi</strong></span> <span class='ocrx_word' id='word_1_535' title='bbox 2059 3768 2220 3852; x_wconf 88' lang='lat' dir='ltr'><strong>procellis,</strong></span> 
     </span>
     <span class='ocr_line' id='line_1_41' title="bbox 198 3852 2220 3939; baseline 0 -21"><span class='ocrx_word' id='word_1_536' title='bbox 198 3853 270 3918; x_wconf 83' lang='lat' dir='ltr'><strong>iore</strong></span> <span class='ocrx_word' id='word_1_537' title='bbox 296 3852 497 3936; x_wconf 88' lang='lat' dir='ltr'><strong>pertinaces,</strong></span> <span class='ocrx_word' id='word_1_538' title='bbox 531 3853 616 3919; x_wconf 90' lang='lat' dir='ltr'><strong>tales</strong></span> <span class='ocrx_word' id='word_1_539' title='bbox 637 3852 862 3937; x_wconf 83' lang='lat' dir='ltr'><strong>praevidendo</strong></span> <span class='ocrx_word' id='word_1_540' title='bbox 883 3856 1089 3939; x_wconf 88' lang='lat' dir='ltr'><strong>reprobasse,</strong></span> <span class='ocrx_word' id='word_1_541' title='bbox 1122 3857 1186 3923; x_wconf 89' lang='lat' dir='ltr'><strong>nisi</strong></span> <span class='ocrx_word' id='word_1_542' title='bbox 1239 3854 1342 3921; x_wconf 93' lang='lat' dir='ltr'><strong>nullis</strong></span> <span class='ocrx_word' id='word_1_543' title='bbox 1370 3855 1516 3924; x_wconf 79' lang='lat' dir='ltr'><strong>Satanae</strong></span> <span class='ocrx_word' id='word_1_544' title='bbox 1544 3858 1736 3935; x_wconf 91' lang='lat' dir='ltr'><strong>insultibus,</strong></span> <span class='ocrx_word' id='word_1_545' title='bbox 1768 3856 1852 3922; x_wconf 91' lang='lat' dir='ltr'><strong>nulli</strong></span> <span class='ocrx_word' id='word_1_546' title='bbox 1880 3856 1988 3921; x_wconf 84' lang='lat' dir='ltr'><strong>carnis</strong></span> <span class='ocrx_word' id='word_1_547' title='bbox 2015 3854 2220 3921; x_wconf 79' lang='lat' dir='ltr'><strong>uacillationi</strong></span> 
     </span>
     <span class='ocr_line' id='line_1_42' title="bbox 200 3938 2221 4023; baseline 0 -18"><span class='ocrx_word' id='word_1_548' title='bbox 200 3938 405 4023; x_wconf 84' lang='lat' dir='ltr'><strong>resipiscant</strong></span> <span class='ocrx_word' id='word_1_549' title='bbox 433 3939 508 4005; x_wconf 89' lang='lat' dir='ltr'><strong>Hoc</strong></span> <span class='ocrx_word' id='word_1_550' title='bbox 529 3940 769 4023; x_wconf 88' lang='lat' dir='ltr'><strong>reprobationis</strong></span> <span class='ocrx_word' id='word_1_551' title='bbox 792 3960 864 4008; x_wconf 89' lang='lat' dir='ltr'><strong>esse</strong></span> <span class='ocrx_word' id='word_1_552' title='bbox 884 3942 1026 4021; x_wconf 91' lang='lat' dir='ltr'><strong>initium,</strong></span> <span class='ocrx_word' id='word_1_553' title='bbox 1050 3943 1128 4008; x_wconf 90' lang='lat' dir='ltr'><strong>dum</strong></span> <span class='ocrx_word' id='word_1_554' title='bbox 1151 3964 1186 4009; x_wconf 92' lang='lat' dir='ltr'><strong>se</strong></span> <span class='ocrx_word' id='word_1_555' title='bbox 1240 3942 1284 4007; x_wconf 90' lang='lat' dir='ltr'><strong>sit</strong></span> <span class='ocrx_word' id='word_1_556' title='bbox 1316 3940 1466 4008; x_wconf 82' lang='lat' dir='ltr'><strong>obnoxia.</strong></span> <span class='ocrx_word' id='word_1_557' title='bbox 1511 3944 1605 4010; x_wconf 71' lang='lat' dir='ltr'><strong>Tune</strong></span> <span class='ocrx_word' id='word_1_558' title='bbox 1638 3943 1729 4009; x_wconf 90' lang='lat' dir='ltr'><strong>onim</strong></span> <span class='ocrx_word' id='word_1_559' title='bbox 1762 3942 1895 4009; x_wconf 91' lang='lat' dir='ltr'><strong>demum</strong></span> <span class='ocrx_word' id='word_1_560' title='bbox 1927 3940 2022 4006; x_wconf 92' lang='lat' dir='ltr'><strong>nobis</strong></span> <span class='ocrx_word' id='word_1_561' title='bbox 2054 3949 2147 4007; x_wconf 84' lang='lat' dir='ltr'><strong>certa</strong></span> <span class='ocrx_word' id='word_1_562' title='bbox 2173 3948 2221 4005; x_wconf 92' lang='lat' dir='ltr'><strong>est</strong></span> 
     </span>
     <span class='ocr_line' id='line_1_43' title="bbox 198 4024 2220 4113; baseline 0 -22"><span class='ocrx_word' id='word_1_563' title='bbox 198 4025 292 4109; x_wconf 90' lang='lat' dir='ltr'><strong>impii</strong></span> <span class='ocrx_word' id='word_1_564' title='bbox 315 4025 496 4092; x_wconf 83' lang='lat' dir='ltr'><strong>universali</strong></span> <span class='ocrx_word' id='word_1_565' title='bbox 519 4024 687 4093; x_wconf 87' lang='lat' dir='ltr'><strong>electionis</strong></span> <span class='ocrx_word' id='word_1_566' title='bbox 706 4027 864 4094; x_wconf 89' lang='lat' dir='ltr'><strong>beneficio</strong></span> <span class='ocrx_word' id='word_1_567' title='bbox 885 4034 1016 4111; x_wconf 88' lang='lat' dir='ltr'><strong>praeter</strong></span> <span class='ocrx_word' id='word_1_568' title='bbox 1026 4029 1091 4094; x_wconf 91' lang='lat' dir='ltr'><strong>Dei</strong></span> <span class='ocrx_word' id='word_1_569' title='bbox 1108 4050 1186 4096; x_wconf 89' lang='lat' dir='ltr'><strong>con-</strong></span> <span class='ocrx_word' id='word_1_570' title='bbox 1239 4033 1353 4092; x_wconf 89' lang='lat' dir='ltr'><strong>nostra</strong></span> <span class='ocrx_word' id='word_1_571' title='bbox 1373 4029 1479 4109; x_wconf 87' lang='lat' dir='ltr'><strong>salus,</strong></span> <span class='ocrx_word' id='word_1_572' title='bbox 1506 4050 1611 4113; x_wconf 91' lang='lat' dir='ltr'><strong>quum</strong></span> <span class='ocrx_word' id='word_1_573' title='bbox 1637 4030 1674 4093; x_wconf 92' lang='lat' dir='ltr'><strong>in</strong></span> <span class='ocrx_word' id='word_1_574' title='bbox 1694 4028 1759 4094; x_wconf 91' lang='lat' dir='ltr'><strong>Dei</strong></span> <span class='ocrx_word' id='word_1_575' title='bbox 1780 4026 1949 4112; x_wconf 82' lang='lat' dir='ltr'><strong>pectore³)</strong></span> <span class='ocrx_word' id='word_1_576' title='bbox 1970 4046 2108 4093; x_wconf 89' lang='lat' dir='ltr'><strong>causam</strong></span> <span class='ocrx_word' id='word_1_577' title='bbox 2128 4046 2220 4111; x_wconf 87' lang='lat' dir='ltr'><strong>repe-</strong></span> 
     </span>
     <span class='ocr_line' id='line_1_44' title="bbox 200 4110 2221 4198; baseline 0 -21"><span class='ocrx_word' id='word_1_578' title='bbox 200 4110 311 4177; x_wconf 86' lang='lat' dir='ltr'><strong>silium</strong></span> <span class='ocrx_word' id='word_1_579' title='bbox 334 4118 369 4176; x_wconf 90' lang='lat' dir='ltr'><strong>et</strong></span> <span class='ocrx_word' id='word_1_580' title='bbox 390 4111 595 4178; x_wconf 85' lang='lat' dir='ltr'><strong>voluntatem</strong></span> <span class='ocrx_word' id='word_1_581' title='bbox 616 4113 760 4196; x_wconf 86' lang='lat' dir='ltr'><strong>privant.</strong></span> <span class='ocrx_word' id='word_1_582' title='bbox 803 4112 946 4198; x_wconf 89' lang='lat' dir='ltr'><strong>Indigno</strong></span> <span class='ocrx_word' id='word_1_583' title='bbox 966 4134 1046 4181; x_wconf 80' lang='lat' dir='ltr'><strong>vcro</strong></span> <span class='ocrx_word' id='word_1_584' title='bbox 1063 4116 1186 4180; x_wconf 89' lang='lat' dir='ltr'><strong>sentire</strong></span> <span class='ocrx_word' id='word_1_585' title='bbox 1238 4112 1354 4178; x_wconf 91' lang='lat' dir='ltr'><strong>rimus.</strong></span> <span class='ocrx_word' id='word_1_586' title='bbox 1400 4112 1458 4182; x_wconf 83' lang='lat' dir='ltr'><strong>Sic</strong></span> <span class='ocrx_word' id='word_1_587' title='bbox 1491 4116 1579 4181; x_wconf 90' lang='lat' dir='ltr'><strong>enim</strong></span> <span class='ocrx_word' id='word_1_588' title='bbox 1611 4115 1714 4182; x_wconf 86' lang='lat' dir='ltr'><strong>vitam</strong></span> <span class='ocrx_word' id='word_1_589' title='bbox 1746 4116 1783 4179; x_wconf 93' lang='lat' dir='ltr'><strong>in</strong></span> <span class='ocrx_word' id='word_1_590' title='bbox 1809 4112 1943 4179; x_wconf 86' lang='lat' dir='ltr'><strong>Christo</strong></span> <span class='ocrx_word' id='word_1_591' title='bbox 1975 4112 2221 4179; x_wconf 81' lang='lat' dir='ltr'><strong>manifestatam</strong></span> 
     </span>
     <span class='ocr_line' id='line_1_45' title="bbox 200 4196 2220 4283; baseline 0.001 -21"><span class='ocrx_word' id='word_1_592' title='bbox 200 4196 241 4262; x_wconf 91' lang='lat' dir='ltr'><strong>de</strong></span> <span class='ocrx_word' id='word_1_593' title='bbox 268 4197 341 4263; x_wconf 88' lang='lat' dir='ltr'><strong>Deo</strong></span> <span class='ocrx_word' id='word_1_594' title='bbox 369 4217 484 4264; x_wconf 88' lang='lat' dir='ltr'><strong>omnes</strong></span> <span class='ocrx_word' id='word_1_595' title='bbox 510 4198 723 4282; x_wconf 90' lang='lat' dir='ltr'><strong>pronunciat,</strong></span> <span class='ocrx_word' id='word_1_596' title='bbox 757 4204 791 4264; x_wconf 90' lang='lat' dir='ltr'><strong>ct</strong></span> <span class='ocrx_word' id='word_1_597' title='bbox 820 4198 965 4265; x_wconf 90' lang='lat' dir='ltr'><strong>alienum</strong></span> <span class='ocrx_word' id='word_1_598' title='bbox 993 4200 1123 4266; x_wconf 92' lang='lat' dir='ltr'><strong>iustitia</strong></span> <span class='ocrx_word' id='word_1_599' title='bbox 1151 4207 1186 4268; x_wconf 93' lang='lat' dir='ltr'><strong>et</strong></span> <span class='ocrx_word' id='word_1_600' title='bbox 1239 4198 1304 4265; x_wconf 90' lang='lat' dir='ltr'><strong>fide</strong></span> <span class='ocrx_word' id='word_1_601' title='bbox 1338 4200 1631 4283; x_wconf 88' lang='lat' dir='ltr'><strong>apprehendimus,</strong></span> <span class='ocrx_word' id='word_1_602' title='bbox 1671 4210 1711 4265; x_wconf 92' lang='lat' dir='ltr'><strong>ut</strong></span> <span class='ocrx_word' id='word_1_603' title='bbox 1742 4198 1856 4265; x_wconf 90' lang='lat' dir='ltr'><strong>eadem</strong></span> <span class='ocrx_word' id='word_1_604' title='bbox 1888 4197 1954 4265; x_wconf 86' lang='lat' dir='ltr'><strong>fide</strong></span> <span class='ocrx_word' id='word_1_605' title='bbox 1992 4197 2076 4264; x_wconf 92' lang='lat' dir='ltr'><strong>duce</strong></span> <span class='ocrx_word' id='word_1_606' title='bbox 2108 4196 2220 4282; x_wconf 86' lang='lat' dir='ltr'><strong>procul</strong></span> 
     </span>
     <span class='ocr_line' id='line_1_46' title="bbox 177 4282 2220 4371; baseline 0 -23"><span class='ocrx_word' id='word_1_607' title='bbox 177 4282 348 4349; x_wconf 85' lang='lat' dir='ltr'><strong>&#39;bonitate</strong></span> <span class='ocrx_word' id='word_1_608' title='bbox 366 4283 509 4368; x_wconf 87' lang='lat' dir='ltr'><strong>rigorem</strong></span> <span class='ocrx_word' id='word_1_609' title='bbox 530 4283 581 4349; x_wconf 95' lang='lat' dir='ltr'><strong>illi</strong></span> <span class='ocrx_word' id='word_1_610' title='bbox 598 4286 766 4369; x_wconf 84' lang='lat' dir='ltr'><strong>effingere,</strong></span> <span class='ocrx_word' id='word_1_611' title='bbox 788 4286 845 4368; x_wconf 93' lang='lat' dir='ltr'><strong>qui</strong></span> <span class='ocrx_word' id='word_1_612' title='bbox 862 4285 983 4353; x_wconf 89' lang='lat' dir='ltr'><strong>clectos</strong></span> <span class='ocrx_word' id='word_1_613' title='bbox 1001 4307 1073 4352; x_wconf 88' lang='lat' dir='ltr'><strong>esse</strong></span> <span class='ocrx_word' id='word_1_614' title='bbox 1089 4308 1185 4371; x_wconf 88' lang='lat' dir='ltr'><strong>prae-</strong></span> <span class='ocrx_word' id='word_1_615' title='bbox 1240 4284 1364 4351; x_wconf 91' lang='lat' dir='ltr'><strong>intueri</strong></span> <span class='ocrx_word' id='word_1_616' title='bbox 1396 4285 1508 4368; x_wconf 88' lang='lat' dir='ltr'><strong>liccat,</strong></span> <span class='ocrx_word' id='word_1_617' title='bbox 1551 4309 1592 4354; x_wconf 84' lang='lat' dir='ltr'><strong>ex</strong></span> <span class='ocrx_word' id='word_1_618' title='bbox 1631 4308 1695 4370; x_wconf 90' lang='lat' dir='ltr'><strong>quo</strong></span> <span class='ocrx_word' id='word_1_619' title='bbox 1728 4288 1818 4353; x_wconf 87' lang='lat' dir='ltr'><strong>fonte</strong></span> <span class='ocrx_word' id='word_1_620' title='bbox 1856 4286 1924 4352; x_wconf 82' lang='lat' dir='ltr'><strong>vito</strong></span> <span class='ocrx_word' id='word_1_621' title='bbox 1956 4282 2126 4368; x_wconf 88' lang='lat' dir='ltr'><strong>prodierit.</strong></span> <span class='ocrx_word' id='word_1_622' title='bbox 2179 4284 2220 4349; x_wconf 93' lang='lat' dir='ltr'><strong>In</strong></span> 
     </span>
     <span class='ocr_line' id='line_1_47' title="bbox 200 4367 2220 4455; baseline 0 -21"><span class='ocrx_word' id='word_1_623' title='bbox 200 4370 267 4434; x_wconf 89' lang='lat' dir='ltr'><strong>eise</strong></span> <span class='ocrx_word' id='word_1_624' title='bbox 296 4376 330 4434; x_wconf 91' lang='lat' dir='ltr'><strong>et</strong></span> <span class='ocrx_word' id='word_1_625' title='bbox 359 4367 507 4435; x_wconf 88' lang='lat' dir='ltr'><strong>absolute</strong></span> <span class='ocrx_word' id='word_1_626' title='bbox 535 4370 695 4453; x_wconf 91' lang='lat' dir='ltr'><strong>quosdam</strong></span> <span class='ocrx_word' id='word_1_627' title='bbox 717 4370 871 4445; x_wconf 67' lang='lat' dir='ltr'><strong>madunt,</strong></span> <span class='ocrx_word' id='word_1_628' title='bbox 900 4371 982 4438; x_wconf 86' lang='lat' dir='ltr'><strong>alios</strong></span> <span class='ocrx_word' id='word_1_629' title='bbox 1005 4371 1184 4439; x_wconf 87' lang='lat' dir='ltr'><strong>destinatos</strong></span> <span class='ocrx_word' id='word_1_630' title='bbox 1240 4369 1375 4438; x_wconf 80' lang='lat' dir='ltr'><strong>Christo</strong></span> <span class='ocrx_word' id='word_1_631' title='bbox 1397 4373 1535 4442; x_wconf 88' lang='lat' dir='ltr'><strong>fundata</strong></span> <span class='ocrx_word' id='word_1_632' title='bbox 1557 4380 1608 4441; x_wconf 91' lang='lat' dir='ltr'><strong>est</strong></span> <span class='ocrx_word' id='word_1_633' title='bbox 1628 4374 1745 4440; x_wconf 81' lang='lat' dir='ltr'><strong>salutis</strong></span> <span class='ocrx_word' id='word_1_634' title='bbox 1765 4370 1900 4451; x_wconf 90' lang='lat' dir='ltr'><strong>fiducia,</strong></span> <span class='ocrx_word' id='word_1_635' title='bbox 1929 4378 1964 4435; x_wconf 93' lang='lat' dir='ltr'><strong>et</strong></span> <span class='ocrx_word' id='word_1_636' title='bbox 1992 4371 2030 4434; x_wconf 93' lang='lat' dir='ltr'><strong>in</strong></span> <span class='ocrx_word' id='word_1_637' title='bbox 2055 4369 2220 4455; x_wconf 85' lang='lat' dir='ltr'><strong>evangelii</strong></span> 
     </span>
     <span class='ocr_line' id='line_1_48' title="bbox 201 4454 2219 4540; baseline -0 -20"><span class='ocrx_word' id='word_1_638' title='bbox 201 4455 313 4520; x_wconf 89' lang='lat' dir='ltr'><strong>exitio.</strong></span> <span class='ocrx_word' id='word_1_639' title='bbox 364 4454 411 4520; x_wconf 80' lang='lat' dir='ltr'><strong>Et</strong></span> <span class='ocrx_word' id='word_1_640' title='bbox 442 4456 639 4520; x_wconf 89' lang='lat' dir='ltr'><strong>nominatim</strong></span> <span class='ocrx_word' id='word_1_641' title='bbox 679 4456 733 4523; x_wconf 93' lang='lat' dir='ltr'><strong>hic</strong></span> <span class='ocrx_word' id='word_1_642' title='bbox 767 4458 822 4521; x_wconf 87' lang='lat' dir='ltr'><strong>Au</strong></span> <span class='ocrx_word' id='word_1_643' title='bbox 871 4459 951 4523; x_wconf 92' lang='lat' dir='ltr'><strong>stini</strong></span> <span class='ocrx_word' id='word_1_644' title='bbox 984 4460 1184 4524; x_wconf 89' lang='lat' dir='ltr'><strong>sententiam</strong></span> <span class='ocrx_word' id='word_1_645' title='bbox 1239 4457 1473 4540; x_wconf 87' lang='lat' dir='ltr'><strong>promissiones</strong></span> <span class='ocrx_word' id='word_1_646' title='bbox 1494 4459 1664 4526; x_wconf 89' lang='lat' dir='ltr'><strong>recumbit.</strong></span> <span class='ocrx_word' id='word_1_647' title='bbox 1693 4458 1762 4525; x_wconf 83' lang='lat' dir='ltr'><strong>Sed</strong></span> <span class='ocrx_word' id='word_1_648' title='bbox 1783 4457 1864 4523; x_wconf 90' lang='lat' dir='ltr'><strong>haec</strong></span> <span class='ocrx_word' id='word_1_649' title='bbox 1885 4478 1954 4522; x_wconf 92' lang='lat' dir='ltr'><strong>non</strong></span> <span class='ocrx_word' id='word_1_650' title='bbox 1975 4475 2093 4539; x_wconf 87' lang='lat' dir='ltr'><strong>parum</strong></span> <span class='ocrx_word' id='word_1_651' title='bbox 2110 4454 2219 4522; x_wconf 86' lang='lat' dir='ltr'><strong>valida</strong></span> 
     </span>
     <span class='ocr_line' id='line_1_49' title="bbox 202 4538 2218 4628; baseline 0.002 -25"><span class='ocrx_word' id='word_1_652' title='bbox 202 4538 345 4605; x_wconf 89' lang='lat' dir='ltr'><strong>damnat</strong></span> <span class='ocrx_word' id='word_1_653' title='bbox 359 4538 386 4624; x_wconf 89' lang='lat'><strong>¹)</strong></span> <span class='ocrx_word' id='word_1_654' title='bbox 428 4541 690 4607; x_wconf 88' lang='lat' dir='ltr'><strong>Praeseientiam</strong></span> <span class='ocrx_word' id='word_1_655' title='bbox 712 4562 791 4608; x_wconf 85' lang='lat' dir='ltr'><strong>vero</strong></span> <span class='ocrx_word' id='word_1_656' title='bbox 848 4544 878 4608; x_wconf 90' lang='lat' dir='ltr'><strong>ci</strong></span> <span class='ocrx_word' id='word_1_657' title='bbox 900 4543 986 4608; x_wconf 92' lang='lat' dir='ltr'><strong>nihil</strong></span> <span class='ocrx_word' id='word_1_658' title='bbox 1006 4544 1121 4610; x_wconf 86' lang='lat' dir='ltr'><strong>tollere</strong></span> <span class='ocrx_word' id='word_1_659' title='bbox 1143 4544 1184 4611; x_wconf 90' lang='lat' dir='ltr'><strong>dc</strong></span> <span class='ocrx_word' id='word_1_660' title='bbox 1239 4543 1366 4610; x_wconf 83' lang='lat' dir='ltr'><strong>fultura</strong></span> <span class='ocrx_word' id='word_1_661' title='bbox 1387 4553 1452 4624; x_wconf 89' lang='lat' dir='ltr'><strong>est,</strong></span> <span class='ocrx_word' id='word_1_662' title='bbox 1474 4566 1577 4628; x_wconf 92' lang='lat' dir='ltr'><strong>quum</strong></span> <span class='ocrx_word' id='word_1_663' title='bbox 1597 4563 1700 4623; x_wconf 89' lang='lat' dir='ltr'><strong>nunc,</strong></span> <span class='ocrx_word' id='word_1_664' title='bbox 1722 4551 1761 4609; x_wconf 90' lang='lat' dir='ltr'><strong>ut</strong></span> <span class='ocrx_word' id='word_1_665' title='bbox 1781 4544 1818 4608; x_wconf 92' lang='lat' dir='ltr'><strong>in</strong></span> <span class='ocrx_word' id='word_1_666' title='bbox 1840 4543 2014 4609; x_wconf 84' lang='lat' dir='ltr'><strong>Christum</strong></span> <span class='ocrx_word' id='word_1_667' title='bbox 2035 4540 2218 4617; x_wconf 87' lang='lat' dir='ltr'><strong>credamus,</strong></span> 
     </span>
     <span class='ocr_line' id='line_1_50' title="bbox 201 4624 2220 4711; baseline 0.001 -22"><span class='ocrx_word' id='word_1_668' title='bbox 201 4624 330 4690; x_wconf 84' lang='lat' dir='ltr'><strong>arbitrii</strong></span> <span class='ocrx_word' id='word_1_669' title='bbox 351 4626 458 4692; x_wconf 89' lang='lat' dir='ltr'><strong>nostri</strong></span> <span class='ocrx_word' id='word_1_670' title='bbox 479 4627 632 4693; x_wconf 88' lang='lat' dir='ltr'><strong>libertate</strong></span> <span class='ocrx_word' id='word_1_671' title='bbox 653 4635 692 4693; x_wconf 94' lang='lat' dir='ltr'><strong>ut</strong></span> <span class='ocrx_word' id='word_1_672' title='bbox 708 4627 871 4707; x_wconf 89' lang='lat' dir='ltr'><strong>ostendat,</strong></span> <span class='ocrx_word' id='word_1_673' title='bbox 894 4628 936 4695; x_wconf 89' lang='lat' dir='ltr'><strong>ad</strong></span> <span class='ocrx_word' id='word_1_674' title='bbox 952 4629 1045 4697; x_wconf 89' lang='lat' dir='ltr'><strong>illam</strong></span> <span class='ocrx_word' id='word_1_675' title='bbox 1055 4631 1185 4697; x_wconf 87' lang='lat' dir='ltr'><strong>Nicolai</strong></span> <span class='ocrx_word' id='word_1_676' title='bbox 1240 4628 1393 4696; x_wconf 90' lang='lat' dir='ltr'><strong>audimus</strong></span> <span class='ocrx_word' id='word_1_677' title='bbox 1429 4630 1523 4698; x_wconf 91' lang='lat' dir='ltr'><strong>nobis</strong></span> <span class='ocrx_word' id='word_1_678' title='bbox 1556 4630 1715 4696; x_wconf 88' lang='lat' dir='ltr'><strong>divinitus</strong></span> <span class='ocrx_word' id='word_1_679' title='bbox 1753 4650 1826 4696; x_wconf 88' lang='lat' dir='ltr'><strong>esse</strong></span> <span class='ocrx_word' id='word_1_680' title='bbox 1861 4629 1990 4695; x_wconf 89' lang='lat' dir='ltr'><strong>datum:</strong></span> <span class='ocrx_word' id='word_1_681' title='bbox 2031 4628 2112 4711; x_wconf 88' lang='lat' dir='ltr'><strong>quia</strong></span> <span class='ocrx_word' id='word_1_682' title='bbox 2143 4636 2220 4692; x_wconf 86' lang='lat' dir='ltr'><strong>ante</strong></span> 
     </span>
     <span class='ocr_line' id='line_1_51' title="bbox 201 4710 2217 4801; baseline 0 -26"><span class='ocrx_word' id='word_1_683' title='bbox 201 4710 327 4776; x_wconf 82' lang='lat' dir='ltr'><strong>Ousaui</strong></span> <span class='ocrx_word' id='word_1_684' title='bbox 353 4713 517 4795; x_wconf 89' lang='lat' dir='ltr'><strong>argutiam</strong></span> <span class='ocrx_word' id='word_1_685' title='bbox 539 4714 701 4798; x_wconf 72' lang='lat' dir='ltr'><strong>confugit:</strong></span> <span class='ocrx_word' id='word_1_686' title='bbox 746 4712 845 4796; x_wconf 82' lang='lat' dir='ltr'><strong>Quod</strong></span> <span class='ocrx_word' id='word_1_687' title='bbox 872 4715 966 4781; x_wconf 90' lang='lat' dir='ltr'><strong>Deus</strong></span> <span class='ocrx_word' id='word_1_688' title='bbox 992 4737 1061 4782; x_wconf 92' lang='lat' dir='ltr'><strong>non</strong></span> <span class='ocrx_word' id='word_1_689' title='bbox 1087 4738 1184 4800; x_wconf 90' lang='lat' dir='ltr'><strong>prae-</strong></span> <span class='ocrx_word' id='word_1_690' title='bbox 1239 4715 1357 4780; x_wconf 89' lang='lat' dir='ltr'><strong>mundi</strong></span> <span class='ocrx_word' id='word_1_691' title='bbox 1385 4717 1546 4801; x_wconf 88' lang='lat' dir='ltr'><strong>originem</strong></span> <span class='ocrx_word' id='word_1_692' title='bbox 1574 4723 1642 4781; x_wconf 90' lang='lat' dir='ltr'><strong>tam</strong></span> <span class='ocrx_word' id='word_1_693' title='bbox 1671 4713 1712 4782; x_wconf 90' lang='lat' dir='ltr'><strong>ad</strong></span> <span class='ocrx_word' id='word_1_694' title='bbox 1739 4714 1839 4781; x_wconf 90' lang='lat' dir='ltr'><strong>fidem</strong></span> <span class='ocrx_word' id='word_1_695' title='bbox 1865 4712 2023 4791; x_wconf 90' lang='lat' dir='ltr'><strong>ordinati,</strong></span> <span class='ocrx_word' id='word_1_696' title='bbox 2054 4711 2217 4796; x_wconf 81' lang='lat' dir='ltr'><strong>quemad</strong></span> 
     </span>
     <span class='ocr_line' id='line_1_52' title="bbox 200 4795 2217 4886; baseline -0 -22"><span class='ocrx_word' id='word_1_697' title='bbox 200 4795 338 4876; x_wconf 77' lang='lat' dir='ltr'><strong>viderit,</strong></span> <span class='ocrx_word' id='word_1_698' title='bbox 372 4817 457 4880; x_wconf 90' lang='lat' dir='ltr'><strong>quae</strong></span> <span class='ocrx_word' id='word_1_699' title='bbox 485 4799 526 4864; x_wconf 93' lang='lat' dir='ltr'><strong>ab</strong></span> <span class='ocrx_word' id='word_1_700' title='bbox 555 4806 691 4865; x_wconf 89' lang='lat' dir='ltr'><strong>aeterno</strong></span> <span class='ocrx_word' id='word_1_701' title='bbox 718 4799 769 4865; x_wconf 87' lang='lat' dir='ltr'><strong>illi</strong></span> <span class='ocrx_word' id='word_1_702' title='bbox 800 4807 879 4866; x_wconf 89' lang='lat' dir='ltr'><strong>nota</strong></span> <span class='ocrx_word' id='word_1_703' title='bbox 906 4801 1057 4882; x_wconf 78' lang='lat' dir='ltr'><strong>fuerunt,</strong></span> <span class='ocrx_word' id='word_1_704' title='bbox 1090 4804 1185 4886; x_wconf 91' lang='lat' dir='ltr'><strong>quasi</strong></span> <span class='ocrx_word' id='word_1_705' title='bbox 1239 4800 1328 4868; x_wconf 82' lang='lat' dir='ltr'><strong>vitae</strong></span> <span class='ocrx_word' id='word_1_706' title='bbox 1361 4802 1509 4869; x_wconf 89' lang='lat' dir='ltr'><strong>coelestis</strong></span> <span class='ocrx_word' id='word_1_707' title='bbox 1543 4799 1780 4868; x_wconf 88' lang='lat' dir='ltr'><strong>haereditatem</strong></span> <span class='ocrx_word' id='word_1_708' title='bbox 1815 4800 1910 4867; x_wconf 87' lang='lat' dir='ltr'><strong>electi</strong></span> <span class='ocrx_word' id='word_1_709' title='bbox 1942 4820 2083 4866; x_wconf 90' lang='lat' dir='ltr'><strong>eramus.</strong></span> <span class='ocrx_word' id='word_1_710' title='bbox 2128 4798 2217 4864; x_wconf 86' lang='lat' dir='ltr'><strong>Hinc</strong></span> 
     </span>
     <span class='ocr_line' id='line_1_53' title="bbox 201 4881 1317 4972; baseline 0.008 -26"><span class='ocrx_word' id='word_1_711' title='bbox 201 4882 329 4962; x_wconf 83' lang='lat' dir='ltr'><strong>futura,</strong></span> <span class='ocrx_word' id='word_1_712' title='bbox 360 4881 417 4949; x_wconf 90' lang='lat' dir='ltr'><strong>sed</strong></span> <span class='ocrx_word' id='word_1_713' title='bbox 440 4886 534 4967; x_wconf 91' lang='lat' dir='ltr'><strong>quasi</strong></span> <span class='ocrx_word' id='word_1_714' title='bbox 562 4886 730 4970; x_wconf 89' lang='lat' dir='ltr'><strong>praesenti</strong></span> <span class='ocrx_word' id='word_1_715' title='bbox 758 4893 894 4972; x_wconf 86' lang='lat' dir='ltr'><strong>aspectu</strong></span> <span class='ocrx_word' id='word_1_716' title='bbox 914 4888 1055 4954; x_wconf 91' lang='lat' dir='ltr'><strong>intuitus</strong></span> <span class='ocrx_word' id='word_1_717' title='bbox 1073 4889 1183 4955; x_wconf 85' lang='lat' dir='ltr'><strong>fuerit</strong></span> <span class='ocrx_word' id='word_1_718' title='bbox 1238 4960 1317 4967; x_wconf 35' lang='grc' dir='ltr'><strong>ἡ</strong></span> 
     </span>
    </p>
   </div>
   <div class='ocr_carea' id='block_1_5' title="bbox 270 5023 2198 5234">
    <p class='ocr_par' dir='ltr' id='par_1_5' title="bbox 270 5023 2198 5234">
     <span class='ocr_line' id='line_1_54' title="bbox 1307 5023 2146 5100; baseline -0.007 -23"><span class='ocrx_word' id='word_1_719' title='bbox 1307 5023 1337 5092; x_wconf 88' lang='grc'><strong>1)</strong></span> <span class='ocrx_word' id='word_1_720' title='bbox 1354 5024 1450 5094; x_wconf 87' lang='lat' dir='ltr'><strong>Oapite</strong></span> <span class='ocrx_word' id='word_1_721' title='bbox 1468 5024 1486 5080; x_wconf 78' lang='lat'>2</span> <span class='ocrx_word' id='word_1_722' title='bbox 1503 5025 1589 5083; x_wconf 88' lang='lat' dir='ltr'><strong>eiusd.</strong></span> <span class='ocrx_word' id='word_1_723' title='bbox 1605 5024 1675 5081; x_wconf 83' lang='lat' dir='ltr'><strong>libri.</strong></span> <span class='ocrx_word' id='word_1_724' title='bbox 2140 5088 2146 5100; x_wconf 29' lang='grc' dir='ltr'>ι</span> 
     </span>
     <span class='ocr_line' id='line_1_55' title="bbox 1308 5093 2198 5166; baseline -0.006 -19"><span class='ocrx_word' id='word_1_725' title='bbox 1308 5093 1339 5159; x_wconf 78' lang='grc'><strong>2)</strong></span> <span class='ocrx_word' id='word_1_726' title='bbox 1357 5094 1467 5150; x_wconf 67' lang='lat' dir='ltr'><strong>Abbius</strong></span> <span class='ocrx_word' id='word_1_727' title='bbox 1481 5097 1572 5150; x_wconf 73' lang='lat' dir='ltr'><strong>waic</strong></span> <span class='ocrx_word' id='word_1_728' title='bbox 1588 5096 1689 5166; x_wconf 70' lang='lat' dir='ltr'><strong>pedico</strong></span> <span class='ocrx_word' id='word_1_729' title='bbox 1706 5095 1823 5150; x_wconf 67' lang='grc' dir='ltr'>Ιαίιιιιιιι</span> <span class='ocrx_word' id='word_1_730' title='bbox 1840 5099 1943 5150; x_wconf 68' lang='lat' dir='ltr'><strong>uatem</strong></span> <span class='ocrx_word' id='word_1_731' title='bbox 1955 5106 2051 5162; x_wconf 75' lang='lat' dir='ltr'><strong>prosae</strong></span> <span class='ocrx_word' id='word_1_732' title='bbox 2067 5093 2198 5159; x_wconf 64' lang='lat' dir='ltr'><strong>aequm.</strong></span> 
     </span>
     <span class='ocr_line' id='line_1_56' title="bbox 270 5155 2033 5234; baseline -0.005 -9"><span class='ocrx_word' id='word_1_733' title='bbox 270 5156 300 5225; x_wconf 84' lang='grc'><strong>1)</strong></span> <span class='ocrx_word' id='word_1_734' title='bbox 318 5156 414 5229; x_wconf 70' lang='lat' dir='ltr'><strong>0⁸le</strong></span> <span class='ocrx_word' id='word_1_735' title='bbox 432 5155 446 5211; x_wconf 79' lang='lat'>¹</span> <span class='ocrx_word' id='word_1_736' title='bbox 466 5156 527 5215; x_wconf 79' lang='lat' dir='ltr'><strong>Lib.</strong></span> <span class='ocrx_word' id='word_1_737' title='bbox 543 5157 571 5214; x_wconf 82' lang='lat'><strong>8·</strong></span> <span class='ocrx_word' id='word_1_738' title='bbox 1307 5161 1338 5229; x_wconf 83' lang='grc'><strong>3)</strong></span> <span class='ocrx_word' id='word_1_739' title='bbox 1357 5171 1386 5218; x_wconf 91' lang='lat' dir='ltr'><strong>et</strong></span> <span class='ocrx_word' id='word_1_740' title='bbox 1403 5179 1437 5218; x_wconf 87' lang='lat' dir='ltr'><strong>en</strong></span> <span class='ocrx_word' id='word_1_741' title='bbox 1456 5178 1487 5219; x_wconf 79' lang='lat' dir='ltr'><strong>sa</strong></span> <span class='ocrx_word' id='word_1_742' title='bbox 1504 5165 1616 5220; x_wconf 80' lang='lat' dir='ltr'><strong>volente</strong></span> <span class='ocrx_word' id='word_1_743' title='bbox 1634 5163 1751 5234; x_wconf 86' lang='lat' dir='ltr'><strong>laquelle</strong></span> <span class='ocrx_word' id='word_1_744' title='bbox 1768 5179 1802 5220; x_wconf 88' lang='lat' dir='ltr'><strong>ue</strong></span> <span class='ocrx_word' id='word_1_745' title='bbox 1819 5161 1914 5219; x_wconf 81' lang='lat' dir='ltr'><strong>flectit</strong></span> <span class='ocrx_word' id='word_1_746' title='bbox 1930 5161 2033 5217; x_wconf 79' lang='lat' dir='ltr'><strong>tanus.</strong></span> 
     </span>
    </p>
   </div>
   <div class='ocr_carea' id='block_1_6' title="bbox 1631 3596 2219 3684">
    <p class='ocr_par' dir='ltr' id='par_1_6' title="bbox 1631 3596 2219 3684">
     <span class='ocr_line' id='line_1_57' title="bbox 1631 3596 2219 3684; baseline -0.005 -19"><span class='ocrx_word' id='word_1_747' title='bbox 1631 3599 1720 3665; x_wconf 83' lang='lat' dir='ltr'><strong>&#39;lam</strong></span> <span class='ocrx_word' id='word_1_748' title='bbox 1748 3619 1846 3684; x_wconf 90' lang='lat' dir='ltr'><strong>quam</strong></span> <span class='ocrx_word' id='word_1_749' title='bbox 1869 3598 2005 3680; x_wconf 89' lang='lat' dir='ltr'><strong>spiritus</strong></span> <span class='ocrx_word' id='word_1_750' title='bbox 2024 3596 2093 3663; x_wconf 89' lang='lat' dir='ltr'><strong>Dei</strong></span> <span class='ocrx_word' id='word_1_751' title='bbox 2115 3596 2219 3664; x_wconf 89' lang='lat' dir='ltr'><strong>cordi·</strong></span> 
     </span>
    </p>
   </div>
   <div class='ocr_carea' id='block_1_7' title="bbox 0 0 2317 5892">
    <p class='ocr_par' dir='ltr' id='par_1_7' title="bbox 0 0 2317 5892">
     <span class='ocr_line' id='line_1_58' title="bbox 0 0 2317 5892; baseline 0 0"><span class='ocrx_word' id='word_1_752' title='bbox 0 0 2317 5892; x_wconf 95' lang='lat' dir='ltr'><strong> </strong></span> 
     </span>
    </p>
   </div>
  </div>
 </body>
</html>
