4620 5894
950 220 1322 292 monacorum.
2025 230 2112 299 XLI

87 411 206 477 minus
226 411 455 497 inireqnem
475 412 512 478 in
532 410 739 479 bibliothecis
761 411 885 493 obviae,
908 412 973 498 ipsi
994 411 1058 477 dno
1079 411 1285 496 possidemus
1307 410 1526 498 exemplaria;
1554 411 1693 480 alterum
1718 415 1804 498 quod
1826 415 1905 482 olim
1926 417 1992 485 Iao.
2017 417 2110 485 Guil.

87 522 266 589 Fenerlini
287 523 391 591 inisse
407 521 550 603 videtur,
569 545 673 608 quum
693 523 724 590 ia
745 523 781 589 in
803 545 863 590 sna
883 522 1091 590 Bibliotheca
1111 522 1295 608 symbolica
1315 522 1362 602 11,
1385 544 1459 609 pag.
1485 525 1545 588 143
1567 524 1629 591 snb
1651 548 1683 590 n.
1715 528 1799 591 1920
1820 525 1904 593 illud
1923 528 2033 614 ipsum
2050 551 2111 597 vo·

89 634 207 701 lumen
236 640 424 717 recenseat,
457 633 544 719 quod
570 656 613 701 ex
639 635 790 720 pluribus
816 636 985 701 variorum
1010 633 1176 719 opusculis
1204 633 1366 720 colligatis
1388 642 1545 702 constans
1577 635 1628 700 in·
1646 644 1760 703 nostra
1791 659 1883 705 nunc
1920 639 2110 707 collectione

92 752 302 813 merram:
324 743 527 812 redemimus
548 768 667 813 verum
689 768 732 813 ex
752 746 847 814 libris
868 744 1053 813 doctissimi
1079 747 1185 813 nostri
1207 745 1351 831 collegae
1373 753 1408 812 et
1428 748 1526 812 amici
1546 747 1631 813 Tim.
1654 746 1745 814 Guil.
1767 749 1971 816 Roehrichii.
2015 751 2112 816 Alte-

89 879 169 924 rum
197 878 321 924 nomen
348 858 484 925 exhibet
510 856 696 945 airo'chpov
722 858 787 925 viri
813 857 930 924 studiis
951 859 987 923 in
1010 857 1133 924 saeculi
1160 856 1257 923 xvi.
1286 859 1383 925 rebus
1412 858 1578 925 collocatis
1607 858 1782 925 clarissimi
1804 860 1940 946 Georgii
1963 861 2113 929 Veesen·

88 969 222 1054 meyeri
243 969 421 1037 Ulmensis.

252 1080 379 1148 Eodem
402 1102 491 1147 anno
512 1102 555 1146 ex
576 1081 691 1148 eadem
713 1082 846 1149 officina
864 1079 986 1165 prodiit
1007 1079 1071 1145 alia
1092 1079 1201 1159 editio,
1224 1081 1329 1165 priori
1350 1079 1534 1160 simillima,
1566 1081 1660 1148 cuius
1688 1082 1889 1166 exemplaria
1908 1082 1972 1150 duo
1994 1085 2112 1151 habui-

89 1214 179 1273 mus,
202 1192 346 1259 alterum
366 1214 410 1258 ex
430 1191 627 1259 bibliotheca
648 1192 790 1278 Oollegii
810 1191 1057 1258 Wilhelmitani
1073 1191 1373 1275 Argentoratensis,
1397 1191 1538 1257 alterum
1560 1213 1602 1258 ex
1624 1192 1823 1260 bibliotheca
1835 1193 2109 1280 Guelferbytana

90 1304 325 1390 Distingnitnr
345 1326 367 1369 a
386 1305 595 1388 praecedenti
618 1305 705 1371 inter
726 1303 833 1370 multa
854 1298 919 1369 alia
939 1310 973 1367 et
994 1303 1047 1369 his
1068 1303 1212 1370 indiciis:
1234 1303 1271 1368 in
1292 1304 1365 1386 ipso
1376 1303 1472 1368 titulo
1485 1303 1683 1369 omittuntur
1705 1305 1821 1372 verba:
1844 1313 1887 1372 et
1908 1307 2110 1381 formenta

91 1415 293 1496 Herodis;
321 1417 358 1481 in
378 1417 446 1482 fine
467 1423 580 1483 textus
602 1416 754 1483 subsistit
781 1416 816 1481 in
843 1437 917 1501 pag.
942 1418 1004 1480 202
1035 1421 1070 1480 et
1096 1413 1272 1494 adduntur,
1296 1420 1372 1499 post
1401 1414 1544 1500 allegata
1571 1415 1631 1481 illa
1658 1415 1780 1483 biblica
1808 1416 1849 1483 de
1874 1417 1992 1502 quibus
2013 1418 2111 1485 modo

91 1526 251 1607 diximus,
263 1533 372 1593 errata
382 1527 546 1593 nonnulla
556 1527 760 1613 corrigenda
782 1528 868 1594 Utra
878 1527 998 1593 harum
1009 1526 1193 1592 editionum
1204 1523 1524 1613 alterinsdao‘ypapoa
1535 1527 1586 1606 sit,
1597 1525 1793 1594 haudfacile
1804 1529 1966 1597 statueris.
1984 1531 2111 1597 sextus

89 1638 184 1705 idem
200 1638 309 1724 plane,
335 1637 457 1705 menda
471 1660 647 1724 operarum
662 1639 837 1723 utrobique
854 1660 930 1704 rara
946 1645 980 1705 et
996 1638 1098 1704 rania
1138 1637 1294 1704 Fortasse
1311 1658 1430 1704 nomen
1443 1637 1587 1703 Herodis
1603 1639 1762 1704 omissum
1779 1647 1931 1724 respectu
1949 1639 2111 1709 ansaria

252 1752 398 1816 Tertiam
420 1750 568 1817 eiusdem
589 1751 670 1815 anni
691 1750 869 1816 editionem
890 1769 1028 1834 eamque
1047 1750 1197 1833 pluribus
1219 1750 1367 1815 numeris
1388 1748 1565 1815 attentiore
1588 1770 1668 1817 cura
1691 1749 1826 1837 dignam
1855 1754 2109 1820 communicarit

90 1860 269 1929 nobiscum
287 1861 353 1927 Vir
371 1862 573 1929 clarissimus
598 1862 744 1948 inclytae
756 1861 1038 1948 Guelferbytanae
1060 1859 1276 1928 bibliothecae
1297 1861 1493 1944 praefectus,
1516 1859 1553 1928 Ο.
1565 1862 1606 1927 L.
1620 1861 1860 1929 Bethmannus.
1893 1864 2023 1932 Titulus
2039 1870 2104 1932 est:

251 1984 544 2102 INTERIMl
573 1997 830 2066 hnmanae
861 1999 866 2085 ι
897 1997 1176 2066 saansaan
1207 1999 1212 2080 ι
1242 1997 1305 2064 aur
1334 1995 1461 2063 adiecta
1490 2007 1548 2064 aa.
1580 1998 1585 2082 ι
1617 1998 1708 2065 vera
1729 1999 1939 2067 crassante
1960 2004 2113 2086 pacifica-

90 2110 205 2191 tionis,
225 2108 232 2196 Ι
252 2120 287 2175 ct
306 2110 476 2178 Ecclesiae
497 2110 726 2177 reformandae
747 2113 841 2177 ratio.
860 2109 866 2196 Ι
885 2111 952 2177 Per
973 2110 1159 2176 Iohannem
1181 2108 1380 2174 Galuinium.
1400 2108 1406 2192 Ι
1426 2115 1488 2186 [sio]
1507 2111 1513 2194 Ι
1532 2109 1692 2176 MAROI.
1711 2110 1810 2177 VIH.
1833 2113 1836 2198 l
1857 2112 1983 2180 Oauete
2006 2137 2027 2180 a
2046 2116 2112 2181 fer·

92 2228 209 2289 mento
230 2221 499 2288 Pharisaeorum
520 2223 526 2307 Ι
548 2228 640 2289 1549.

254 2333 380 2399 Forma
401 2332 516 2400 eadem
537 2357 576 2402 ac
598 2355 707 2419 supra
753 2333 996 2415 Quaternioncs
1018 2331 1200 2400 octodecim
1222 2330 1365 2417 (A-S)
1394 2331 1472 2398 folia
1497 2337 1558 2397 144
1586 2355 1652 2399 non
1673 2342 1855 2415 numerata,
1884 2343 1953 2403 tres
1975 2337 2113 2405 ultimae

94 2445 239 2531 paginae
260 2465 392 2512 vacuae.
438 2447 524 2532 Typi
546 2446 740 2533 grandiores
770 2447 806 2511 in
827 2454 968 2530 utraque
989 2443 1065 2511 libri
1087 2449 1181 2527 parte
1208 2441 1317 2508 iidem.
1361 2443 1485 2508 Errata
1512 2444 1753 2531 typographica
1779 2446 1963 2514 innumera
2008 2450 2113 2517 rocus

96 2556 207 2640 operis
229 2556 366 2623 habitus
388 2556 606 2625 Germaniam
628 2558 770 2642 patriam
791 2557 908 2641 prodit.
953 2555 1007 2621 De
1028 2555 1162 2621 Basilea
1183 2553 1237 2621 vcl
1259 2556 1444 2637 Argentina
1465 2563 1580 2620 nostra
1600 2557 1746 2640 cogitare
1768 2565 1860 2622 vetat
1883 2559 2050 2643 appendix
2071 2560 2113 2628 de

98 2688 165 2753 quc
194 2670 265 2733 iam
288 2668 386 2752 plura
408 2667 563 2736 dicemus.
607 2668 662 2736 De
690 2669 873 2736 Germania
899 2670 1009 2754 ipsum
1034 2666 1213 2734 (lalvinum
1243 2673 1362 2731 testem
1389 2665 1607 2750 producemus
1634 2668 1670 2731 in
1694 2669 1848 2734 medium.
1892 2670 1985 2738 Haec
2013 2671 2112 2739 editio
2251 2682 2253 2686 '

97 2780 167 2846 sola
188 2780 280 2846 inter
301 2800 416 2847 omnes
438 2780 573 2847 exhibet
593 2782 629 2846 in
650 2781 760 2846 fronte
781 2779 933 2846 ansaris
954 2778 1067 2845 Caroli
1088 2777 1131 2844 V.
1154 2775 1421 2843 Declarationem
1442 2778 1566 2861 quain
1588 2779 1730 2845 comitiis
1750 2782 1956 2865 Angustanis
1978 2804 2006 2848 a
2029 2784 2112 2848 1548

97 2890 222 2959 habitis
246 2891 385 2976 imperii
407 2893 549 2959 statibus
571 2892 711 2959 Interim
733 2892 937 2976 propositum
958 2891 1029 2957 fuit.
1073 2890 1149 2956 Hoc
1170 2888 1282 2975 ipsum
1303 2889 1420 2972 incipit
1441 2888 1495 2956 tol
1519 2891 1560 2955 A.
1586 2895 1604 2954 6
1625 2913 1657 2956 v.
1678 2893 1860 2975 praemissa
1881 2893 2112 2977 inscriptione:

98 3001 306 3088 Sequitur
326 3002 583 3071 consultatio
610 3004 726 3070 cuius
747 3004 862 3087 prins
884 3002 1036 3069 mentio
1064 3002 1174 3067 facta
1202 3006 1278 3080 est,
1306 3021 1390 3085 quae
1412 3020 1432 3065 a
1453 3003 1591 3068 caeteris
1613 3001 1811 3070 editionibus
1834 3003 1935 3071 abest
1980 3004 2113 3074 Onlrini

99 3117 256 3182 refutatio
278 3116 396 3200 incipit
417 3115 469 3181 tol.
494 3115 536 3182 G.
561 3118 580 3179 2
603 3115 725 3181 desinit
745 3115 799 3180 fol.
822 3113 857 3180 S.
883 3119 901 3178 5
925 3137 955 3180 v.
999 3114 1130 3198 Pagina
1159 3113 1311 3196 sequenti
1336 3110 1458 3193 media,
1487 3120 1562 3196 post
1590 3112 1732 3199 allegata
1758 3114 1816 3181 illa
1837 3114 1967 3195 biblica,
1990 3116 2112 3200 absque

100 3228 189 3293 omni
211 3226 390 3296 intervallo
412 3226 465 3295 vel
488 3226 696 3293 dishnctionc
717 3226 787 3292 ulla
808 3225 966 3311 leguntur
988 3225 1088 3292 haec:

862 3421 1091 3507 Tppopraphas
1118 3423 1161 3487 ad
1188 3421 1352 3487 Lectorera

259 3561 364 3644 Quam
383 3561 465 3628 banc
485 3561 600 3626 libram
617 3562 818 3644 qaoraadam
839 3560 981 3639 amatio,
1003 3580 1025 3624 a
1046 3556 1159 3640 quibas
1176 3556 1272 3624 obiter
1289 3562 1410 3623 tantam
1431 3558 1589 3639 iaspactas
1611 3563 1688 3638 erat,
1710 3559 1794 3641 typis
1813 3560 2003 3641 cumaeam,
2025 3562 2108 3629 inter

99 3674 320 3759 maclam
340 3671 550 3756 depressae
572 3678 617 3739 est
636 3674 674 3737 ia
690 3693 724 3738 co
740 3691 871 3739 cassas
888 3691 979 3738 error
998 3669 1132 3754 Peiapii,
1155 3669 1269 3737 actiaci
1291 3690 1312 3735 a
1331 3667 1479 3750 fidddas
1499 3669 1690 3751 pareatibas
1710 3674 1851 3736 sanatam
1869 3674 2016 3755 peaerari
2030 3692 2112 3757 pra·

97 3787 228 3871 petiam
248 3789 278 3850 et
296 3784 415 3867 foetam
431 3784 571 3850 mariam
587 3785 625 3849 ia
647 3784 746 3850 amm
768 3784 887 3850 editam
905 3785 940 3849 ia
959 3783 1072 3866 foedas
1093 3785 1235 3847 aeternae
1255 3781 1340 3846 vitae
1360 3785 1532 3864 coeptatam
1552 3802 1625 3849 esce.

260 3894 363 3961 Porro
385 3896 605 3981 iaterroqaati:
626 3897 657 3962 ci
671 3896 771 3978 paeri
791 3895 828 3960 ia
848 3900 935 3961 atero
956 3894 1071 3960 matris
1091 3893 1193 3959 sanai
1214 3897 1297 3972 caat,
1319 3911 1377 3957 ear
1398 3914 1419 3958 a
1441 3890 1565 3960 Christo
1585 3892 1730 3959 iabeataa
1750 3894 1899 3961 renasci?
1927 3895 2005 3975 qaid
2026 3895 2112 3961 caim

100 4009 227 4077 rarasoi
250 4007 343 4075 aaa
364 4012 409 4072 ea
429 4027 525 4090 qaam
546 4007 765 4090 canaparia?
795 4007 958 4090 respondet
978 4009 1084 4085 cata,
1110 4024 1248 4071 errorm
1269 4024 1374 4070 errore
1394 4004 1576 4086 aetatem,
1601 4004 1758 4086 baptisari
1778 4025 1898 4086 paeros
1916 4010 2050 4086 matam,
2077 4011 2113 4072 at

103 4126 309 4208 appropriatur
330 4119 374 4184 ad
394 4138 509 4202 corpas
532 4117 652 4184 chaat·
673 4119 717 4185 ad
738 4117 822 4201 qaod
837 4118 1036 4200 pertinebant
1058 4122 1224 4200 antaqaam
1245 4116 1281 4181 ia
1309 4117 1407 4181 lacera
1429 4115 1593 4182 ederentur
1609 4120 1660 4182 etc.
1709 4117 1795 4198 Quid
1820 4117 1921 4200 ipitar
1946 4116 2013 4182 call
2040 4115 2111 4197 cibi,

101 4232 181 4314 qaod
198 4231 360 4298 lebannes
380 4230 570 4313 eaaapeiicta
591 4229 713 4297 aaa:
740 4230 803 4312 Qai
824 4250 888 4295 aaa
910 4251 949 4296 ea
965 4228 1182 4314 aaapaiaibas‚
1204 4248 1301 4309 aeque
1317 4248 1356 4294 aa
1375 4228 1531 4294 voluptate
1552 4228 1668 4308 carnis,
1691 4248 1788 4308 acqac
1806 4247 1844 4292 ea
1863 4227 2018 4293 voluntate
2039 4228 2112 4310 aiei,

102 4341 477 4411 mdchcoaatisaat?
502 4341 676 4424 itemqaod
692 4341 741 4406 ait
753 4340 912 4407 Gloriatas:
932 4341 1141 4422 andaawm
1157 4344 1202 4405 est
1216 4361 1255 4406 ca
1270 4360 1363 4405 came
1377 4358 1451 4405 earo
1468 4339 1534 4404 ast?
1560 4338 1642 4405 Item
1661 4336 1693 4404 S.
1708 4337 1846 4403 Paalas:
1859 4336 2033 4403 Nascimar
2047 4338 2113 4421 filii

102 4455 190 4521 irae?
202 4459 256 4520 ata
280 4452 370 4519 Nam
379 4454 462 4536 qaod
472 4453 632 4519 Iolaaaes
648 4452 802 4534 Baptista
814 4454 847 4518 ia
856 4451 1296 4533 ataromatrissaactipicatar,
1312 4452 1393 4516 iatcr
1402 4456 1523 4517 caatcra
1533 4452 1603 4516 cias
1612 4451 1674 4516 loci
1683 4449 1840 4514 maaca
1849 4449 2048 4532 referendam
2058 4457 2111 4517 ast.

259 4564 376 4632 Postea
395 4564 446 4631 bio
467 4585 555 4632 error
575 4584 691 4631 rurale
711 4565 839 4632 maim
854 4564 948 4646 parit
964 4583 1116 4629 arerem:
1136 4582 1251 4646 canpe,
1267 4562 1442 4645 profanari
1463 4562 1652 4644 baptismam
1674 4559 1712 4625 ab
1734 4561 1779 4625 iis
1790 4560 1846 4642 qai
1867 4559 1986 4626 alicam
1991 4580 2112 4643 pucras

106 4675 269 4759 maaca.
318 4676 381 4758 Qai
401 4681 477 4742 caat
496 4676 551 4741 isti
572 4675 696 4742 alani?
725 4675 843 4742 Aaaoa
864 4680 892 4741 et
911 4695 968 4741 aas
986 4675 1110 4758 saimas
1130 4674 1229 4740 alterii
1247 4679 1277 4740 et
1298 4694 1337 4739 ea
1356 4674 1499 4758 pentibus
1514 4672 1714 4758 pacatae?
1735 4677 1763 4737 et
1783 4677 1886 4738 amca
1906 4692 2020 4738 samaa
2036 4672 2112 4756 bap

107 4787 200 4871 aaa
221 4788 318 4871 idqac
337 4788 487 4855 mandato
510 4784 638 4869 Christi,
660 4788 716 4873 pai
736 4809 799 4854 aaa
820 4788 919 4855 aaa:
941 4786 990 4852 Ite
1010 4786 1054 4852 ad
1074 4790 1196 4853 caactm
1217 4784 1264 4850 vei
1282 4789 1462 4852 candorem
1480 4784 1579 4867 titios:
1599 4785 1654 4850 sed
1675 4782 1758 4850 iasa
1783 4784 1940 4865 baptismi
1955 4788 2059 4868 pentec
2084 4788 2113 4850 ct

110 4898 181 4964 dicit
199 4899 291 4965 sacis
311 4919 374 4965 aaa
395 4919 475 4982 opas
494 4918 562 4965 asae
582 4900 709 4966 medica
755 4898 794 4965 Si
819 4900 924 4965 Tarsa
946 4903 1002 4965 aat
1023 4897 1164 4963 Iudaeas
1186 4896 1258 4982 (qai
1279 4897 1376 4962 alieai
1397 4895 1485 4981 caat)
1499 4900 1622 4978 peteret
1638 4896 1804 4979 baptisma,
1826 4916 1904 4960 aaa
1920 4895 2113 4961 reiicieadac
2177 4923 2185 4941 ·

114 5009 209 5075 aad?
229 5030 309 5077 aaa»
321 5016 499 5094 propterea,
520 5011 552 5076 si
572 5011 797 5094 baptismata,
819 5010 976 5093 baptisate
992 5009 1201 5092 profanatas
1222 5006 1324 5074 essa?
1366 5005 1412 5072 Et
1427 5008 1459 5073 si
1473 5007 1606 5090 pteram
1627 5012 1748 5073 tactam
1764 5007 1861 5089 paeri
1881 5004 1988 5072 daea
2009 5005 2112 5087 bapti·

116 5119 187 5201 rari,
205 5141 263 5188 aa
282 5122 479 5205 baptisamac
494 5123 701 5207 papistaram
714 5121 856 5206 pueros?
888 5121 988 5188 Maza
1003 5126 1154 5190 aoaaa
1166 5117 1342 5186 Christiani
1353 5119 1410 5203 qai
1422 5117 1599 5185 amaea
1614 5140 1679 5187 aea
1700 5123 1783 5198 sant,
1805 5122 1898 5202 atque
1919 5117 1996 5184 adea
2013 5115 2114 5184 atieai

215 5220 322 5279 Octa&
337 5239 429 5295 opera.
467 5225 526 5282 Vol.
548 5225 617 5283 Vll.
1882 5217 1907 5275 F
