4620 5894
169 247 235 311 499

171 453 236 518 que
256 432 313 498 vel
340 433 508 517 impietas,
537 435 591 500 vel
612 434 800 519 ignorantia
822 453 937 498 eorum
959 433 1073 512 fuerit,
1101 434 1158 517 qui

170 518 373 602 baptismum
402 520 496 586 nobis
522 519 808 587 administrarant:
836 519 925 585 solus
947 519 1036 586 enim
1058 519 1157 585 Chri-

121 672 128 681 ,
172 612 244 672 stus
267 613 326 686 est,
349 606 505 689 quivere
528 613 561 671 ot
582 607 723 690 proprie,
746 626 807 689 per
828 627 965 672 manum
983 606 1158 672 cuiuslibet

172 690 326 772 hominis,
348 692 501 775 baptizat.

611 802 652 868 In
674 802 717 868 V.

259 922 311 988 Ne
332 923 634 989 circumveniantur
655 922 814 1005 imperiti:
843 922 931 986 inter
958 921 1099 988 liberum
1123 928 1158 986 et

172 1009 397 1075 novennarium
429 1007 566 1076 medius·
593 1016 645 1073 est
676 1008 794 1092 aliquis
821 1006 952 1092 gradus.
1004 1006 1156 1088 Qualiter

173 1093 237 1161 hoo
274 1095 436 1177 posterius
473 1094 670 1161 rotabulum
713 1095 881 1177 accipiunt
918 1094 1154 1159 Romanenses.

172 1180 260 1245 Nam
282 1187 316 1244 et
337 1201 396 1246 nos
413 1180 569 1264 baptismi
586 1201 685 1246 usum
704 1181 927 1247 necessarium
945 1180 1155 1247 eonfitemur:

171 1287 215 1331 ne
237 1267 290 1332 oui
313 1265 409 1331 liceat
429 1266 485 1332 vel
506 1265 718 1350 negligentia,
742 1266 797 1332 vel
818 1273 1024 1348 contemptu,
1047 1266 1155 1349 ipsum

171 1351 332 1416 omittere.
377 1353 489 1435 Atque
512 1353 573 1418 hoo
596 1351 692 1417 modo
714 1373 923 1436 nequaquam
946 1349 1087 1417 liberum
1108 1352 1155 1415 fa-

170 1435 285 1502 cimus.
341 1437 411 1503 Neo
442 1437 556 1503 fideles
588 1436 685 1503 modo
718 1459 832 1504 severe
864 1437 1081 1522 astringimus
1113 1436 1155 1501 ad

171 1522 242 1589 eius
264 1523 535 1602 observationem,
559 1523 616 1589 sed
639 1523 843 1589 ordinarium
867 1545 994 1607 quoque
1015 1521 1079 1587 Dei
1102 1523 1154 1586 in-

170 1614 393 1673 strumentum
421 1611 611 1687 asserimus,
645 1609 687 1674 ad
719 1630 780 1675 nos
812 1608 970 1675 lavandos
999 1616 1032 1673 et
1059 1629 1154 1673 reno-

171 1693 308 1772 vandos,
331 1693 373 1758 ad
395 1695 536 1761 salutem
559 1696 701 1779 denique
723 1695 817 1761 nobis
838 1694 1152 1760 communicandam.

170 1778 246 1845 Hoc
268 1786 398 1844 tantum
419 1782 617 1863 excipimus,
639 1802 683 1845 ne
704 1802 825 1846 manus
846 1781 911 1846 Dei
933 1781 1153 1847 instrumento

171 1865 216 1929 sit
244 1864 394 1949 alligata:
423 1867 502 1949 quin
531 1869 635 1950 possit
661 1887 721 1949 per
749 1889 784 1932 se
811 1866 984 1932 hominum
1012 1866 1154 1932 salutem

169 1952 336 2034 perficere.
376 1952 464 2016 Nam
485 1953 541 2018 ubi
564 1952 656 2018 deest
678 1952 834 2035 baptismi
854 1953 1001 2031 facultas,
1024 1953 1154 2018 abunde

169 2035 260 2102 valet
281 2036 350 2102 sola
371 2036 436 2102 Dei
458 2039 639 2121 promissio.
687 2039 810 2104 Verum
834 2039 896 2104 hac
919 2037 959 2103 de
980 2060 1018 2103 re
1040 2041 1075 2104 in
1097 2059 1153 2103 su·

169 2121 333 2206 perierem
355 2124 533 2189 sessionem
556 2123 681 2207 aliquid
704 2124 827 2190 dictum
849 2133 907 2190 est.

595 2260 719 2326 anI.

256 2378 485 2458 Paradoxum,
514 2379 603 2463 quod
623 2380 798 2459 damnant,
822 2402 881 2446 nos
903 2401 1033 2464 quoque
1055 2402 1152 2464 repu-

169 2461 314 2543 diamus,
342 2465 398 2531 rel
419 2465 505 2530 hano
527 2487 630 2531 unam
650 2467 690 2531 ob
717 2487 864 2546 eausam,
898 2467 983 2551 quod
1005 2467 1082 2533 fidei
1105 2468 1154 2533 vi-

169 2556 251 2615 tam·
262 2551 453 2637 exstinguit.

593 2665 634 2728 In
657 2663 735 2730 VII.

260 2787 333 2860 [pag.
355 2787 431 2862 278]
455 2781 749 2868 §intelligerent
772 2784 851 2869 quid
873 2785 918 2851 sit
939 2785 994 2850 lex
1017 2784 1152 2865 Christi,

171 2866 214 2934 de
244 2868 371 2951 reliquo
403 2888 470 2933 non
502 2867 680 2935 difficulter
713 2871 921 2938 conveniret:
956 2871 1015 2938 sed
1046 2880 1084 2937 ut
1113 2871 1182 2941 de,

171 2952 299 3021 Christi
325 2956 398 3038 lege
424 2953 532 3019 solent
558 2955 664 3038 loqui,
691 2957 754 3023 hoc
779 2979 846 3023 uno
880 2959 985 3042 capite
1017 2957 1154 3024 demon·

170 3047 288 3117 strant,
311 3061 410 3124 quam
432 3040 545 3124 procul
568 3040 677 3107 absint
701 3065 721 3108 a
744 3064 825 3110 vera
850 3043 1006 3128 baptismi
1026 3046 1153 3110 notitia.

171 3126 287 3209 Neque
305 3135 416 3192 tamen
427 3128 553 3212 ignoro,
572 3127 651 3212 quid
666 3126 721 3195 sos
738 3130 899 3196 fefellerit.
930 3132 1026 3210 Nam,
1038 3152 1153 3215 quem-

173 3211 350 3278 admodum
373 3213 622 3279 oircumoisione
636 3215 678 3279 ad
689 3214 887 3282 servandam
898 3218 1025 3302 Moysis
1044 3217 1153 3302 legem

173 3297 312 3382 obligari
339 3298 506 3364 hominem
534 3300 629 3366 docet
649 3302 775 3368 Paulus
803 3303 894 3379 (Gal.
915 3309 945 3383 5,
972 3305 1022 3386 3):
1051 3305 1099 3369 ita
1121 3313 1154 3368 et

172 3385 211 3450 in
232 3385 412 3466 baptismo,
433 3384 541 3468 quoad
560 3387 668 3470 legem
690 3388 833 3468 Christi,
863 3390 1006 3456 similem
1028 3390 1153 3475 obliga·

174 3470 298 3535 tionem
332 3477 492 3536 statuunt.
538 3473 649 3556 Atque
676 3475 759 3542 haec
786 3475 919 3560 quidem
951 3478 1153 3560 comparatio

175 3562 253 3638 apta
280 3556 381 3632 foret,
413 3558 477 3620 nisi
509 3557 545 3622 in
575 3560 695 3642 primo,
729 3569 766 3626 ut
800 3563 909 3642 aiunt,
943 3563 1058 3628 limine
1090 3563 1152 3627 im-

174 3641 365 3725 pingerent:
411 3664 488 3706 nam
528 3643 742 3711 vehementer
783 3657 911 3725 errant,
956 3646 1037 3712 dum
1064 3651 1152 3715 exis·

176 3727 299 3792 timant
326 3727 469 3792 Paulum
503 3728 543 3794 de
590 3752 669 3796 vero
701 3733 958 3800 circumcisionis
991 3754 1069 3814 usu,
1115 3756 1153 3802 ao

175 3835 244 3878 non
266 3813 375 3896 potius
403 3812 443 3878 de
471 3816 591 3894 abusu,
618 3815 686 3883 illic
711 3818 879 3884 disserere.
923 3820 1011 3884 Nam
1040 3821 1068 3885 si
1089 3821 1152 3886 im·

174 3899 316 3986 plendae
339 3898 422 3985 legis
443 3900 579 3966 fuerunt
601 3901 779 3984 debitores,
809 3905 996 3989 quicunque
1016 3907 1153 3974 fuerunt

173 3987 373 4054 circumcisi:
406 3986 569 4070 sequitur,
602 3988 823 4055 maledictioni
857 3991 958 4056 fuisse
985 3990 1152 4059 obnoxios.

172 4073 277 4155 Atqui
298 4073 397 4157 longe
419 4073 516 4138 aliter
537 4073 632 4139 docet
648 4074 736 4140 idem
749 4076 875 4142 Paulus
898 4076 1010 4160 (Rom.
1029 4084 1059 4154 4,
1082 4079 1151 4163 ll):

173 4180 276 4244 quum
316 4160 598 4226 circumcisionem
638 4161 785 4246 sigillum
822 4161 968 4245 appellat
1006 4165 1152 4231 iustitiae

172 4243 259 4310 fidei.
304 4245 372 4326 Qui
394 4254 506 4311 autem
528 4268 611 4329 opus
636 4269 708 4312 esse
736 4249 942 4314 meritorium
973 4252 1150 4334 fingebant,

172 4329 214 4394 iis
236 4331 337 4395 etiam
359 4339 433 4397 erat
449 4332 606 4414 professio
624 4334 805 4400 servandae
825 4336 916 4419 legis.
951 4337 1054 4403 Nobis
1073 4336 1152 4421 quid

173 4413 271 4481 hodie
293 4417 499 4500 baptismus?
544 4419 691 4485 Tametsi
717 4421 973 4506 chirographum
1000 4432 1053 4488 ost
1078 4446 1152 4490 mu-

174 4505 251 4565 tuae
276 4502 449 4569 internos
482 4510 515 4568 et
541 4505 654 4570 Deum
684 4506 910 4591 obligationis,
944 4509 1007 4575 hoo
1039 4518 1151 4577 tamen

173 4584 276 4650 babet
295 4590 522 4672 praecipuum,
552 4597 591 4656 ut
618 4590 658 4657 de
686 4593 832 4677 gratuita
860 4602 1070 4678 peccatorum
1097 4618 1151 4663 re·

173 4670 331 4737 missione
357 4684 578 4758 perpetuaque
606 4675 792 4761 adoptionis
821 4682 1012 4764 gratianos
1034 4683 1151 4749 certio·

174 4778 229 4823 res
250 4755 375 4823 reddat.
421 4758 517 4839 Quod
539 4783 615 4827 cum
638 4764 837 4832 Tridentino
858 4766 1079 4834 affirmatione
1097 4791 1151 4835 ae-

173 4864 236 4927 que
258 4851 394 4927 pugnat,
419 4854 517 4926 atque
538 4847 690 4914 liberatio
712 4853 877 4918 contraria
898 4860 950 4920 est
967 4855 1128 4921 servituti.

576 4965 742 5035 lnvm

260 5063 357 5132 Unus
378 5071 429 5131 est
449 5065 629 5151 legislator,
651 5070 759 5155 inquit
779 5073 918 5143 Iacobus
940 5076 985 5158 (4,
1007 5076 1071 5162 12),
1094 5079 1152 5162 qui

173 5156 284 5237 potest
315 5170 450 5218 servare
481 5160 516 5218 et
546 5153 692 5237 perdere.
736 5157 803 5224 Ubi
836 5160 955 5228 falsum
987 5162 1051 5231 hoo

860 245 985 312 Aous
1005 243 1186 312 SYNODI
1204 244 1525 311 minuamus

2122 252 2188 315 500

1210 439 1284 514 [pag.
1304 436 1381 512 279]
1403 431 1717 511 demonstraverint,
1746 452 1813 498 non
1835 434 2077 513 recusabimus,
2106 436 2188 521 quin

1209 519 1277 584 suis
1296 540 1356 584 nos
1373 518 1501 602 legibus
1518 519 1735 605 adstringant.
1770 517 1838 585 Sed
1856 520 2012 603 quamdiu
2029 520 2092 587 hoo
2108 541 2188 588 oon-

1209 605 1318 683 stebit,
1340 605 1450 670 Deum
1472 605 1635 690 regendas
1658 604 1758 671 verbo
1781 626 1841 670 suo
1863 606 1995 689 piorum
2017 609 2188 675 conscien-

1209 691 1273 756 tiae
1295 691 1481 773 sumpsisse,
1505 699 1602 775 atque
1620 691 1683 757 hoc
1706 690 1768 756 sibi
1784 691 1962 775 imperium
1974 691 2095 776 tibique
2114 694 2188 760 vin·

1208 775 1332 843 dicare:
1356 784 1502 842 statuere
1523 785 1595 844 tuto
1619 777 1718 844 simul
1740 777 1868 857 licebit,
1898 800 1965 844 non
1992 800 2064 845 esse
2091 801 2188 848 sano-

1207 869 1276 928 tam
1297 863 1479 942 ecclesiam,
1500 884 1585 946 quae
1606 863 1788 947 illaqueare
1806 865 2023 931 conscientias
2044 866 2188 933 tentabit

1208 948 1281 1015 aliis
1303 948 1439 1033 legibus.
1457 954 1480 1033 ¹)

1628 1086 1670 1150 Iu
1696 1085 1760 1150 IX.

1293 1203 1462 1287 Principio
1488 1203 1571 1271 illud
1602 1203 1871 1273 constituendum
1904 1217 1991 1286 erat,
2024 1228 2187 1291 quaenam

1207 1289 1275 1356 sint
1308 1299 1384 1356 vota
1412 1290 1567 1375 legitima.
1614 1291 1689 1374 Quo
1723 1292 1828 1375 posito
1857 1291 1942 1357 nihil
1973 1301 2033 1358 aut
2064 1314 2186 1377 parum

1206 1382 1347 1441 restaret
1368 1379 1620 1442 coutroversiae.
1666 1379 1765 1444 Nunc
1786 1384 1896 1443 autem
1928 1386 2017 1456 vota,
2046 1400 2188 1462 quorum

1206 1461 1332 1545 laqueis
1353 1460 1549 1541 induuntur,
1572 1464 1625 1529 vel
1648 1464 1756 1546 potius
1771 1463 2023 1547 strangulantur
2043 1466 2185 1531 miserae

1207 1547 1351 1627 animae,
1384 1567 1453 1613 non
1478 1547 1575 1614 modo
1604 1550 1835 1633 superstitione
1871 1550 1969 1634 plena
1997 1560 2089 1629 suut,
2126 1551 2185 1616 sed

1206 1635 1307 1698 etiam
1330 1654 1350 1697 a
1371 1642 1462 1699 recta
1482 1633 1681 1700 christianae
1708 1636 1799 1700 vitae
1821 1635 1936 1720 regula
1961 1657 2096 1719 prorsus
2118 1637 2185 1702 dis·

1207 1718 1323 1784 sidont.
1359 1718 1471 1799 Quare
1492 1727 1531 1784 ιιι
1553 1727 1661 1785 ratum
1683 1722 1726 1787 sit
1743 1729 1857 1787 votum
1879 1721 2021 1805 aliquod,
2045 1721 2088 1787 ad
2104 1723 2147 1789 ba

1205 1805 1296 1869 tismi
1319 1805 1555 1886 professionem
1577 1807 1666 1891 exigi
1684 1815 1819 1891 oportet.
1856 1805 2000 1888 Quodsi
2023 1809 2089 1887 fiat,
2109 1831 2133 1873 n
2170 1845 2186 1858 ·

1205 1889 1274 1954 lum
1297 1912 1339 1954 ex
1362 1892 1447 1956 votis
1472 1891 1508 1955 in
1537 1900 1660 1974 papatu
1689 1891 1786 1958 hodie
1814 1893 1943 1959 usitatis
1965 1915 2032 1958 non
2054 1895 2117 1959 erit
2139 1895 2185 1960 ir·

1205 1976 1317 2041 ritum.

1640 2116 1682 2180 In
1704 2117 1748 2182 X.

1292 2229 1360 2312 Qui
1388 2232 1524 2299 soleba
1548 2234 1636 2300 tismi
1665 2235 1891 2301 recordatione
1922 2235 2023 2302 deleri
2052 2244 2187 2321 peccata

1207 2316 1351 2397 tradunt,
1376 2340 1441 2383 non
1464 2341 1509 2383 nu
1534 2342 1588 2384 am
1609 2322 1717 2404 ipsam
1728 2330 1785 2387 aut
1807 2320 1961 2405 frigidam
1983 2323 2186 2408 intelligunt,

1206 2401 1264 2468 sed
1286 2424 1363 2470 eum
1384 2404 1449 2469 fide
1466 2425 1503 2470 ao
1525 2407 1728 2490 poenitentia
1750 2407 1966 2473 coniunctam.
1996 2407 2113 2490 Qualis
2135 2420 2187 2475 est

1205 2489 1314 2572 prima
1347 2511 1477 2574 quoque
1512 2491 1668 2575 baptismi
1702 2494 1851 2577 cognitio.
1861 2493 1891 2578 ²)
1941 2494 2056 2578 Neque
2096 2497 2185 2561 enim

1205 2582 1337 2641 tantum
1359 2576 1394 2640 in
1416 2585 1561 2642 mentem
1584 2580 1678 2644 nobis
1689 2580 1806 2645 venire
1828 2579 1925 2644 debet
1947 2601 2051 2664 aquae
2073 2602 2186 2666 asper-

1206 2662 1269 2726 sio:
1293 2661 1351 2727 s'ed
1373 2663 1480 2745 potius
1502 2664 1686 2746 spiritualis
1716 2666 1847 2744 veritas,
1876 2686 1960 2748 quae
1982 2667 2086 2733 bonae
2107 2688 2187 2734 oon·

1206 2748 1362 2813 scientiae
1394 2747 1549 2814 fiduciam
1582 2751 1670 2833 parit
1698 2774 1740 2816 ex
1773 2751 1900 2817 Christi
1931 2754 2185 2820 resurrectione:

1206 2831 1480 2916 quemadmodum
1518 2835 1665 2919 loquitur
1701 2838 1825 2903 Petrus
1865 2838 1896 2922 (1
1927 2838 2018 2903 Petr.
2051 2843 2079 2918 3,
2116 2839 2186 2990 29.

1206 2919 1394 2999 Eiusmodi,
1422 2921 1573 3004 inquam,
1602 2922 1798 3006 recordatio,
1827 2944 1892 2988 non
1922 2924 2065 2991 venialia
2086 2945 2187 2991 moo

1206 3012 1341 3089 peccata
1362 3006 1448 3085 facit,
1477 3004 1535 3071 sed
1556 3029 1691 3090 prorsus
1714 3009 1882 3074 obliterat:
1912 3032 1989 3075 nam
2012 3015 2087 3090 [pag.
2107 3014 2186 3092 280]

1206 3091 1332 3174 quoties
1349 3089 1389 3155 do
1408 3099 1616 3174 peccatorum
1635 3096 1827 3161 remissione
1848 3097 2027 3178 quaeritur,
2045 3096 2088 3163 ad
2104 3097 2188 3183 bap·

1206 3178 1343 3242 tismum
1375 3178 1630 3262 confugiendum
1664 3190 1728 3259 est,
1762 3189 1800 3244 ut
1832 3180 1908 3246 inde
1937 3190 2087 3265 petamus
2115 3185 2205 3273 eiusr

1206 3264 1497 3329 confirmationem.
1543 3263 1830 3346 Quemadmodum
1864 3268 1953 3332 enim
1986 3267 2188 3352 quotidianis

1206 3348 1367 3433 evangelii
1397 3349 1670 3433 promissionibus
1698 3373 1757 3418 nos
1786 3351 1848 3418 sibi
1870 3354 1962 3419 Deus
1984 3356 2187 3435 reconciliet,

1205 3434 1253 3499 ita
1281 3434 1396 3515 huius,
1425 3455 1508 3519 quae
1536 3437 1681 3520 quotidie
1708 3440 1870 3522 repetitur
1895 3461 2000 3523 usque
2027 3440 2188 3508 advitae

1204 3522 1321 3600 finem,
1353 3521 1628 3590 reconciliationis
1654 3524 1753 3589 fidcm
1783 3532 1815 3590 et
1843 3526 2075 3591 certitudinem
2105 3527 2188 3610 bsp-

1206 3608 1303 3673 tismo
1326 3607 1419 3674 nobis
1442 3608 1603 3693 obsignat.
1649 3608 1760 3676 Semel
1783 3610 1915 3694 quidem
1944 3634 2059 3678 sumus
2076 3611 2187 3698 bapti·

1206 3694 1283 3758 sati:
1322 3692 1380 3760 sed
1413 3700 1465 3760 est
1503 3703 1700 3779 perpetuum
1734 3698 1850 3763 veniae
1887 3705 1921 3762 et
1953 3699 2117 3782 gratuitae
2149 3700 2188 3764 in

1205 3776 1340 3843 Christo
1362 3780 1604 3863 propitiationis
1626 3784 1858 3849 testimonium.
1892 3781 1983 3864 Quid
2003 3785 2190 3851 venerandi

1205 3863 1338 3946 patres?
1384 3865 1438 3929 Ex
1459 3865 1550 3932 tritis
1571 3867 1796 3950 sophistarum
1813 3868 2008 3953 rhapsodiis,
2030 3871 2189 3954 baptismi

1205 3949 1437 4031 promissiones
1459 3952 1495 4016 in
1516 3954 1733 4035 praeteritum
1755 3963 1884 4040 tempus
1901 3956 2121 4041 restringunt:
2140 3957 2189 4023 si·

1204 4033 1275 4099 mul
1293 4041 1390 4119 atque
1406 4039 1592 4119 peccaverit
1604 4041 1777 4123 quispiam,
1796 4042 1925 4124 sepulta
1942 4040 2099 4126 baptismi
2115 4063 2189 4109 me-

1204 4122 1324 4200 moria,
1356 4121 1472 4188 iubent
1505 4124 1541 4188 in
1569 4124 1690 4191 fictitio
1727 4129 1950 4209 poenitentiae
1977 4135 2189 4195 sacramento

1205 4207 1420 4290 acquiescere.
1465 4208 1571 4292 Quasi
1596 4232 1675 4277 vero
1704 4234 1771 4278 non
1799 4215 1869 4296 ipse
1898 4213 2081 4296 baptismus
2108 4236 2189 4298 pro·

1203 4293 1314 4376 prium
1342 4303 1428 4361 esset
1455 4297 1676 4379 poenitentiae
1704 4306 1956 4364 sacramentum.
2001 4300 2048 4364 Et
2076 4300 2189 4368 adhue

1202 4379 1381 4460 iactabant,
1394 4403 1494 4465 penes
1505 4403 1540 4447 se
1551 4404 1668 4449 sanam
1676 4383 1717 4449 de
1728 4383 1889 4468 baptismo
1900 4406 1972 4451 esse
1984 4384 2188 4453 doctrinam:

1203 4484 1307 4549 quum
1327 4474 1429 4532 totam
1451 4469 1521 4534 eius
1543 4470 1612 4534 vim
1633 4479 1863 4536 momentanea
1889 4484 1924 4537 et
1945 4471 2087 4538 evanida
2108 4493 2189 4558 gra·

1204 4552 1270 4617 tiae
1291 4554 1507 4635 promissione
1527 4553 1708 4622 includant

1289 4722 1456 4789 Proximis
1477 4723 1584 4792 tribus
1596 4728 1759 4812 capitibus
1781 4748 1849 4793 non
1867 4729 1994 4795 invitus
2006 4730 2188 4799 subscribo.

1202 4806 1245 4872 In
1267 4816 1383 4891 quarto
1405 4819 1540 4876 eatenus
1559 4812 1625 4879 illis
1649 4814 1879 4892 assentior-ut
1900 4815 2037 4881 lectores
2058 4817 2192 4884 interea

1273 4975 1303 5042 1)
1323 4977 1397 5033 Aac.
1415 4979 1474 5036 ains
1492 4998 1544 5037 une
1564 4999 1719 5055 synagogae
1736 4985 1847 5041 rebelle.

1272 5045 1303 5111 2)
1322 5046 1376 5101 Gar
1399 5064 1434 5103 on
1456 5065 1491 5103 ne
1516 5066 1546 5106 se
1569 5061 1636 5121 peut
1658 5070 1709 5123 pas
1733 5055 1860 5110 souvenir
1882 5054 1919 5110 du
1936 5054 2083 5123 Baptesme
2108 5055 2191 5126 qu’sn

1202 5112 1304 5186 l’ayant
1330 5132 1448 5186 cogneu,
1472 5125 1500 5173 et
1529 5135 1564 5175 on
1590 5137 1624 5177 ne
1648 5123 1674 5178 le
1698 5124 1808 5190 cognoit
1832 5139 1883 5193 pas
1907 5122 2050 5180 deteneat
2071 5139 2138 5182 sans
2157 5143 2191 5183 sa

1079 5185 1151 5231 08³0
1201 5189 1289 5239 verta

1200 5304 1221 5352 δ
