4620 5894
143 222 214 286 tlt
797 220 806 227 ’
895 214 1424 287 memorationem
2117 222 2177 287 tlt

234 408 366 492 Quarta
384 408 473 475 ratio
492 414 553 485 est,
586 406 674 493 quod
705 426 803 473 nemo
836 405 1019 490 spiritualis
1039 406 1135 473 initio
1185 404 1301 489 Neque
1331 407 1422 472 enim
1452 404 1632 473 absurdum
1659 408 1722 474 fuit
1754 414 1872 476 octavo
1901 409 1957 477 die
1988 413 2177 482 circumcidi

144 516 220 564 esse
241 496 357 580 possit,
375 496 454 578 quia
474 494 644 578 praecedit
659 494 748 577 quod
769 492 913 558 animale
934 498 995 571 est,
1021 496 1048 558 l.
1067 491 1133 558 Co-
1184 492 1330 557 infantes
1363 491 1424 558 sub
1456 491 1545 577 lege,
1579 493 1637 577 qui
1667 504 1780 559 22222
1811 517 1879 563 222
1919 506 2004 565 ente
2043 498 2177 568 ederent

144 580 248 647 rinth.
273 586 324 647 15.
367 580 558 647 2112222212
590 587 703 645 autem
735 579 815 645 novi
842 578 1033 645 testamenti
1054 585 1136 643 sunt
1185 576 1318 660 pascha,
1340 598 1440 661 quam
1461 598 1575 644 sacrae
1594 583 1820 648 caeremoniae
1836 604 1938 648 usum
1956 587 2176 670 perciperent

146 669 293 752 spiritus.
337 668 430 751 Ergo
463 686 530 732 nou
562 674 705 749 possunt
729 684 749 728 a
770 684 872 748 puero
904 663 1028 731 carnali
1051 664 1134 730 iuci-
1186 664 1244 729 Sic
1271 664 1363 729 euim
1389 672 1512 729 sonant
1538 664 1642 731 blesis
1668 664 1787 731 verba:
1831 667 1949 750 Quum
1986 676 2178 757 rogaverint

145 774 237 839 pere.
280 752 404 818 Fateor
425 758 515 818 certe
536 772 652 817 omues
671 758 819 835 posteros
835 748 931 816 Adae
949 750 1041 816 nasci
1062 750 1133 815 irae
1184 748 1246 813 filii
1272 749 1322 814 tui
1344 756 1378 814 et
1403 748 1492 815 filiae
1519 758 1610 831 tuae,
1638 751 1804 834 quidhoc
1830 755 2176 827 2121221211222212

146 839 244 918 111122,
278 843 313 904 22
332 836 417 903 nihil
440 835 482 903 ab
503 845 600 903 utero
619 856 720 921 quam
741 843 883 902 mortem
904 835 1039 899 afferre:
1074 835 1133 901 sed
1185 855 1250 913 eos,
1273 842 1333 899 eto.

145 924 388 1008 praescriptum
421 923 582 991 divinitus
610 930 742 1006 tempus
771 926 845 1001 [pag.
869 926 947 1000 212]
970 918 1133 987 Servatus
1271 920 1369 985 Nona
1386 921 1471 985 ratio
1489 928 1547 1000 est,
1570 920 1656 1005 quod
1674 921 1782 991 bonus
1800 924 2013 1011 dispensator
2032 930 2176 999 familiae

147 1009 311 1089 ostendat,
354 1031 397 1074 no
414 1010 551 1094 incipiat
572 1007 754 1093 spiritualis
771 1009 861 1074 vitae
878 1007 1019 1073 novitas.
1064 1006 1133 1071 Nos
1185 1004 1295 1070 cibum
1314 1005 1490 1072 distribuat
1511 1014 1659 1090 tempore
1676 1028 1745 1075 suo.
1773 1010 1990 1095 Respondes:
2013 1014 2067 1081 Ut
2085 1037 2176 1101 prae·

147 1096 239 1161 enim
272 1094 333 1160 soli
359 1096 385 1160 's
417 1102 452 1161 et
483 1095 582 1162 claris
614 1094 798 1177 scripturae
825 1092 1025 1157 testimoniis
1047 1091 1132 1171 freti,
1185 1097 1354 1174 posterum
1386 1112 1448 1157 uos
1480 1092 1632 1157 ordinem
1665 1102 1778 1162 222222
1811 1109 1975 1184 coarguat
2001 1099 2175 1184 82222222,

147 1181 248 1249 simul
270 1200 308 1246 ao
329 1186 514 1247 nascuntur
544 1181 689 1245 infantes
720 1200 762 1247 ex
784 1178 907 1245 2222212
928 1176 1132 1262 2222221222,
1184 1175 1390 1274 probandum
1413 1178 1586 1262 inprimis
1609 1199 1691 1259 esse,
1713 1182 1884 1265 prohiberi
1904 1205 1927 1249 a
1949 1186 2085 1253 Christi
2104 1210 2176 1275 gra·

84 1292 86 1296 ·
147 1265 321 1334 Christum
338 1264 479 1333 dicimus
500 1266 567 1332 illis
588 1286 726 1331 manum
747 1265 927 1348 porrigere,
949 1269 989 1328 nt
1006 1283 1027 1327 a
1044 1283 1133 1329 com·
1184 1269 1233 1328 tra
1252 1263 1406 1329 infantes.

144 1352 242 1417 muni
263 1358 358 1417 reatu
380 1352 540 1418 absolvat,
1271 1346 1412 1415 Decima
1437 1349 1537 1429 ratio,
1570 1350 1657 1433 quod
1683 1351 1838 1419 Christus
1866 1358 2038 1441 apostolos
2067 1359 2175 1428 iubeat

235 1435 364 1519 Quinta
386 1438 473 1503 ratio
494 1459 536 1503 ex
558 1437 715 1522 allegoria
736 1435 891 1514 sumitur,
921 1434 1000 1517 2212
1020 1432 1133 1498 David
1185 1435 1348 1516 respicere
1370 1432 1412 1498 ad
1434 1436 1587 1519 regiones
1608 1456 1692 1519 quae
1713 1440 1781 1504 iam
1802 1439 1990 1523 albescunt,
2023 1452 2062 1510 et
2082 1467 2175 1531 para-

145 1523 182 1589 in
204 1543 314 1590 arcem
336 1520 420 1589 Sion
441 1523 666 1590 conscendens
687 1544 749 1589 nec
771 1539 883 1587 caecos
904 1540 966 1585 neo
998 1518 1134 1585 claudos
1186 1528 1241 1584 tae
1272 1526 1351 1583 sunt
1385 1518 1429 1585 ad
1462 1541 1618 1587 messem:
1653 1525 1742 1590 unde
1775 1528 1926 1609 sequitur
1959 1530 2175 1599 immaturam

147 1628 260 1676 seeum
283 1606 382 1688 ducit,
416 1610 474 1675 sed
506 1617 660 1675 strenuos
682 1608 814 1673 milites.
857 1606 987 1670 Verum
1010 1607 1038 1670 si
1080 1604 1134 1670 uis
1186 1605 1317 1688 frugem
1348 1625 1524 1690 perperam
1551 1607 1670 1693 colligi.
1727 1609 1833 1691 Quasi
1866 1633 1948 1679 vero
1979 1626 2174 1700 perpetuam

145 1694 339 1795 parabolam
360 1701 507 1779 opponat
526 1696 563 1759 in
580 1714 645 1779 qua
660 1692 754 1760 Dens
775 1692 818 1759 ad
839 1690 981 1758 coeleste
998 1625 1134 1773 2221212
1186 1690 1336 1773 regulam
1357 1690 1426 1759 illio
1443 1692 1597 1759 Christus
1615 1697 1819 1777 praescribat
1834 1697 2025 1782 discipulis:
2050 1725 2091 1770 ac
2111 1726 2174 1771 non

147 1779 270 1847 mvitat
291 1799 405 1846 caecos
426 1788 461 1845 et
481 1780 625 1857 claudos,
648 1778 811 1864 quomodo
828 1798 864 1843 se
881 1775 1036 1858 expediet
1054 1773 1133 1841 Ser·
1185 1776 1295 1859 potius
1316 1784 1525 1859 praesentem
1546 1779 1667 1846 laboris
1688 1782 1834 1849 fructum
1852 1786 2038 1854 ostendens
2061 1811 2117 1856 eos
2135 1791 2174 1857 ad

147 1864 267 1933 vetus?
318 1867 393 1950 Ego
432 1875 544 1932 autem
582 1866 668 1930 nihil
705 1864 797 1930 aliud
835 1861 1027 1945 respondeo,
1067 1860 1133 1925 nisi
1186 1860 1375 1927 obeundum
1396 1864 1549 1930 alacriter
1576 1865 1712 1932 docendi
1734 1889 1857 1935 munus
1876 1874 1986 1956 magis
2017 1878 2173 1942 exstimu-

147 1950 282 2017 olaudos
316 1960 351 2016 22
384 1952 520 2017 mutilos
554 1974 630 2018 cum
666 1949 796 2016 Doride
830 1950 923 2032 prius
962 1947 1131 2025 militasse,
1185 1947 1241 2012 lot.
1284 1947 1378 2031 Nego
1400 1950 1504 2034 igitur
1525 1950 1592 2016 illis
1609 1951 1734 2019 Christi
1753 1956 1862 2022 verbis
1884 1966 1995 2025 certos
2019 1963 2173 2044 apostolis

146 2035 286 2120 ideoque
308 2038 446 2103 minime
479 2058 550 2104 esse
571 2036 792 2120 prohibendos
813 2057 834 2101 a
856 2053 950 2101 22222
971 2032 1131 2118 symbolo,
1185 2034 1268 2099 fines
1294 2034 1472 2115 praescribi
1494 2035 1585 2101 intra
1611 2059 1692 2120 quos
1714 2045 1789 2118 [pag.
1814 2046 1888 2121 220]
1911 2065 1948 2108 22
1970 2048 2172 2127 contineant,

147 2142 213 2206 quo
235 2123 390 2190 Christus
423 2123 524 2191 rudes
557 2132 592 2189 22
623 2123 765 2189 22212122
797 2122 834 2187 12
861 2140 956 2186 suam
978 2118 1133 2183 militiam
1186 2118 1243 2185 sed
1265 2140 1308 2184 ex
1331 2139 1367 2185 re
1387 2122 1554 2204 praesenti
1587 2132 1755 2208 sumptam
1788 2147 1859 2192 esse
1891 2130 2171 2199 exhortationem

143 2207 265 2274 initiat.
1185 2205 1320 2288 Alioqui
1347 2227 1414 2271 non
1441 2207 1618 2289 quadraret
1640 2209 1726 2292 quod
1747 2210 1827 2277 dicit
1847 2214 1992 2296 Paulus,
2018 2219 2172 2285 ecclesiae

234 2293 339 2359 Sexta
371 2295 456 2359 ratio
488 2300 555 2371 est,
596 2294 683 2376 quod
721 2294 759 2358 in
793 2291 987 2357 fluminibus
1028 2309 1133 2372 aquae
1186 2290 1335 2356 doctores
1365 2292 1529 2357 seminare
1563 2304 1597 2360 22
1624 2297 1741 2379 rigare.
1785 2298 1902 2380 Itaque
1936 2302 2014 2367 istis
2044 2302 2173 2371 Servati

58 2430 61 2434 ι
146 2379 255 2458 21222,
278 2399 361 2461 2222
383 2387 499 2445 manat
521 2400 562 2443 ex
582 2379 716 2445 coelesti
737 2377 930 2456 Ierusalem,
952 2376 1132 2459 piscatores
1185 2376 1357 2461 argutiolis
1377 2377 1463 2441 nihil
1483 2378 1631 2461 putidius
1653 2384 1734 2465 fingi
1756 2392 1878 2466 potest,
1909 2390 2171 2471 exspectandum

147 2471 226 2531 sunt
247 2465 421 2529 hominum
444 2465 593 2547 apostoli,
615 2486 682 2529 non
704 2463 934 2547 parvulorum:
958 2462 1035 2543 quia
1055 2459 1133 2525 boni
1184 2482 1257 2527 esse
1279 2463 1383 2528 donec
1404 2462 1507 2529 herba
1524 2474 1659 2545 crescat,
1682 2467 1801 2533 deindo
1818 2478 1934 2537 tenera
1951 2475 2057 2557 22122,
2078 2479 2171 2543 tertio

147 2549 322 2634 piscatoris
350 2560 401 2616 est
422 2550 596 2634 pisciculos
618 2572 684 2615 non
706 2551 880 2633 attingere,
912 2546 969 2613 sed
991 2547 1133 2612 maiores
1184 2568 1328 2630 granum
1350 2550 1527 2633 integrum,
1550 2559 1584 2616 ct
1605 2553 1739 2618 taudem
1761 2556 1852 2637 22122
1872 2566 2089 2628 maturescat.

148 2643 279 2701 tantum
313 2657 354 2700 22
384 2637 479 2719 22212
510 2636 634 2701 tollere.
679 2636 808 2701 Verum
842 2635 870 2700 si
902 2634 976 2716 quis
1007 2634 1133 2698 facetus
1270 2634 1455 2700 Undecima
1471 2637 1556 2701 ratio
1577 2646 1635 2715 est,
1658 2639 1746 2721 quod
1766 2641 1868 2707 iidem
1889 2654 1989 2710 eraut
2012 2648 2050 2712 in
2068 2651 2171 2732 prima

148 2719 248 2786 homo
270 2730 386 2788 contra
407 2721 548 2802 obiiciat,
581 2723 617 2786 in
650 2730 721 2786 rete
755 2719 918 2804 evangelii
947 2718 1133 2801 promiscue
1185 2720 1323 2785 eeclesia
1343 2720 1526 2786 Christiani
1548 2730 1582 2787 et
1603 2722 1764 2808 discipuli.
1811 2728 1925 2808 Quasi,
1949 2732 2010 2798 ubi
2034 2734 2076 2801 de
2098 2736 2171 2802 solis

147 2806 259 2890 colligi
291 2828 388 2872 omne
421 2808 561 2891 piscium
595 2828 709 2893 genus,
741 2825 852 2872 noune
884 2825 961 2871 cum
990 2803 1132 2869 ludibrio
1185 2803 1306 2871 adultis
1327 2805 1517 2887 disseritur,
1540 2808 1714 2875 deleantur
1735 2833 1777 2877 ex
1799 2813 1947 2880 humano
1966 2838 2110 2901 genere,
2136 2842 2170 2888 ac

146 2900 324 2959 evanescet
346 2891 477 2959 Servati
499 2893 678 2978 allegoria?
711 2894 785 2977 Ego
808 2898 919 2957 autem
941 2889 1132 2973 respondeo,
1183 2910 1319 2973 prorsus
1340 2892 1506 2957 intereant
1526 2894 1686 2962 infantes:
1715 2899 1793 2980 quia
1814 2899 1848 2964 in
1871 2921 1929 2968 eos
1949 2925 2022 2969 non
2045 2928 2169 2992 compe-

147 2978 251 3045 bonos
274 2978 423 3045 doctores
444 2980 494 3046 ita
514 2980 635 3063 piscari
654 3000 736 3062 quos
753 2999 813 3044 sua
831 2976 981 3043 doctrina
997 2974 1132 3041 Christo
1184 2985 1261 3040 tunt
1282 2998 1366 3059 quae
1392 2978 1474 3044 viris
1501 2987 1581 3045 sunt
1624 2982 1742 3065 ropria.
1787 2985 1945 3069 Ineptum
1969 3010 2054 3076 ergo
2075 2994 2169 3059 cavil-

148 3066 342 3148 aoquirunt,
383 3074 423 3130 ut
461 3086 575 3131 eorum
615 3065 761 3131 sobolem
799 3063 936 3128 minime
973 3061 1131 3139 reiiciaut,
1183 3062 1254 3126 lum
1275 3074 1335 3141 est,
1358 3064 1446 3146 quod
1467 3065 1569 3130 infert
1616 3076 1758 3145 etvetus,
1781 3070 1890 3138 nullos
1913 3094 1988 3141 esse
2011 3077 2169 3145 Christia-

148 3170 231 3234 quae
260 3151 297 3216 in
324 3151 405 3234 ipsis
427 3152 621 3235 parentibus
641 3151 876 3228 sanctificatur,
909 3154 994 3213 teste
1015 3146 1131 3225 Paulo,
1184 3168 1245 3213 nos
1262 3149 1328 3213 nisi
1346 3148 1532 3233 discipulos.
1569 3150 1676 3233 Quasi
1691 3164 1771 3220 tunc
1790 3160 1896 3224 sancti
1913 3164 2168 3243 patresfamilias

146 3235 284 3320 perinde
323 3257 361 3304 ac
400 3246 581 3320 proventus
619 3257 784 3303 novarum
819 3236 954 3319 frugum
992 3234 1028 3298 12
1062 3232 1132 3315 pri·
1184 3233 1328 3299 sobolem
1351 3256 1446 3300 suam
1468 3237 1641 3319 profanam
1663 3238 1828 3307 duxerint.

146 3322 262 3387 mitiis.
1271 3320 1475 3387 Duodecimn
1487 3324 1587 3387 ratio:
1608 3323 1705 3405 Quod
1717 3325 1900 3393 Christiani
1919 3350 2039 3400 omnes
2057 3336 2169 3402 fratres

234 3406 385 3491 Septima
406 3409 493 3474 ratio
515 3416 579 3488 est,
609 3409 698 3491 quod
720 3405 948 3491 spiritualibus
970 3401 1133 3486 quadrent
1184 3405 1261 3484 sint,
1279 3406 1422 3472 infantes
1438 3428 1517 3474 vero
1535 3409 1607 3475 loeo
1624 3412 1764 3476 fratrum
1782 3415 1870 3496 apud
1890 3437 1952 3483 nos
1972 3440 2043 3485 non
2060 3421 2168 3489 haberi

146 3493 340 3575 spiritualia.
384 3494 534 3560 Infantes
551 3515 631 3560 vero
651 3517 718 3560 non
740 3513 811 3560 esso
833 3490 1029 3575 spirituales,
1052 3487 1132 3554 Ser·
1185 3501 1327 3569 constet,
1359 3493 1438 3575 quia
1459 3514 1480 3557 a
1507 3516 1601 3560 sacra
1630 3516 1730 3561 coena
1756 3520 1812 3564 eos
1844 3502 2051 3584 repellimus.
2107 3510 2168 3573 Re-

146 3588 244 3644 vetus
263 3580 334 3660 ipse
355 3601 416 3662 pro
437 3581 585 3646 confesso
607 3582 717 3646 sumit.
763 3577 959 3661 Respondeo
976 3594 1133 3658 perverse
1185 3576 1329 3659 spondeo
1351 3598 1454 3661 aeque
1476 3580 1727 3661 acCorinthios
1751 3587 1805 3650 221
1827 3586 1910 3653 21122
1932 3592 2111 3674 220211222,
2130 3616 2168 3659 22

147 3664 190 3729 22
212 3684 251 3728 eo
273 3667 417 3747 torqueri
440 3665 527 3748 quod
549 3666 629 3732 dicit
649 3665 791 3743 Paulus,
810 3685 845 3729 se
867 3675 1037 3745 coaptasse
1058 3681 1132 3726 coe-
1184 3662 1310 3728 Christi
1331 3663 1501 3747 discipulis
1529 3666 1632 3733 fuisse
1652 3668 1830 3747 latronem,
1853 3674 1911 3756 qui
1934 3675 1978 3739 ad
2001 3678 2167 3746 Christum

146 3749 265 3814 lostam
287 3751 484 3833 sapientiam
513 3751 715 3834 simplicibus
736 3749 863 3826 verbis,
891 3768 975 3831 quae
997 3746 1132 3827 spiritus
1184 3750 1220 3813 12
1253 3768 1349 3815 cruce
1382 3771 1560 3817 conversus
1595 3760 1660 3833 est,
1696 3757 1847 3838 quamvis
1881 3781 2019 3827 sacrum
2052 3786 2168 3846 panem

145 3835 355 3900 maiestatem
371 3839 481 3919 potius
503 3858 604 3920 quam
628 3837 793 3902 humanae
809 3832 981 3900 facundiae
1004 3830 1133 3896 delitias
1184 3855 1355 3917 nunquam
1387 3839 1585 3920 gustaverit:
1618 3861 1679 3906 nec
1706 3842 1845 3907 fraterni
1872 3848 2022 3915 nominis
2050 3852 2167 3918 honore

145 3921 339 4003 reciperent.
364 3927 440 4001 [pag.
455 3929 530 4002 219]
542 3922 673 3987 Deinde
684 3923 793 3989 hocin
805 3920 921 4003 primis
932 3919 1062 3984 2212222
1074 3938 1131 3981 ne·
1184 3920 1360 4003 spoliaria
1391 3923 1488 3988 nobis
1520 3924 1683 4003 infantes,
1717 3927 1798 3992 dum
1827 3950 1883 3996 eos
1916 3954 1986 3997 nou
2020 3950 2099 4003 ante
2130 3936 2166 4002 21

146 4026 239 4073 cesse
251 4015 310 4086 est,
323 4010 427 4074 areeri
438 4009 583 4074 infantes
594 4010 635 4074 ab
648 4010 738 4073 omni
748 4008 883 4092 spiritus
894 4003 1010 4090 gratia
1034 4001 1132 4083 Quod
1184 4026 1458 4073 sacremcoeuam
1480 4008 1697 4090 admittimus,
1715 4034 1812 4096 quam
1831 4016 1928 4081 solidi
1951 4019 2021 4086 cibi
2039 4043 2167 4107 capaces

146 4101 262 4176 postea
273 4093 411 4175 subiicit,
430 4094 595 4178 spirituali
615 4095 687 4161 cibo
704 4091 884 4178 pascendos
904 4111 985 4168 esse,
1004 4089 1033 4153 si
1054 4090 1132 4153 facti
1183 4094 1275 4156 fiant.

145 4178 216 4244 sint
236 4180 317 4245 novi
339 4180 504 4259 homines,
525 4181 621 4244 facile
643 4180 832 4258 discutitur,
855 4178 931 4261 quia
951 4176 988 4240 12
1008 4194 1132 4240 novam
1269 4177 1409 4244 Decima
1429 4180 1527 4246 tertia
1546 4180 1631 4246 ratio
1652 4190 1717 4262 est,
1739 4185 1826 4267 quod
1847 4208 1945 4255 nemo
1967 4192 2077 4259 122222
2098 4216 2166 4261 noe·

145 4265 249 4332 vitam
271 4267 412 4349 regeniti
432 4287 552 4332 arcana
569 4266 698 4331 Christi
719 4267 845 4333 virtute
862 4263 1006 4339 aluntur,
1029 4260 1132 4326 donec
1183 4265 1315 4329 tertiat
1336 4264 1401 4328 nisi
1422 4286 1482 4348 per
1503 4267 1657 4349 spiritum
1679 4269 1870 4353 adoptionis,
1893 4277 1951 4357 qui
1975 4288 2110 4345 tantum
2130 4302 2166 4345 ex

146 4345 1092 4445 222222222212122222222221212212222122112221.Ι
1185 4349 1299 4414 auditu
1319 4348 1398 4414 fidei
1418 4352 1595 4417 confertur.
1639 4354 1849 4438 Respoudco,
1878 4362 1967 4442 quod
1992 4364 2074 4432 dicit
2096 4366 2167 4433 Ser·

235 4436 365 4503 Octava
381 4439 467 4503 ratio
487 4446 547 4517 est,
566 4437 653 4521 2221
664 4440 820 4504 Christus
838 4455 952 4502 omnes
970 4432 1132 4498 (12212212-
1183 4443 1298 4513 22222,
1327 4435 1362 4499 12
1389 4435 1510 4502 2121212
1536 4437 1646 4505 locum
1673 4440 1809 4507 habere:
1838 4445 1897 4510 sed
1925 4448 2021 4514 hunc
2042 4452 2167 4517 ordina·

146 4541 209 4587 nos
242 4523 283 4588 ad
316 4544 453 4589 coenam
491 4546 586 4590 suam
618 4531 723 4591 vocet.
790 4522 942 4589 Proferat
972 4517 1132 4584 Servatus
1184 4523 1272 4586 rium
1292 4522 1476 4588 vocationis
1497 4523 1646 4603 modum,
1676 4547 1774 4609 quem
1795 4536 1887 4596 tenet
1908 4534 2092 4620 Dominus,
2111 4539 2167 4603 mi-

146 4608 388 4688 testimonium‚
411 4617 451 4675 22
471 4609 652 4676 credamus.
697 4611 784 4675 Nam
806 4607 961 4676 Christus
982 4604 1132 4668 nomina·
1184 4607 1275 4671 nime
1307 4607 1439 4672 obstare
1471 4611 1646 4692 quominus
1678 4614 1841 4680 occultam
1868 4619 1940 4684 vim
1970 4625 2111 4705 spiritns
2136 4628 2167 4689 iu

146 4693 210 4757 tim
239 4703 381 4760 testatur
410 4717 446 4761 se
475 4695 585 4761 nullos
612 4695 787 4761 admittere
814 4695 879 4760 uisi
906 4692 962 4774 qui
984 4689 1026 4754 ad
1048 4688 1133 4755 eele-
1184 4693 1310 4776 pueris,
1344 4692 1401 4758 221
1428 4695 1538 4761 visum
1571 4703 1622 4762 est
1654 4707 1813 4767 exerceat.
1856 4703 1931 4770 Imo
1960 4729 2066 4791 quum
2094 4710 2167 4777 dicit

148 4777 311 4845 brendam
346 4783 463 4849 mortis
499 4801 578 4846 suae
610 4783 805 4848 memoriam
833 4776 966 4847 formati
995 4782 1073 4841 sunt
1101 4781 1135 4840 et
1185 4780 1322 4857 Paulus,
1344 4779 1444 4845 fidem
1466 4802 1538 4847 esse
1560 4804 1602 4847 22
1625 4784 1748 4863 auditu,
1770 4808 1813 4852 ne
1836 4788 1889 4855 his
1908 4793 2046 4874 quidem
2063 4797 2166 4862 verbis

148 4863 264 4930 edocti.
310 4866 406 4947 Quod
430 4875 621 4951 portentum
643 4889 715 4934 esse
733 4867 821 4946 dicit,
844 4863 1012 4932 hominem
1034 4882 1134 4945 gene·
1186 4865 1367 4947 imponitur
1389 4864 1462 4931 Deo
1491 4869 1669 4935 necessitas
1699 4873 1781 4954 quin
1802 4895 1925 4942 arcano
1947 4880 2107 4948 instinctu
2128 4880 2165 4946 ad

147 4951 216 5016 rari
245 4951 301 5033 qui
328 4952 529 5019 manducare
551 4961 708 5037 nequeat,
736 4975 805 5019 non
831 4953 896 5019 alia
922 4947 1134 5046 responsione
1187 4971 1222 5016 se
1240 4950 1352 5015 trahat
1371 4951 1562 5036 discipulos,
1585 4955 1703 5037 quibus
1732 4958 1772 5023 de
1794 4964 1970 5048 evangelio
2001 4974 2075 5049 [pag.
2094 4972 2162 5046 221]

147 5035 286 5120 indiget,
310 5059 410 5120 quam
428 5038 600 5105 christum
620 5041 708 5106 vitae
725 5041 836 5106 cibum
851 5056 924 5107 asse
940 5033 1134 5113 infantrbus,
1187 5037 1327 5104 verbum
1347 5059 1515 5121 nunquam
1538 5041 1661 5106 factum
1683 5049 1742 5110 est.

146 5120 226 5188 licet
263 5123 304 5189 ab
335 5132 473 5191 externo
510 5125 659 5210 symbolo
688 5126 731 5192 ad
770 5136 900 5211 tempus
938 5120 1134 5187 abstineant
1271 5122 1410 5190 Decima
1435 5133 1554 5208 quarte
1577 5129 1677 5208 ratic,
1713 5130 1800 5214 quod
1827 5131 2007 5206 Cornelius
2041 5143 2162 5225 accepto
