4620 5894
154 238 216 303 333
1018 235 1303 305 OALUMNIAS.
1805 252 1809 257 '
2103 245 2168 321 33⁴

152 425 257 491 huius
279 424 475 491 conditionis
502 425 608 492 aleam
635 424 766 508 positos.
811 425 1001 509 Suspirium
1023 433 1133 491 autem
1185 433 1238 491 rat
1259 426 1295 491 in
1317 427 1469 505 ecclesia,
1492 428 1615 493 mirum
1636 424 1697 495 our
1718 447 1785 495 non
1806 428 1885 495 inde
1906 431 2015 513 potius
2036 442 2167 503 mutue·

151 510 252 590 illud,
280 511 347 576 iam
369 510 494 577 dictum
517 519 584 591 est,
612 532 678 577 non
701 512 766 577 nisi
788 533 808 576 a
829 512 991 597 singulari
1013 512 1134 580 affectu
1186 519 1242 577 tur
1265 521 1465 596 argumenta
1499 513 1609 581 lcor.
1632 520 1670 579 15
1694 515 1860 598 apostolus
1891 516 1933 582 ad
1986 516 2167 587 robandam

150 598 323 682 proticisci,
345 618 411 681 quo
427 597 575 665 fidelium
591 598 817 682 unusquisque
834 597 1043 681 peculiariter
1060 606 1133 663 tan-
1186 600 1482 679 resurrectionem,
1520 621 1618 683 quam
1658 621 1700 666 ex
1737 600 1812 667 aliis
1844 603 1944 685 quibu
2077 605 2165 673 locis.
2271 628 2274 632 ’

150 684 258 768 gitur,
286 704 346 767 pro
368 684 521 750 miseriae
543 685 727 767 praesentis
747 683 857 750 taedio
879 706 917 752 ac
939 685 1035 752 iuxta
1055 685 1134 750 fidei
1187 681 1279 750 Satis
1313 684 1404 750 enim
1437 706 1617 751 nervorum
1651 687 1821 753 habuisset
1852 700 2099 772 argumentum,
2137 691 2167 757 si

149 790 232 836 suae
253 768 397 835 modum.
442 767 581 850 Quode
622 790 723 836 onos
751 771 910 836 fratribus
931 772 1055 836 nostris
1076 793 1135 855 op·
1186 781 1350 855 rogasset:
1379 771 1509 855 Ecquid
1542 793 1620 856 ergo
1653 780 1768 837 oratur
1797 793 1857 856 pro
1889 774 2046 854 mortuis,
2080 784 2119 841 ut
2147 797 2168 843 a
2236 768 2239 775 ’

149 864 223 921 tore
243 856 350 924 voluit
370 855 551 934 Dominus,
580 791 801 939 idoptemus,
830 859 975 939 corporis
1002 858 1054 922 sui
1081 879 1133 923 re·
1185 864 1291 921 morte
1324 857 1507 923 liberentur
1539 867 1573 922 et
1606 879 1717 924 veram
1751 858 1976 942 adipiscantur
2002 881 2168 928 resurrec

149 940 373 1025 demptionem
395 949 568 1024 expetant,
591 942 649 1025 qui
670 964 707 1008 se
728 943 824 1026 regui
846 942 995 1010 coelestis
1016 942 1133 1009 haere·
1186 943 1318 1019 tionem,
1341 944 1368 1008 si
1391 945 1512 1009 mortui
1533 945 1668 1008 omniuo
1690 964 1758 1009 non
1779 944 1982 1030 resurgunt?

149 1025 300 1093 desiere
323 1035 413 1094 certo
436 1027 615 1093 confidunt.
1272 1027 1441 1108 Quantum
1460 1028 1503 1094 ad
1521 1042 1649 1096 veteres
1667 1031 1795 1109 attinet,
1817 1041 1975 1113 quotquot
1995 1031 2032 1096 in
2049 1053 2165 1098 eurum

237 1117 268 1177 8.
302 1113 357 1179 Ad
383 1121 583 1197 postremam
613 1114 846 1192 obiectioncm‚
876 1135 941 1197 qua
968 1136 1027 1198 pro
1055 1136 1133 1180 con·
1184 1114 1316 1196 scriptis
1338 1122 1473 1180 exstant
1494 1115 1668 1182 conciones
1697 1117 1731 1182 in
1759 1124 1944 1201 martyrum
1972 1118 2166 1185 memoriam
2287 1138 2291 1145 ·

148 1199 235 1265 fesso
251 1201 405 1279 sumitur,
428 1206 541 1265 sancte
562 1200 630 1282 peti
646 1221 741 1284 posse
759 1198 917 1284 quidquid
934 1201 1133 1283 promissum
1157 1214 1160 1253 ¹
1185 1198 1324 1279 habitae,
1347 1200 1477 1266 nullum
1493 1202 1709 1284 postulandae
1727 1222 1837 1267 eorum
1857 1201 1982 1287 gloriae
2000 1203 2166 1286 apiculum

148 1305 170 1350 a
185 1285 333 1351 Domino
350 1283 492 1351 necdum
509 1284 693 1350 exhibitum
712 1294 771 1364 est,
789 1286 980 1369 respondeo,
1001 1288 1037 1352 in
1055 1309 1132 1353 con·
1184 1287 1364 1351 continent.
1409 1288 1515 1370 Atqui
1549 1287 1577 1352 si
1610 1287 1651 1352 de
1682 1296 1892 1353 mortuorum
1924 1290 2164 1357 resurrectione

149 1369 311 1454 cipiendis
333 1369 486 1454 precibus
506 1391 636 1455 semper
653 1393 724 1437 esse
741 1372 920 1454 spectanda
937 1373 1131 1439 mandatum
1183 1370 1315 1438 solliciti
1339 1384 1451 1451 erant,
1482 1394 1595 1439 eorum
1623 1375 1898 1440 resurrectionem
1921 1373 2082 1439 debebant
2103 1394 2163 1457 po·

149 1465 184 1523 et
203 1456 468 1540 promissionem
513 1458 726 1541 Praescripta
747 1466 825 1524 sunt
847 1480 931 1541 quae
954 1479 1048 1524 orare
1095 1480 1131 1523 ro
1184 1458 1348 1522 tissimum
1369 1467 1539 1543 expetere,
1568 1481 1648 1542 quos
1677 1461 1824 1542 persuasi
1845 1470 1942 1525 erant
1963 1461 1999 1524 in
2020 1461 2165 1526 Domino
2291 1462 2296 1473 '

147 1542 308 1609 fratribus
343 1541 536 1621 debeamus,
582 1563 701 1626 nempe
734 1552 773 1608 ut
805 1545 1033 1627 quotidianum
1067 1545 1073 1557 '
1105 1545 1131 1609 ‘s
1184 1565 1261 1608 vere
1295 1565 1367 1610 esse
1400 1554 1556 1610 mortuos.
1601 1545 1675 1610 Hoc
1712 1566 1791 1630 ergo
1829 1566 1944 1611 eorum
1976 1546 2164 1630 exemplum

147 1650 245 1695 suum
268 1650 390 1712 panem
406 1627 571 1695 Dominus
593 1630 763 1714 largiatur,
786 1638 825 1694 ut
841 1640 975 1712 peccata
996 1630 1062 1696 illis
1079 1652 1131 1696 re·
1183 1629 1278 1694 nobis
1300 1651 1437 1714 quoque,
1458 1631 1544 1697 sicut
1566 1633 1747 1714 scripturae
1765 1631 1926 1709 doctrina,
1950 1633 2162 1717 suffragatur.

145 1714 268 1795 mittat,
291 1723 428 1780 uteosa
448 1715 628 1780 tentatione
642 1715 766 1781 liberet.
800 1714 1132 1798 Quodnobisexpoe-

145 1801 264 1880 amns,
287 1801 583 1883 utprimoquoque
600 1809 748 1885 tempore
760 1801 987 1881 dissolvamur,
1011 1801 1052 1867 ab
1071 1802 1131 1867 hoc
1269 1802 1334 1868 His
1378 1803 1538 1880 recitatis,
1584 1808 1826 1886 praeposteram
1864 1823 1901 1868 ac
1939 1804 2164 1884 importunam

146 1885 340 1969 peccatricis
361 1906 491 1951 massae
517 1907 646 1953 carcere
668 1886 861 1966 liberemur,
890 1888 926 1953 id
949 1908 1036 1953 anne
1058 1887 1131 1953 aliis
1183 1888 1303 1970 agendi
1337 1888 1514 1967 rationem,
1548 1908 1647 1971 quam
1679 1899 1832 1952 tenuerat
1863 1885 2003 1952 Carolus
2034 1888 2070 1952 in
2101 1886 2164 1954 hoc

146 1971 317 2056 expediat,
347 1976 422 2051 [pag.
444 1977 499 2050 81]
520 1974 599 2055 quia
620 1974 783 2038 incertum
812 1982 877 2053 est,
906 1974 972 2038 illis
993 1996 1131 2057 poscen-
1183 1972 1336 2058 dogmate
1358 1973 1563 2058 publioaudo,
1586 1974 1723 2038 Viretus
1746 1974 1907 2056 exposuit
1951 1973 2040 2038 Nam
2058 1994 2164 2056 quum

147 2057 228 2124 dum
261 2078 330 2123 non
362 2066 421 2123 est
467 2058 514 2124 Ut
542 2060 680 2142 quisque
708 2058 771 2124 sibi
804 2061 974 2144 negotium
1006 2061 1078 2125 fieri
1111 2082 1131 2125 a
1182 2059 1309 2125 nullam
1332 2081 1478 2144 unquam
1506 2060 1709 2125 mentionem
1732 2059 1864 2125 fecisset
1887 2060 1958 2125 eius
1981 2060 2030 2125 rei
2052 2080 2163 2126 coram

146 2165 248 2211 carne
275 2164 336 2209 sua
357 2145 475 2223 sentit,
503 2166 563 2226 pro
593 2166 651 2210 suo
682 2145 843 2228 peculiari
865 2146 1001 2224 affectu,
1032 2167 1131 2229 pecu·
1182 2146 1314 2223 Vireto,
1353 2146 1433 2212 dum
1460 2146 1514 2212 hic
1544 2145 1719 2211 Genevam
1753 2146 1883 2223 invisit,
1916 2145 1973 2210 ille
2008 2151 2082 2226 [pag.
2106 2148 2161 2226 aa]

147 2230 228 2296 liare
250 2231 352 2296 etiam
376 2230 555 2312 suspirium
577 2231 729 2296 emittere
752 2231 857 2296 dcbet.
894 2231 1002 2297 Multo
1019 2233 1130 2298 minus
1181 2242 1313 2315 praeter
1335 2232 1509 2297 hominum
1536 2233 1739 2315 opinionem,
1767 2252 1868 2314 quum
1892 2230 2019 2316 placide
2047 2230 2164 2299 docere

146 2315 242 2383 nohis
268 2314 411 2398 petenda
442 2324 494 2382 est
520 2317 666 2399 ipsorum
695 2319 905 2395 resurrectio,
935 2340 1037 2400 quum
1065 2319 1129 2401 ipsi
1183 2318 1338 2401 populum
1361 2317 1494 2384 deberet
1515 2339 1576 2400 pro
1599 2328 1770 2402 suggestu,
1793 2318 1900 2383 subito
1923 2318 1957 2381 in
1980 2317 2162 2383 contentio·

147 2404 264 2480 otiam,
303 2402 441 2485 receptis
475 2401 558 2468 albis
588 2403 697 2480 stolis,
734 2405 901 2485 quiescere
935 2405 1016 2470 iussi
1052 2406 1128 2483 sint,
1153 2408 1157 2487 Ι
1182 2425 1253 2469 sam
1272 2404 1527 2487 disputationem
1548 2404 1706 2489 prorupit,
1730 2424 1812 2501 quae
1831 2403 1914 2467 nihil
1932 2403 2038 2468 simile
2061 2402 2162 2468 habe-

147 2487 251 2555 donec
269 2508 504 2554 conservorum
522 2510 679 2553 numerus
697 2489 874 2572 impleatur
890 2491 1024 2572 Apouss
1047 2492 1127 2574 (11).
1153 2494 1156 2559 l
1181 2504 1233 2555 ret
1265 2511 1340 2555 cum
1378 2491 1484 2555 forma
1523 2511 1635 2556 sacrae
1667 2491 1841 2555 cannonis.
1886 2487 2036 2572 Legebat
2072 2489 2162 2553 enim
2255 2537 2256 2542 η

232 2574 352 2639 Manet
375 2594 453 2656 ergo
476 2574 566 2638 istud
588 2575 682 2640 nobis
704 2575 938 2660 inconcussum
953 2576 1053 2642 nullis
1076 2597 1129 2642 ea·
1153 2562 1156 2645 l
1181 2576 1350 2658 praeclara
1372 2576 1430 2640 illa
1450 2577 1615 2641 axiomata
1637 2584 1680 2649 et,
1703 2596 1805 2657 quum
1822 2575 1962 2659 singulis
1983 2575 2160 2653 insisteret,
2280 2640 2284 2647 ,

146 2660 274 2726 nonicis
302 2660 473 2742 seripturis
500 2660 586 2726 hanc
616 2661 732 2725 orandi
761 2663 924 2727 rationem
945 2662 1126 2746 approbari.
1152 2660 1155 2709 ῐ
1182 2683 1217 2727 se
1238 2661 1440 2727 tumultuose
1461 2662 1689 2728 commovebat
1706 2681 1744 2727 ac
1764 2662 1793 2725 si
1815 2681 1890 2725 cum
1911 2680 2013 2725 manu
2033 2666 2162 2727 armata
2285 2662 2289 2667 ’

145 2745 217 2811 Iam
240 2766 345 2829 quum
366 2745 410 2810 sit
432 2747 662 2824 certissimum,
687 2748 772 2813 affici
790 2748 900 2813 Deum
919 2749 1127 2827 contumelia,
1152 2716 1155 2819 i
1180 2745 1426 2832 digladiaretur.
1471 2748 1586 2831 Neque
1614 2755 1726 2812 tamen
1752 2746 1831 2811 satis
1853 2744 2163 2812 animadvertebant

145 2833 209 2898 nisi
237 2838 399 2916 perpetuo
428 2831 500 2897 eius
528 2832 732 2898 voluntatem
758 2833 795 2897 in
821 2836 967 2900 oratione
993 2837 1127 2919 respici·
1151 2830 1154 2911 i
1179 2835 1279 2900 etiam
1312 2835 1368 2917 qui
1399 2842 1493 2900 erant
1528 2855 1570 2898 ex
1607 2833 1811 2898 auditoribus
1845 2832 2039 2911 doctissimi,
2072 2831 2161 2897 unde

147 2938 241 2998 mus,
268 2917 365 2983 nulla
392 2925 501 2985 autem
529 2919 566 2983 in
593 2919 765 3002 seripturis
796 2921 931 2986 omnino
964 2921 1128 3005 particula
1178 2928 1366 3004 erumperet
1392 2928 1505 2986 tantus
1534 2922 1693 3002 impetus,
1723 2930 1782 2985 aut
1811 2939 1966 3002 quorsum
1993 2916 2159 2997 evaderet,

146 3006 202 3087 sit,
232 3026 319 3089 quae
345 3025 405 3071 nos
430 3004 471 3070 de
491 3005 734 3087 quiescentibus
755 3007 792 3070 in
815 3006 949 3072 Christo
971 3006 1127 3074 sollicitos
1178 3006 1243 3072 nisi
1268 3005 1355 3090 quod
1378 3027 1479 3089 quum
1507 3007 1544 3071 in
1570 3007 1637 3070 fine
1666 3004 1790 3070 diceret
1817 3025 1853 3070 se
1878 3005 1967 3069 nolle
2000 3003 2110 3070 doceri
2137 3023 2158 3067 a

145 3112 217 3159 esse
235 3089 357 3157 debere
375 3091 529 3167 insinuet,
549 3090 670 3174 dogma
687 3092 797 3156 Caroli
816 3115 941 3159 vanum
959 3106 992 3158 et
1009 3094 1127 3159 inutile
1150 3086 1153 3143 Ι
1177 3094 1313 3171 iuvene,
1347 3093 1504 3175 suspicati
1532 3100 1610 3157 sunt
1640 3091 1790 3155 Viretum
1822 3089 1863 3155 ab
1897 3112 1935 3155 eo
1967 3089 2157 3173 perstringi.

145 3197 214 3245 oese
236 3184 384 3256 constat„
399 3176 493 3243 hrtile
516 3185 549 3241 et
572 3178 748 3243 curiosum.
1150 3146 1294 3263 ¹Neque
1320 3180 1405 3245 bero
1437 3179 1574 3261 papistis
1610 3175 1851 3253 consentiebat,
1887 3197 1966 3241 nam
1998 3177 2159 3260 figmenta

227 3262 309 3329 Huc
330 3262 490 3331 accedunt
518 3283 730 3346 quaecunque
758 3272 947 3330 sanctorum
975 3265 1126 3350 exempla
1178 3287 1293 3332 eorum
1314 3265 1426 3330 omnia
1447 3263 1487 3329 de
1509 3263 1702 3347 purgatorio
1725 3261 1888 3327 clamabat
1909 3283 1998 3327 vana
2018 3281 2100 3339 esse,
2123 3270 2159 3325 et

144 3349 178 3415 in
203 3349 381 3432 seripturis
414 3348 580 3433 leguntur.
626 3349 765 3415 Nullum
799 3351 887 3417 enim
920 3371 1033 3417 eorum
1066 3373 1126 3435 pro
1178 3373 1254 3419 oum
1276 3352 1404 3415 ratione
1432 3351 1629 3435 pugnantia:
1657 3348 1788 3425 nullum
1816 3347 1908 3412 enim
1933 3367 2004 3412 esse
2034 3367 2158 3429 purga·

144 3435 284 3502 mortuis
294 3455 405 3502 orasse
421 3436 598 3501 memoriae
620 3435 787 3518 proditum
809 3449 868 3516 est,
891 3459 994 3520 quum
1015 3445 1127 3503 tamen
1178 3439 1299 3503 terium
1316 3438 1437 3522 ignem,
1460 3436 1570 3501 nullas
1587 3443 1792 3500 mortuorum
1808 3454 1940 3518 poenas,
1963 3454 2021 3516 pro
2039 3431 2158 3516 quibus
2281 3512 2286 3521 ⁸

145 3522 268 3601 omnia,
303 3542 387 3604 quae
415 3521 564 3587 exhiberi
589 3524 731 3587 mortuis
758 3523 866 3589 officia
892 3523 1016 3603 solent,
1052 3523 1125 3588 dili-
1178 3524 1384 3607 precationes
1411 3523 1483 3588 fieri
1510 3521 1626 3599 vellet;
1652 3543 1713 3587 nec
1740 3521 1776 3585 in
1802 3540 1959 3604 praesens
1987 3517 2156 3585 sublevari

144 3616 260 3693 genter
287 3616 333 3708 et·
348 3628 453 3691 paene
481 3608 579 3708 anxie
608 3609 772 3690 scriptura
805 3609 935 3675 recitet:
970 3610 1125 3709 quemad·
1150 3580 1153 3717 i
1178 3608 1255 3675 ullis
1277 3610 1429 3676 vivorum
1450 3605 1706 3709 9¹¹fffflgid⁸afl⁰d
1728 3615 1858 3672 tantum
1880 3627 1940 3688 pro
1957 3605 2038 3689 ipsis
2060 3624 2157 3669 orau-

143 3694 279 3761 modum
301 3693 453 3761 ridemus
482 3717 518 3759 ιιι
538 3692 638 3772 Sara,
666 3694 778 3773 Iaecb,
807 3695 941 3779 Ioseph,
969 3696 1037 3762 filio
1056 3695 1125 3763 Da-
1179 3696 1258 3762 dum
1279 3716 1351 3762 esse
1373 3704 1411 3760 ut
1432 3696 1519 3761 diem
1536 3693 1650 3761 mdion
1666 3694 1760 3760 Deus
1782 3692 1956 3759 acceleret:
1980 3691 2066 3756 hauc
2084 3710 2158 3757 ora·

145 3780 238 3860 vidis,
260 3780 389 3846 Ioanne
410 3780 574 3864 Baptista,
598 3778 769 3863 Stephano
788 3782 921 3848 factum.
958 3783 1069 3867 Atque
1092 3783 1126 3848 id
1178 3781 1277 3848 donis
1310 3783 1451 3865 speciem
1489 3780 1660 3862 inprime
1700 3779 1806 3864 gradu
1843 3777 1997 3861 prodesse
2035 3775 2157 3859 virgini
2283 3852 2286 3857 Ι

145 3867 276 3948 quidem
299 3865 423 3949 optima
443 3865 581 3931 ratione.
620 3867 707 3931 Nam
730 3868 786 3949 qui
804 3866 911 3935 adhuc
928 3877 1126 3953 premuntur
1177 3869 1314 3948 Mariae,
1337 3867 1504 3951 prophetis
1527 3876 1561 3931 et
1582 3865 1747 3949 apostolis,
1770 3872 1883 3948 postea
1903 3865 1940 3929 in
1961 3863 2157 3929 universum

146 3950 205 4021 hoe
226 3953 374 4036 corporis
396 3952 578 4035 ergastulo,
608 3974 682 4019 cum
704 3964 838 4037 peccato
868 3963 902 4019 et
929 3976 1028 4020 carne
1055 3956 1125 4021 luc·
1178 3955 1251 4022 aliis
1273 3954 1428 4021 ecclesiae
1453 3953 1620 4018 memhris.
1664 3950 1737 4017 Hoc
1759 3951 1876 4015 Vireto
1897 3969 1999 4032 quum
2020 3947 2157 4044 nuntiae

146 4045 273 4117 tantur,
301 4049 441 4122 gemunt
468 4038 529 4103 sub
558 4040 703 4122 eorporis
732 4040 893 4124 pondere,
918 4041 1070 4108 laborant
1091 4058 1126 4109 et
1178 4050 1249 4107 tum
1276 4041 1375 4119 foret,
1405 4060 1484 4105 mox
1511 4038 1644 4122 repetiit
1670 4038 1902 4111 Lausannam,
1931 4056 1969 4100 ac
1996 4053 2072 4097 cum
2099 4030 2157 4096 1110

147 4123 226 4191 dura
262 4123 501 4190 exercitatione
536 4133 714 4203 vexantur,
747 4125 846 4190 soluti
881 4129 1125 4210 conquiescunt
1178 4129 1262 4194 bono
1284 4128 1355 4192 viro
1377 4124 1601 4208 expostulavit
1622 4123 1720 4206 quod,
1744 4143 1779 4187 se
1800 4122 1912 4197 inscio,
1935 4139 2057 4184 novam
2080 4116 2156 4183 doe·

146 4209 287 4277 Mortem
309 4211 401 4276 enim
417 4209 543 4276 Paulus
560 4220 660 4276 vocat
680 4232 797 4276 cursus
808 4213 1126 4280 consummationem
1177 4215 1301 4279 trinam
1322 4212 1505 4295 sparsisset.
1550 4211 1624 4293 Ego
1646 4216 1743 4285 oerte,
1766 4207 1902 4285 dicebat,
1925 4205 2051 4288 collega
2072 4222 2155 4268 sum.

151 4301 163 4359 l
186 4296 330 4364 Timoth.
350 4302 379 4361 6.
394 4297 420 4381 ¹)
625 4377 632 4385 ι
1176 4299 1262 4364 Eam
1284 4299 1373 4363 inter
1393 4318 1453 4363 nos
1472 4295 1800 4362 communicationem
1818 4314 1889 4358 esse
1908 4290 2002 4357 decet
2018 4299 2057 4354 ut
2074 4309 2156 4353 neu-

227 4388 306 4463 [peg.
334 4388 391 4462 aa]
412 4380 558 4448 Proinde
586 4390 674 4448 reete
701 4381 856 4461 Iacobus,
885 4385 942 4467 qui
968 4392 1124 4450 mutuum
1176 4395 1228 4450 ter
1249 4385 1284 4449 in
1308 4382 1445 4449 docendi
1471 4383 1598 4448 maone
1624 4379 1803 4464 quidquam
1832 4379 1872 4444 ab
1898 4378 2002 4443 altero
2024 4394 2155 4475 separa3

150 4467 260 4534 mandi
281 4469 426 4535 officium
453 4469 601 4535 continet
627 4470 715 4534 inter
745 4477 947 4551 peccatores,
976 4469 1123 4536 Ocnfite·
1175 4477 1249 4536 tum
1276 4469 1398 4536 habere
1426 4469 1552 4535 debeat.
1597 4465 1637 4533 Si
1664 4466 1742 4550 quid
1774 4463 1925 4549 mysterii
1958 4463 2060 4531 habes
2094 4461 2155 4525 tibi

150 4555 234 4634 mini,
255 4555 380 4639 inquit,
402 4555 548 4621 vicissim
570 4565 703 4638 peccata
725 4563 851 4635 vestra,
872 4564 906 4620 et
927 4566 1018 4622 orate
1040 4556 1124 4623 alter
1175 4557 1375 4635 revelatum,
1404 4578 1447 4622 ne
1469 4555 1617 4641 graveris
1639 4573 1693 4617 me
1720 4551 1914 4635 participem
1937 4555 2010 4630 [pag.
2029 4551 2083 4626 84]
2106 4547 2156 4611 fa-

152 4658 204 4787 dm
224 4641 340 4720 altero,
362 4648 402 4706 ut
424 4643 496 4707 sani
519 4642 590 4707 sitis
613 4641 742 4725 (Iaca,
768 4643 830 4722 16).
876 4642 1004 4726 Nempe
1025 4664 1123 4708 oran-
1175 4664 1258 4709 cere.
1303 4643 1400 4709 Nosti
1426 4662 1481 4708 me
1513 4661 1585 4707 esse
1613 4638 1765 4713 docilem;
1800 4635 1941 4702 libenter
1972 4632 2154 4734 amplectar

172 4745 223 4791 um
242 4748 304 4811 pro
323 4728 483 4794 fratribus
503 4727 638 4805 indicat,
661 4729 815 4811 quoniam
833 4736 911 4793 sunt
925 4742 1123 4812 peccatores,
1176 4733 1204 4799 si
1226 4730 1365 4815 quidex
1386 4736 1419 4795 te
1441 4727 1577 4794 audiero
1599 4724 1717 4790 melius
1738 4743 1837 4806 quam
1859 4722 2019 4789 hactenus
2041 4719 2154 4820 didici:

157 4811 203 4890 qui
222 4813 425 4880 orationibus
443 4815 566 4880 nostris
587 4815 696 4879 iuvari
718 4835 801 4899 opus
824 4813 975 4881 habeant.
1010 4867 1017 4878 .
1175 4818 1227 4884 sin
1255 4829 1379 4882 temere
1400 4813 1524 4898 aliquid
1550 4811 1739 4889 effutivisti,
1766 4810 1898 4892 patieris
1927 4817 1961 4873 te
1983 4806 2152 4905 admoneri

231 4898 336 4965 Porro
354 4902 382 4966 si
404 4899 533 4966 saeculo
555 4901 779 4984 apostolorum
800 4923 872 4967 mos
889 4901 952 4968 iste
974 4903 1122 4969 obtinue-
1175 4902 1342 4986 acollega
1368 4909 1403 4966 et
1429 4900 1543 4966 amico.
1587 4897 1662 4962 Hac
1690 4896 1837 4961 oratione
1865 4916 1966 4977 quum
1992 4892 2077 4958 nihil
2100 4912 2154 4991 ae-

1175 4990 1271 5074 quius
1291 4989 1374 5072 fingi
1395 4987 1511 5069 possit,
1533 5005 1605 5050 eam
1628 4991 1741 5048 tamen
1762 5004 1830 5048 non
1851 4982 1978 5046 nrinore
2001 4976 2153 5060 superbia

1138 5118 1142 5127 ,
1175 5075 1361 5158 repudiavit
1381 5072 1437 5137 illo
1455 5071 1569 5136 thraso
1591 5090 1690 5154 quam
1704 5069 1800 5135 initio
1816 5088 1892 5133 eum
1905 5071 2152 5147 contempserat

219 5170 246 5237 1)
262 5172 323 5229 lm
340 5173 366 5229 2.
389 5174 457 5230 Tim·
475 5174 501 5245 4,
521 5172 545 5227 't
1175 5163 1329 5245 Longum
1340 5166 1428 5225 esset
1435 5158 1563 5241 reliqua
1577 5157 1688 5223 omnia
1704 5175 1851 5233 narrare,
1867 5173 1928 5217 nec
1938 5171 2073 5235 possum
2083 5169 2154 5213 cm·

163 5052 347 5073 αἱ...
