4590 5902
82 117 140 179 671
804 111 1050 180 APPIlNDlX
1071 111 1137 180 AD
1158 112 1368 182 ΙΝΤΕΒΙΜ.
2035 120 2101 185 678

82 308 140 382 [rer
160 308 193 382 4]
216 304 293 387 Ipse
316 325 394 371 vero
414 303 512 369 nimis
534 322 680 383 crassus,
708 303 765 386 qui
792 302 901 367 lucem
928 308 1062 367 ateno-
1114 303 1310 385 pronunciat
1329 302 1463 377 (Mattb.
1485 306 1535 382 22,
1556 304 1627 387 32):
1649 304 1764 370 eadem
1775 306 1903 373 ratione
1915 308 2098 390 conficitur,

81 392 147 456 bris
168 410 236 454 non
260 389 442 474 distinguit.
488 389 643 472 Pelagius
667 409 906 471 supervacuum
926 389 1062 453 infanti·
1114 389 1275 472 genuinos
1298 389 1453 454 Abrahae
1475 389 1575 467 filios,
1599 391 1698 454 etiam
1720 393 1812 475 prius
1834 413 1933 475 quam
1955 416 2096 461 nascan-

82 477 140 542 bus
161 476 361 559 baptismum
381 477 527 559 putabat,
549 476 627 558 quia
648 497 703 540 eos
725 475 909 558 fingebata
930 484 1062 557 peccato
1114 484 1178 552 tur,
1201 476 1289 540 vitae
1310 484 1464 541 aeternae
1486 497 1557 541 esse
1579 476 1747 556 haeredes,
1775 478 1906 561 quando
1928 480 1965 544 in
1983 480 2100 547 eodem

79 563 252 627 immunes.
297 563 371 627 Imo
393 562 486 628 nulla
507 562 556 625 illi
577 562 708 645 proprie
731 561 772 625 de
794 559 1061 644 paedebaptismo
1113 560 1201 642 ipsos
1234 560 1339 644 gradu
1372 561 1509 627 collocat
1540 562 1604 626 Dei
1643 565 1825 645 promissio.
1880 565 2099 631 Meminerint

79 648 255 730 disputatio
278 658 357 714 erat
392 647 460 715 Sed
482 668 584 731 quum
606 647 648 712 ad
670 645 878 730 probandum
901 647 1062 731 originale
1113 667 1192 730 ergo
1205 645 1352 724 lectores,
1376 668 1443 712 non
1456 647 1510 711 hio
1529 647 1700 730 disputari,
1720 671 1764 715 an
1782 651 1942 733 baptizari
1953 653 2099 718 infantes

79 742 248 819 peceatum
271 734 450 801 obiicerent
477 735 581 801 sancti
611 742 721 817 patres
749 732 903 798 ecclesiae
925 753 1061 798 consue·
1113 752 1246 798 necesso
1266 733 1318 810 sit,
1342 753 1402 798 neo
1422 734 1530 799 vocari
1547 735 1583 798 in
1601 732 1747 815 dubium,
1766 757 1811 801 an
1830 736 1992 820 baptismo
2010 739 2100 804 inse-

79 819 228 886 tudinem
247 821 284 886 in
301 822 412 903 pueris
424 818 638 904 baptizandis,
658 829 756 902 atque
769 816 845 883 inde
857 818 1059 902 colligerent,
1113 827 1232 882 rantur
1253 819 1289 882 in
1301 818 1429 883 Christi
1450 838 1578 902 corpus,
1596 841 1640 884 an
1662 821 1728 886 illis
1750 823 1795 888 sit
1815 822 1985 890 lavacrum
2002 845 2100 909 roge-

78 927 193 971 omnes
220 905 313 971 Adae
345 916 492 989 posteros
524 914 652 970 reatum
685 913 838 970 aeternae
871 906 987 969 mortis
1018 925 1061 968 ex
1113 905 1302 983 nerationis,
1325 925 1367 969 an
1386 914 1594 986 poeoniorum
1607 908 1737 973 veniam
1757 909 1923 993 obsignat:
1947 910 2005 975 sad
2023 918 2099 975 tan·

79 1002 173 1057 utero
201 1013 312 1058 seeum
339 993 472 1058 afferre:
506 993 568 1057 hec
595 1000 782 1056 extremum
812 990 939 1055 homini
965 1010 1060 1073 prae·
1114 998 1184 1054 tum
1217 989 1258 1056 de
1291 991 1438 1073 praecisa
1475 993 1670 1058 necessitate
1701 996 1827 1059 moveri
1860 997 2098 1078 quaestionem.

79 1080 182 1144 fracto
204 1078 336 1162 asylum
358 1081 435 1156 fuit,
462 1099 530 1143 non
552 1077 701 1161 indigere
723 1076 885 1159 baptismo
907 1077 1059 1153 infantes,
1114 1076 1345 1154 Meminerint,
1375 1098 1439 1159 quo
1469 1085 1663 1163 argumento
1691 1080 1902 1159 contendam,
1941 1102 1997 1148 eos
2024 1083 2098 1147 sine

78 1165 155 1248 quia
176 1165 248 1229 sino
274 1174 407 1247 peccato
428 1176 614 1230 nascantur.
659 1161 749 1244 Quid
777 1162 911 1228 obsecro
933 1162 1061 1247 Pelagii
1112 1161 1276 1244 baptismo
1301 1162 1442 1228 salutem
1464 1183 1560 1245 posse
1581 1166 1750 1248 consequi:
1779 1186 1913 1250 nempe,
1941 1169 2019 1251 quia
2040 1188 2102 1252 per

78 1250 183 1316 errori
205 1252 240 1314 in
263 1252 345 1315 mois
368 1251 478 1316 verbis
500 1251 599 1315 affine
628 1248 832 1333 reperietur?
879 1250 935 1313 An
958 1270 1061 1331 egea
1115 1270 1151 1313 se
1189 1250 1269 1314 satis
1318 1249 1434 1315 efficax
1473 1251 1516 1315 sit
1554 1251 1742 1333 promissio,
1789 1273 1873 1336 quae
1912 1251 2020 1319 adhuc
2062 1254 2098 1319 in

77 1338 202 1420 peceati
215 1348 309 1402 reatu
331 1338 439 1402 eximo
462 1335 601 1420 pueros?
634 1336 690 1400 An
712 1334 844 1400 illorum
866 1333 1006 1399 salutem
1024 1334 1060 1399 in
1114 1342 1207 1399 utero
1229 1334 1366 1400 inclusis
1393 1335 1497 1400 vitam
1526 1336 1681 1421 assignat.
1726 1338 1803 1404 Huc
1824 1340 1982 1422 pertinet,
2012 1336 2100 1423 quod

77 1421 240 1507 originali,
263 1430 301 1488 ut
321 1423 513 1506 loquuntur,
536 1421 677 1499 iustitia,
706 1432 739 1486 et
761 1428 900 1486 naturae
921 1421 1060 1504 integri·
1113 1419 1240 1485 Paulns
1262 1430 1401 1497 sanctos,
1424 1421 1559 1488 honoris
1581 1444 1688 1502 eausa,
1712 1445 1768 1490 eos
1791 1426 1940 1490 nominat
1960 1426 1992 1507 (1
2020 1424 2096 1492 (lor.

77 1518 144 1574 tato
166 1508 308 1574 colloco?
353 1511 408 1574 An
432 1508 504 1574 illos
527 1509 675 1592 gratuita
697 1508 761 1572 Dei
783 1506 1007 1572 misericordia
1025 1507 1060 1570 in
1116 1511 1236 1589 7,14):
1266 1506 1458 1590 significans
1485 1508 1573 1590 ipsos
1602 1530 1621 1573 a
1648 1511 1815 1575 communi
1843 1511 2017 1576 hominum
2045 1532 2098 1578 se·

78 1595 250 1661 ecclesiam
272 1596 373 1678 rdeipi
395 1595 502 1679 nego?
538 1596 592 1658 An
609 1613 676 1658 non
698 1594 818 1676 ubique
835 1593 915 1675 ipsis
932 1613 1060 1676 quoque
1113 1592 1213 1670 minc,
1235 1592 1309 1657 iure
1327 1592 1466 1659 foederis
1488 1595 1665 1678 segregari.

77 1681 304 1747 remissionem
327 1689 535 1765 peccatorum
557 1701 628 1745 esse
650 1679 869 1745 necessariam
887 1678 1059 1756 contendo,
1199 1678 1353 1743 Alterum
1385 1687 1617 1763 argumentum
1651 1680 1791 1747 adduco:
1826 1681 1913 1765 quod
1947 1683 2095 1748 externis

79 1788 215 1851 eamque
253 1767 295 1833 ba
319 1768 416 1832 tismo
450 1766 618 1850 obsignari
651 1764 827 1849 profiteor?
873 1764 945 1829 Iam
979 1764 1060 1830 satis
1112 1764 1217 1848 signis
1256 1765 1392 1829 minime
1430 1765 1597 1850 alliganda
1623 1768 1668 1832 sit
1698 1768 1829 1833 animae
1862 1768 1960 1834 salus.
2006 1767 2098 1851 Quid

77 1862 228 1920 censure
256 1789 413 1930 arbitror,
444 1862 567 1936 quanta
593 1851 637 1917 sit
664 1852 807 1916 censoris
829 1851 976 1929 inscitia,
1004 1851 1059 1933 qui
1112 1850 1202 1915 enim
1224 1848 1352 1916 Christi
1373 1852 1528 1935 sanguini
1549 1851 1720 1918 residuum
1740 1855 1806 1932 fiet,
1830 1853 1915 1920 siin
1937 1874 2023 1937 aqua
2044 1855 2096 1919 vi·

78 1938 206 2024 Pelagii
227 1960 383 2018 errorem,
405 1941 440 2003 in
463 1950 530 2004 tam
553 1937 683 2004 diverso
705 1935 860 2020 loquendi
883 1956 1004 2020 genere
1024 1957 1059 2001 se
1111 1944 1181 2000 tam
1203 1936 1408 2018 spiritualem
1427 1937 1649 2004 includimus?
1696 1939 1792 2004 Addo
1810 1948 1993 2023 praeterea:
2017 1939 2098 2006 Ideo

77 2024 332 2109 deprehendisse
361 2026 471 2091 iactat.
515 2024 614 2090 Certe
642 2023 696 2088 vol
721 2021 902 2107 Augustini
937 2023 1061 2106 scripta
1112 2021 1274 2104 baptizari
1307 2023 1465 2099 infantes,
1504 2024 1580 2107 quia
1614 2024 1785 2092 domestici
1819 2034 1898 2091 sunt
1927 2024 2096 2093 ecelesiae.

78 2131 248 2194 nunquam
271 2112 390 2195 attigit,
413 2111 466 2176 vel
484 2131 552 2175 non
572 2117 703 2175 tantum
732 2109 849 2174 habuit
876 2108 998 2183 iudicii,
1021 2116 1060 2173 ut
1111 2107 1186 2172 Hoc
1213 2107 1302 2173 enim
1330 2110 1402 2173 iure
1432 2110 1548 2175 nititur
1576 2110 1879 2194 paedobeptismus,
1913 2111 1999 2195 quod
2029 2112 2098 2179 iam

78 2218 240 2281 quaenam
260 2204 348 2263 esset
370 2197 498 2280 Pelagii
527 2197 637 2280 opinio
657 2195 941 2261 animadverteret.
986 2195 1060 2278 Ego
1111 2194 1206 2259 Deus
1228 2214 1305 2259 suos
1333 2195 1498 2278 agnoseit,
1521 2196 1578 2279 qui
1606 2205 1719 2262 nostro
1740 2198 1924 2263 ministerio
1945 2197 1994 2263 illi
2015 2198 2096 2263 offa-

79 2292 191 2347 tamen
209 2285 319 2366 potius
347 2284 515 2361 existimo,
545 2282 586 2347 ab
612 2281 746 2346 homine
773 2281 979 2364 antiquitatis
998 2281 1060 2345 im·
1111 2286 1241 2345 runtur.
1286 2279 1384 2345 Unde
1417 2288 1450 2346 et
1482 2303 1560 2347 suos
1591 2282 1670 2347 olim
1710 2285 1862 2362 vocabat,
1905 2285 2092 2368 quicunque

121 2371 195 2448 rito,
217 2370 337 2435 veteris
359 2370 516 2435 haeretici
539 2389 657 2434 nomen
681 2389 721 2432 er
745 2367 874 2451 vulgari
891 2366 979 2432 fama
1002 2388 1060 2431 au·
1112 2385 1154 2430 ex
1176 2365 1301 2431 Israole
1329 2364 1494 2432 ducebant
1520 2368 1692 2451 originem.
1736 2370 1787 2436 Ao
1816 2371 1950 2435 merito:
1980 2378 2095 2437 sancta

100 2456 181 2520 'tum
202 2455 340 2538 creperi.
1112 2451 1202 2516 enim
1224 2460 1296 2517 erat
1317 2453 1500 2536 progenies,
1523 2462 1561 2518 ut
1581 2454 1707 2519 Paulus
1729 2454 1832 2534 doeet,
1855 2455 1951 2522 Rom
1975 2462 2022 2534 ll,
2045 2460 2096 2523 16.

162 2541 278 2625 Neque
300 2542 335 2606 in
357 2562 396 2607 eo
418 2543 528 2607 minus
551 2548 671 2624 peceat,
693 2538 780 2622 quod
797 2559 865 2604 non
888 2539 1059 2605 observato
1198 2537 1291 2602 Haec
1312 2539 1423 2602 omnia
1435 2538 1648 2606 dissimulans
1669 2561 1793 2620 censor,
1817 2546 1877 2623 [fot
1897 2546 1929 2622 7]
1951 2542 2097 2625 primum

77 2626 279 2711 quaestionis
310 2636 400 2693 statu
421 2632 480 2706 [fel.
501 2631 533 2705 5]
562 2636 685 2692 temere
713 2632 911 2709 argumenta
938 2644 998 2689 sua
1025 2626 1059 2689 in
1112 2623 1175 2689 hac
1196 2624 1324 2688 ratione
1346 2632 1462 2690 contra
1483 2626 1638 2710 insurgit:
1660 2625 1747 2709 quod
1768 2648 1836 2692 non
1859 2648 1901 2693 ex
1926 2628 2096 2713 sanguini·

76 2721 216 2779 rentum
238 2713 374 2797 spargit.
408 2711 446 2779 Si
469 2714 542 2796 quis
563 2710 868 2795 paedobaptismum
889 2713 1010 2777 aeriter
1027 2720 1060 2776 et
1111 2709 1182 2787 bus,
1205 2730 1312 2792 neque
1334 2730 1376 2774 ex
1399 2711 1570 2777 voluntate
1587 2713 1696 2777 earnis
1714 2719 1773 2777 aut
1791 2714 1864 2792 viri,
1887 2714 1948 2779 sed
1968 2736 2011 2779 cx
2022 2712 2097 2780 Deo

78 2799 196 2867 validis
224 2799 405 2866 rationibus
432 2798 495 2865 hoc
524 2807 672 2881 tempore
694 2795 854 2874 defendit,
889 2817 950 2881 ego
972 2806 1060 2862 certe
1111 2816 1288 2861 nascamur
1308 2796 1344 2860 in
1366 2797 1571 2879 spiritualem
1594 2798 1711 2863 vitam:
1734 2798 1821 2882 quod
1841 2818 1910 2864 non
1931 2799 1997 2866 nisi
2018 2819 2096 2867 caro

77 2908 163 2952 unos
184 2906 261 2952 sum
282 2905 324 2950 ex
347 2905 493 2951 numero.
538 2885 609 2949 Nee
631 2883 672 2948 de
693 2904 793 2949 eausa
814 2891 873 2948 aut
893 2884 960 2947 fine
981 2903 1060 2949 con·
1111 2902 1153 2946 ex
1171 2902 1271 2947 carne
1293 2879 1483 2948 descendat:
1508 2883 1595 2967 quod
1612 2905 1726 2949 omnes
1745 2905 1922 2951 nascamur
1938 2885 1998 2950 tilii
2015 2886 2096 2953 irae.

77 2974 240 3039 troversia
265 2980 329 3049 est,
363 2972 443 3054 quin
469 2970 543 3036 ideo
573 2969 798 3054 baptizentur,
833 2978 872 3033 ut
899 2969 991 3035 insiti
1025 2970 1059 3034 in
1112 2965 1216 3048 Quasi
1237 2986 1317 3033 roro
1344 2989 1480 3053 negem,
1507 2969 1720 3036 maledictum
1746 2978 1869 3036 natura
1895 2991 1967 3036 esse
1988 2977 2097 3037 totum

74 3057 204 3125 (lhristi
227 3077 346 3141 corpus
378 3057 563 3123 liberentur
585 3056 626 3121 ab
649 3064 783 3121 aeterno
805 3055 955 3133 interitu,
983 3076 1059 3138 pee-
1112 3052 1207 3119 Adae
1235 3075 1355 3139 genus,
1384 3053 1530 3138 adeoque
1556 3055 1702 3121 infantes
1728 3055 1833 3138 ipsos,
1861 3065 2037 3140 antequam
2058 3058 2097 3123 in

74 3146 156 3222 cati,
184 3142 273 3228 qood
294 3144 361 3209 illis
382 3154 502 3209 natura
523 3143 711 3227 ingenitum
739 3150 803 3221 est,
832 3141 1059 3206 remissionem
1110 3139 1219 3206 lucem
1236 3137 1410 3292 grodeant,
1432 3142 1548 3207 mortis
1570 3149 1724 3207 aeternae
1745 3150 1841 3207 reatu
1862 3143 1969 3207 teneri
1985 3142 2098 3225 impli-

72 3230 257 3309 obtineent,
278 3229 460 3295 induantur
481 3229 626 3314 gratuita
646 3228 782 3292 iustitia.
815 3227 926 3293 Huius
944 3227 992 3293 rei
1008 3227 1059 3292 lu·
1111 3225 1202 3292 citos.
1264 3225 1305 3290 ed
1325 3227 1360 3290 in
1381 3246 1419 3291 eo
1441 3227 1737 3293 nimiromt'allitnr
1759 3227 1845 3311 quod
1863 3228 1952 3295 inter
1973 3229 2096 3294 vitium

73 3317 249 3385 colentum
274 3316 358 3381 mihi
385 3316 609 3381 testimonium
639 3313 748 3378 reddit
774 3333 850 3378 mea
876 3312 1059 3392 Institutio,
1112 3311 1261 3376 naturale
1280 3319 1315 3376 et
1336 3311 1519 3377 remedium
1548 3312 1680 3379 aliunde
1701 3314 1901 3396 proveniens
1928 3336 1996 3380 nen
2028 3314 2096 3380 dis·

73 3402 316 3479 (lateohismus,
340 3400 494 3467 Solennis
516 3400 666 3478 formula,
689 3419 788 3481 quam
810 3420 870 3483 ego
894 3399 931 3462 in
952 3401 1061 3482 qnoti-
1111 3397 1226 3464 cernit
1271 3396 1341 3462 Neo
1362 3417 1442 3462 voro
1464 3419 1585 3465 novam
1610 3399 1807 3465 solutionem
1832 3421 1920 3467 nune
1949 3423 1992 3466 ex
2012 3408 2098 3466 tem·

72 3489 215 3555 ffianom
236 3487 391 3554 ecelesiae
413 3498 544 3553 nostrae
565 3508 663 3552 usum
684 3487 859 3568 composui.
905 3484 983 3566 Qua
999 3486 1061 3569 igi-
1113 3503 1192 3567 pore
1209 3484 1452 3550 comminiscor:
1476 3484 1534 3550 sed
1555 3487 1697 3551 referam
1716 3485 1886 3564 duntaxat,
1908 3485 1996 3570 quod
2017 3495 2098 3556 ante

72 3586 134 3641 tur
154 3577 191 3639 in
214 3595 250 3639 re
273 3573 432 3639 dissensio
461 3573 532 3638 est?
578 3573 705 3656 Nempe
727 3570 813 3654 quod
835 3572 981 3654 praecisa
1002 3591 1061 3636 ne-
1113 3590 1217 3634 annos
1244 3578 1386 3652 quatuor
1413 3591 1434 3634 a
1461 3591 1516 3636 me
1543 3571 1711 3654 proditum
1743 3580 1803 3638 est
1849 3571 1906 3639 Sic
1938 3574 2028 3639 enim
2060 3573 2097 3638 in

68 3662 223 3733 manitas.
246 3680 345 3743 quarn
368 3659 467 3742 vulgo
489 3659 629 3723 nimium
652 3666 789 3741 urgent,
818 3679 838 3722 a
863 3679 917 3723 me
939 3659 1062 3741 impro-
1113 3655 1289 3739 septimum
1317 3663 1417 3739 eaput
1442 3657 1562 3740 prioris
1589 3657 1631 3723 ad
1653 3657 1842 3725 Corinthios
1868 3658 2026 3742 epistolae
2047 3658 2098 3725 lo·

69 3743 191 3813 batur:
225 3746 381 3823 Puerum,
406 3747 433 3811 si
455 3757 560 3809 morte
578 3746 752 3828 repentina
774 3744 929 3827 abreptus
951 3743 1062 3808 offerri
1114 3762 1210 3825 quor:
1230 3739 1297 3823 Qui
1307 3743 1484 3807 conveniet
1496 3743 1577 3808 haec
1593 3745 1765 3823 sententia,
1785 3757 1915 3810 sanctos
1936 3765 2008 3811 esse
2024 3745 2098 3826 pio-

67 3852 138 3918 per
159 3842 291 3914 tempus
311 3831 352 3896 ad
381 3832 582 3914 baptismum
608 3848 674 3894 non
697 3831 856 3914 potuerit,
883 3829 1062 3895 arcendum
1114 3849 1189 3892 rum
1210 3827 1342 3907 liberos,
1368 3849 1445 3894 cum
1466 3850 1504 3894 eo
1525 3830 1611 3912 quod
1632 3829 1710 3896 alibi
1731 3830 1848 3895 tradit:
1877 3829 2004 3896 Omnes
2026 3849 2099 3896 esse

65 3927 253 4003 propterea
274 3940 294 3982 a
315 3938 419 4001 regno
437 3917 500 3981 Dei
524 3938 591 3981 non
613 3916 763 3982 concedo.
810 3916 888 3980 Vim
906 3915 1062 3998 baptismi
1114 3922 1235 3978 natura
1267 3912 1351 3978 filios
1385 3913 1476 3979 irae?
1520 3916 1608 3980 Item
1641 3937 1716 3981 cum
1750 3916 1916 3981 sententia
1942 3915 2098 3982 Doridis:

67 4024 146 4071 non
167 4012 327 4069 extenuo:
354 4025 420 4068 non
448 4002 585 4067 obscuro
607 4003 790 4087 legitimum
819 4002 922 4084 ipsine
949 4022 1060 4066 usum:
1114 4000 1201 4064 Eoos
1222 3999 1257 4065 in
1281 4010 1413 4082 peccato
1438 4012 1614 4084 conceptus
1637 4000 1734 4067 sum?
1779 4000 1993 4085 Respondeo,
2023 4002 2100 4066 uni·

68 4098 210 4157 tautum
239 4091 369 4155 animae
396 4089 536 4154 salutem
566 4088 696 4172 alligari
727 4089 821 4171 signo
851 4109 916 4152 non
945 4088 1061 4170 patior,
1115 4085 1277 4151 versalem
1298 4106 1370 4150 csse
1391 4088 1661 4170 propagationem
1681 4089 1804 4170 peceati
1821 4098 1855 4152 et
1876 4086 2099 4153 damnationis
2130 4142 2144 4165 ‚

66 4179 160 4261 quin
181 4174 249 4239 Dei
270 4175 444 4257 promissio
472 4175 621 4241 sufficiat
666 4174 781 4239 Liberi
803 4175 891 4238 enim
914 4172 1062 4237 fidelium
1114 4172 1151 4235 in
1178 4171 1304 4236 semine
1332 4170 1440 4237 Adae:
1469 4193 1582 4239 omnes
1610 4174 1713 4257 igitur
1740 4171 1782 4238 ad
1809 4192 1916 4238 unum
1944 4173 2005 4239 sub
2034 4172 2098 4241 hac

68 4262 144 4329 iam
167 4270 347 4344 antequam
369 4263 566 4346 gignantur,
595 4259 741 4343 adoptati
760 4267 841 4323 sunt
864 4280 883 4322 a
904 4259 1061 4337 Domino,
1114 4256 1345 4323 maledictione
1367 4257 1501 4335 includi,
1525 4260 1597 4324 sive
1619 4279 1661 4323 ex
1683 4256 1849 4338 fidelibus,
1879 4259 1950 4323 eive
1967 4279 2013 4324 ex
2034 4260 2098 4325 im·

68 4368 184 4433 quum
217 4347 316 4412 dixit:
349 4348 419 4412 Ero
446 4344 539 4412 Deus
566 4356 692 4423 vester,
726 4352 761 4409 et
792 4346 928 4410 seminis
960 4345 1063 4410 vestri
1086 4316 1090 4455 i
1113 4342 1177 4427 piis
1199 4341 1405 4408 descendant
1450 4344 1566 4427 Neque
1587 4346 1677 4409 enim
1699 4344 1826 4427 spiritu,
1849 4342 1908 4409 sed
1924 4365 2034 4422 earne,
2056 4345 2100 4410 li·

73 4436 181 4515 (Gen.
207 4438 255 4511 17,
276 4439 318 4509 7).
364 4434 437 4498 Hac
460 4433 676 4514 promissione
698 4431 858 4497 contineri
886 4431 1063 4495 infantium
1114 4430 1208 4495 beros
1230 4449 1306 4494 suos
1328 4437 1491 4513 generant
1511 4429 1634 4496 fideles.
1677 4429 1834 4512 Aequalis
1855 4430 1969 4512 itaque
1990 4439 2041 4496 est
2062 4432 2101 4497 in

71 4520 233 4597 salutem,
255 4528 344 4584 certo
367 4519 488 4585 certius
506 4526 564 4584 est.
598 4518 662 4583 Oui
684 4538 763 4583 vere
784 4516 1062 4595 illancnsuffieit,
1115 4515 1267 4580 omnibus
1289 4524 1428 4581 naturae
1449 4514 1602 4594 conditio,
1625 4516 1743 4579 utsint
1763 4523 1832 4580 tam
1867 4524 1976 4582 cecato
1998 4538 2100 4601 quam

74 4604 109 4674 is
130 4606 204 4672 Deo
225 4615 371 4671 atrocem
392 4605 471 4671 facit
487 4605 658 4670 iniuriam:
681 4603 890 4686 nequeenim
913 4622 1064 4669 veracem
1115 4608 1267 4668 aeternae
1278 4602 1378 4666 morti
1389 4602 1529 4667 obnoxii.
1564 4600 1661 4683 Quod
1685 4610 1798 4667 autem
1819 4601 1842 4666 li
1887 4602 2095 4670 risfidelium

73 4690 191 4778 ipsum
212 4692 377 4776 agnoscit,
405 4712 508 4774 quum
535 4689 690 4756 servandi
718 4689 897 4756 efficaciam
918 4688 1064 4754 deoahit
1116 4685 1256 4770 speciale
1267 4686 1479 4771 privilegium
1491 4686 1607 4753 tribuit
1620 4687 1795 4771 apostolus,
1808 4686 1843 4752 id
1857 4688 1932 4753 fluit
1941 4711 1984 4754 ex
1996 4688 2096 4755 bene-

76 4781 152 4845 eins
183 4778 295 4845 verbo.
338 4776 383 4842 Et
414 4777 540 4842 Ohristi
572 4797 767 4860 responsum
805 4776 1064 4842 controversiam
1114 4772 1189 4840 ficio
1200 4772 1431 4855 foedataque
1443 4775 1695 4856 superveniente
1706 4772 1836 4839 deletur
1848 4774 2097 4840 naturaomale-

78 4860 267 4933 haedere
289 4864 423 4930 dirimit
467 4864 554 4929 Nam
577 4864 606 4928 si
627 4883 704 4928 vere
726 4862 865 4947 colligit,
893 4861 1064 4927 Abraham
1115 4860 1229 4926 dictio:
1251 4866 1284 4924 et
1306 4859 1377 4923 Deo
1399 4861 1620 4943 pergratiam
1641 4866 1884 4940 consecrantur,
1908 4866 1968 4940 [fol.
1987 4865 2019 4939 8]
2042 4860 2099 4944 qui

81 4968 106 5016 a
124 4960 232 5017 morte
251 4970 324 5016 esse
351 4951 575 5034 superstitem,
598 4949 676 5032 quia
696 4949 725 5014 is
745 4949 801 5031 qui
825 4953 883 5027 [let
908 4952 940 5027 o]
970 4948 1064 5013 vivo·
1115 4955 1237 5011 natura
1256 4943 1388 5028 profani
1408 4955 1512 5011 erant
1546 4944 1604 5012 Sic
1625 4967 1686 5031 ego
1707 4946 1775 5012 illie
1797 4945 1839 5011 ad
1856 4947 2004 5013 verbum.
2041 4945 2101 5010 In·

82 5054 157 5105 rum
178 5058 248 5103 non
276 5047 482 5103 mortuorum
503 5036 595 5102 Deus
623 5043 688 5116 est,
717 5056 753 5100 se
775 5035 886 5100 Deum
908 5034 1064 5099 Abrahae
1115 5033 1243 5097 stitutio
1253 5050 1380 5114 quoque
1390 5031 1690 5115 nostraplenierem
1698 5034 1769 5099 sius
1780 5034 1829 5097 rei
1840 5032 2097 5116 explicationem

1839 5133 1892 5188 43*
