4620 5894
146 218 210 285 643
948 212 1080 282 VERA
1099 212 1364 284 accusante
2099 219 2161 281 644

144 403 301 473 Christus
313 401 467 471 sacerdos
480 401 716 470 sitsecundnm
737 403 887 472 ordinem
898 402 1128 471 Melchisedec.
1181 402 1236 469 hic
1257 401 1318 468 sub
1339 401 1490 469 sacrificii
1511 401 1648 469 nomine
1657 400 1724 468 Dei
1739 403 1874 483 cultum,
1895 402 2038 487 quidde
2059 403 2164 470 nihilo

146 489 225 561 Soio
245 511 314 556 non
334 510 391 556 eos
411 489 557 575 primum
583 510 673 556 nune
699 490 885 576 impingere
906 489 1059 556 adhunc
1081 489 1129 554 la·
1182 489 1330 573 argutari
1357 486 1512 571 prodest?
1557 488 1633 554 Mos
1656 489 1711 555 bic
1739 488 1908 572 prophetis
1935 510 2096 572 perquam
2116 490 2163 556 a·

144 576 265 662 pidem.
299 575 438 655 Verum,
452 575 563 641 sirem
576 575 705 642 omissis
720 576 911 644 hominibus
922 575 1129 644 considerare
1182 575 1320 641 miliaria
1341 581 1407 653 est,
1435 581 1487 651 ut,
1517 575 1601 639 sicut
1627 574 1695 640 illis
1723 576 1851 641 somnia
1878 583 1911 640 et
1931 576 2077 642 visiones
2097 573 2163 643 Dei

144 662 242 741 libet,
276 661 312 726 id
337 662 487 728 vanitate
508 662 581 744 ipsa
607 682 678 727 esse
706 664 825 729 vanius
852 684 930 729 mox
956 660 1128 728 constabit.
1182 661 1332 726 notitiam
1351 660 1549 744 significant,
1571 659 1620 725 ita
1636 660 1807 744 templum,
1830 661 1942 741 altare,
1965 662 2107 741 suffitus,
2130 669 2166 728 et

145 747 272 815 Narrat
296 748 436 826 Moises,
466 747 626 814 obtulisse
646 748 869 816 Melchisedec
892 747 1045 814 Abrahae
1071 767 1129 831 pa·
1183 747 1343 812 sacrificia
1363 745 1525 828 accipiant
1545 767 1607 829 pro
1629 747 1720 812 cultu
1732 745 1806 812 Dei.
1839 747 1929 813 Hine
1951 756 2063 813 autem
2084 753 2166 815 nata

145 854 225 903 nem
247 841 281 900 et
307 834 433 901 vinum.
479 832 547 915 Qui
571 837 647 912 [pag.
672 840 746 915 ιιι]
775 855 904 900 sacram
931 833 1128 901 oblationem
1181 832 1308 898 isthaec
1330 829 1483 914 loquendi
1504 832 1604 911 ratio,
1633 833 1719 915 quod
1740 832 1922 898 doctrinam
1951 854 2010 899 suo
2032 833 2164 900 saeculo

145 927 180 987 et
211 919 388 1005 mysticam
424 918 494 985 illic
528 919 713 1003 piscantur,
749 921 941 1005 intelligunt
972 919 1129 986 obtulisse
1181 917 1477 995 accommodabant,
1500 938 1565 1000 quo
1587 919 1710 984 scimus
1730 918 1917 984 involutum
1938 918 2061 985 talibus
2088 939 2164 986 eae-

132 1006 228 1075 ,Dee
272 1006 304 1071 A
341 1005 385 1084 ui,
408 1005 509 1072 ιιιιιιιι
530 1024 569 1071 aa
590 1007 743 1072 meminit
763 1006 831 1073 illic
852 1008 990 1084 Moiscs‚
1018 1005 1129 1089 ipsum
1180 1004 1337 1070 remoniis
1358 1003 1458 1069 firisse
1480 1003 1545 1068 Dei
1567 1004 1702 1069 cultum.
1747 1005 1907 1087 Denique,
1931 1005 2094 1071 eiusmodi
2114 1005 2164 1072 lo·

144 1093 275 1161 venisse
296 1092 328 1157 A
351 1090 454 1158 rahae
475 1090 617 1166 obviam.
640 1092 779 1171 subiicit,
801 1092 959 1158 obtulisse
970 1091 1023 1157 vel
1041 1098 1129 1157 attu-
1180 1091 1353 1174 quutiones
1375 1088 1511 1172 quuml
1554 1089 1582 1156 is
1591 1089 1828 1174 paedagogium
1840 1091 1978 1173 sapiant,
2002 1090 2166 1158 elicienda

143 1176 223 1245 lisso
244 1197 366 1261 panem
388 1183 422 1243 et
442 1176 570 1246 vinum
604 1176 716 1259 Quum
738 1200 817 1244 vero
834 1178 1021 1245 membrum
1041 1175 1129 1261 qnod
1180 1176 1275 1241 nobis
1295 1175 1374 1241 inde
1395 1176 1514 1258 spiritu
1548 1176 1577 1240 is
1598 1177 1730 1256 veritas,
1752 1197 1837 1260 quae
1859 1176 1928 1242 sola
1948 1176 1991 1242 ad
2008 1198 2070 1244 nos
2088 1197 2164 1261 par·

143 1284 223 1331 mox
246 1263 395 1346 sequitur
416 1284 535 1329 causae
557 1263 776 1329 redditionem
798 1286 870 1331 esse
891 1270 1020 1347 putant,
1043 1263 1129 1328 nihil
1180 1261 1275 1327 tinet.
1288 1262 1312 1341 ¹)
1357 1262 1429 1326 Iam
1451 1262 1532 1327 satis
1553 1282 1716 1346 superque
1738 1270 1875 1345 apparet
1895 1262 2096 1329 calumniose
2118 1264 2164 1331 ci·

144 1347 237 1417 aliud
271 1369 371 1432 quam
408 1347 579 1433 duplicant
611 1371 764 1416 errorem.
798 1349 918 1415 'Addit
932 1350 956 1434 ¹)
995 1349 1129 1433 quidem
1158 1349 1243 1412 -tari
1265 1347 1481 1425 Malachiam,
1510 1348 1604 1429 qnasi
1626 1346 1666 1412 de
1688 1348 1790 1414 missa
1817 1349 2032 1428 radoinetur,
2060 1370 2165 1433 quum

143 1433 284 1503 Moises:
307 1435 355 1501 Et
377 1442 449 1501 erat
466 1434 618 1502 sacerdos
630 1437 696 1501 Dei
718 1436 879 1502 altissimi.
913 1433 982 1501 Sed
1002 1435 1065 1502 hoc
1087 1434 1129 1500 ad
1179 1433 1265 1498 nihil
1285 1435 1396 1499 minus
1416 1433 1619 1517 cogitaverit.

143 1520 199 1589 ius
219 1519 458 1587 benedictionis
471 1523 630 1604 pertinet:
653 1530 691 1587 nt
708 1523 859 1601 sciamus,
882 1544 924 1588 ex
936 1521 1041 1587 officio
1055 1543 1129 1605 per-
1266 1519 1337 1585 Nco
1358 1527 1509 1585 veterum
1526 1520 1708 1585 sententias
1727 1540 1839 1584 moror
1855 1540 1937 1603 quas
1954 1520 1997 1586 ad
2019 1522 2163 1587 obruen-

145 1626 291 1690 sonsque
303 1605 499 1673 sacerdotali
509 1606 734 1674 Melchisedec
743 1607 900 1674 Abrahae
912 1606 1128 1673 benedixisse.
1180 1603 1256 1670 dam
1279 1606 1452 1672 veritatem
1473 1604 1540 1670 huo
1556 1612 1739 1690 congerunt
1750 1604 1982 1672 moderatores.
2016 1604 2164 1674 Solense

144 1690 319 1759 Hactenus
340 1691 469 1760 nullum
492 1694 639 1759 cernitur
659 1693 695 1758 in
716 1693 939 1760 Melchisedec
960 1694 1055 1776 panis
1076 1714 1128 1759 sa·
1180 1699 1231 1757 ost
1252 1690 1469 1756 nebulonibus
1490 1691 1572 1770 istis,
1595 1689 1754 1775 quidquid
1764 1692 2164 1777 vitiosuminpatribus2)

145 1777 316 1845 orificium.
361 1775 430 1844 Sed
450 1778 575 1846 accedit
602 1778 744 1846 validius
766 1787 1015 1865 argumentum,
1043 1778 1128 1862 quod
1179 1776 1316 1860 legitur,
1344 1776 1529 1842 corradere:
1560 1797 1597 1842 ac
1623 1778 1745 1861 siquis
1772 1776 1876 1842 solam
1903 1798 1984 1842 auro
2013 1777 2164 1862 neglecto

145 1862 324 1948 apostolus,
347 1863 428 1928 dum
449 1864 582 1949 singula
603 1886 705 1948 prope
726 1865 923 1950 scrupulose
936 1866 1071 1943 excutit,
1094 1865 1130 1929 in
1180 1863 1329 1941 scoriam,
1354 1870 1388 1928 et
1410 1862 1546 1928 abiectis
1569 1864 1682 1947 granis
1704 1862 1896 1946 quisquilias
1918 1863 2064 1930 studiose
2088 1869 2164 1946 [pag.

149 1949 271 2033 quibus
294 1949 471 2016 conveniat
490 1949 571 2016 haec
590 1951 779 2031 similitudo,
802 1951 887 2017 nihil
907 1952 975 2016 tale
986 1951 1129 2034 attingit.
1185 1953 1258 2027 157]
1279 1949 1412 2031 legeret.
1445 1948 1557 2030 Quum
1579 1970 1657 2033 ergo
1679 1948 1837 2014 obiiciunt
1858 1950 1966 2015 locum
1976 1950 2164 2017 Malachiae

144 2034 278 2102 Nomen
300 2043 335 2100 et
355 2034 468 2101 sedem
489 2038 600 2120 regni,
623 2058 764 2120 regnum
787 2046 820 2103 et
838 2036 1057 2104 sacerdotium
1080 2036 1130 2102 di·
1180 2034 1227 2099 sio
1253 2034 1294 2099 ab
1321 2034 1460 2100 Itenaeo
1486 2036 1618 2117 exponi:
1649 2033 1845 2100 oblationem
1868 2035 2092 2102 Melchisedec
2117 2038 2164 2104 sio

145 2120 288 2204 ligenter
310 2128 419 2187 notat:
450 2121 568 2187 deinde
597 2123 699 2205 quod,
728 2125 922 2207 tanquem2)
952 2144 972 2187 a
1000 2143 1036 2188 so
1058 2124 1128 2206 ipso
1180 2120 1316 2185 tractari
1338 2120 1379 2186 ab
1401 2120 1600 2199 Athanasio,
1627 2121 1808 2200 Ambrosio,
1830 2123 2020 2205 Augustino
2041 2132 2077 2188 et
2097 2125 2163 2189 Ar·

146 2212 248 2286 ortus,
272 2206 399 2271 nullam
422 2205 544 2272 habeat
565 2209 802 2292 genealogiam,
826 2229 910 2292 quae
931 2208 1063 2293 quidem
1086 2209 1130 2274 sit
1181 2205 1327 2285 nobio‚³)
1348 2207 1493 2272 breviter
1515 2227 1709 2291 responsum
1733 2207 1786 2281 sit,
1809 2208 1941 2273 eosdem
1963 2207 2037 2274 illos
2059 2211 2162 2293 scrip-

145 2292 277 2375 soriptis
298 2291 443 2376 prodita:
468 2293 555 2376 quod
573 2293 744 2360 Abraham
766 2294 824 2374 illi,
854 2302 1012 2377 tanquam
1033 2315 1128 2378 prae-
1181 2300 1268 2357 tores
1290 2291 1367 2357 alibi
1393 2313 1521 2376 quoque
1548 2314 1667 2377 panem
1694 2293 1906 2375 interpretari
1933 2293 2060 2360 Christi
2090 2315 2162 2361 cor-

146 2377 299 2444 stantiori
326 2379 436 2443 minor
463 2378 606 2445 decimas
635 2380 799 2445 obtulerit.
844 2379 1012 2464 Denique,
1041 2379 1129 2462 quod
1181 2397 1258 2461 pus:
1282 2377 1398 2443 sedita
1418 2378 1557 2445 ridicule
1571 2387 1608 2444 ut
1625 2379 1798 2444 dissentire
1821 2401 1881 2444 nos
1903 2389 2000 2462 cogat
2022 2381 2108 2446 ratio
2129 2389 2162 2447 et

82 2485 86 2493 ’
145 2464 218 2529 inre
241 2463 421 2529 sacerdotis
444 2463 649 2529 benedixerit
670 2466 834 2531 Abrahae.
880 2464 918 2532 si
940 2465 1026 2550 quod
1048 2467 1129 2532 fuis-
1182 2465 1313 2531 veritas.
1359 2464 1446 2529 Nam
1468 2462 1596 2530 inducit
1612 2465 1771 2530 Ieremias
1792 2466 1911 2548 impios
1923 2465 1979 2549 qui
2000 2466 2162 2533 adversus

145 2557 196 2617 ιιι
219 2551 255 2614 in
278 2571 364 2633 pane
385 2552 597 2634 mysterium,
628 2550 714 2616 nihil
735 2552 778 2617 ιιι
799 2572 933 2618 causam
956 2573 1039 2636 quae
1060 2553 1129 2617 illic
1182 2570 1259 2615 eum
1280 2550 1550 2633 conspiraverant
1570 2552 1619 2617 ita
1629 2551 1813 2634 loquentes:
1836 2552 2011 2617 Mittamus
2031 2553 2163 2636 lignum

144 2641 307 2702 tractatur
328 2637 437 2719 aptius
457 2636 575 2704 adduci
596 2645 733 2720 poterat.
767 2636 944 2706 Obliviona
961 2647 1049 2704 certe
1063 2659 1130 2704 non
1181 2636 1217 2700 in
1229 2657 1349 2718 panem
1361 2637 1509 2719 eius(ll,
1525 2635 1588 2722 19).
1622 2637 1766 2702 Perinde
1778 2637 1841 2702 hoo
1852 2638 1962 2703 valere
1974 2646 2091 2704 notum
2102 2648 2162 2719 est,

167 2721 317 2787 raoteriit
344 2721 482 2806 spiritus
510 2731 653 2790 sanctus.
698 2722 767 2806 Qui
787 2726 826 2790 fit
852 2744 932 2809 ergo
952 2732 991 2789 ut
1012 2724 1128 2790 sileat?
1182 2743 1220 2788 ao
1242 2722 1270 2789 si
1293 2722 1444 2788 dixisset:
1467 2720 1722 2807 Strangulemus
1744 2744 1821 2788 eum
1837 2745 1923 2807 pane
1944 2745 2014 2802 suo,
2037 2725 2092 2790 vel
2101 2725 2162 2791 ali-

178 2828 283 2889 empe,
295 2808 372 2890 quia
383 2809 618 2894 intempestive
629 2810 780 2894 ingerere
792 2809 906 2875 noluit
928 2808 1130 2894 Quanquam
1181 2808 1260 2892 quid
1281 2807 1397 2874 simile.
1441 2807 1582 2875 Veteres
1603 2809 1665 2875 hoc
1687 2809 1729 2874 ad
1751 2807 1922 2875 Ohristum
1949 2810 2102 2890 trahunt,
2130 2818 2164 2878 et

143 2892 269 2961 mirum
281 2901 341 2973 est,
365 2914 421 2961 eos
432 2915 590 2978 quaeram
600 2896 638 2960 in
654 2916 741 2980 pane
758 2898 908 2982 figuram,
930 2896 988 2981 qui
1009 2915 1129 2981 panem
1182 2894 1365 2979 allegorice,
1388 2901 1426 2959 ut
1443 2894 1522 2973 dixi,
1540 2915 1660 2978 panem
1675 2896 1935 2979 interpretantur
1944 2919 2063 2980 eorpus
2076 2897 2164 2982 quod

143 2980 180 3046 in
202 2998 322 3064 eorpus
334 3001 469 3046 versum
480 2988 559 3047 ante
573 3002 644 3048 esse
657 2981 819 3062 dictitant,
842 3003 943 3065 quam
962 2981 1128 3048 offeratur.
1181 2979 1271 3064 ligno
1292 2981 1357 3046 fuit
1377 2981 1523 3046 affixum.
1556 2980 1724 3047 Desinant
1741 3003 1818 3065 ergo
1840 2981 1917 3049 boni
1938 2982 2163 3050 moderatores

143 3063 318 3147 Quomodo
338 3065 519 3133 secundum
542 3089 596 3133 eos
618 3068 830 3151 respondebit
851 3069 980 3154 figurae
996 3070 1129 3150 veritas,
1180 3075 1332 3133 veterum
1354 3068 1526 3133 sententiis
1547 3088 1697 3152 pugnare
1723 3069 1759 3132 in
1780 3067 1870 3133 mala
1898 3089 2005 3134 causa
2013 3070 2044 3151 ⁴)
2089 3070 2163 3135 Iam

143 3152 308 3219 sinullus
330 3154 367 3231 in
388 3174 484 3220 sacra
503 3174 604 3221 coena
625 3163 676 3221 est
696 3155 816 3240 panis?
862 3154 929 3220 Sed
951 3154 1015 3220 hoo
1035 3154 1129 3222 nobis
1181 3160 1259 3218 ante
1278 3152 1416 3232 ostendi,
1439 3174 1504 3236 qno
1525 3174 1626 3219 sensu
1637 3153 1764 3219 dicatur
1773 3153 1995 3220 Melchisedec
2005 3153 2164 3222 obtulisse

142 3238 390 3321 inpraesentia
417 3240 577 3307 sufficiat:
604 3240 691 3306 nihil
711 3241 780 3308 illis
806 3241 981 3326 suffragari
1008 3261 1129 3324 panem
1181 3259 1310 3321 panem.
1343 3239 1583 3305 Resclaraest
1616 3239 1746 3304 Deinde
1757 3239 1928 3306 silentium
1939 3240 2080 3323 apostoli
2094 3244 2164 3308 viee

144 3345 165 3391 a
186 3324 409 3390 Melchisedec
431 3325 594 3406 oblatum,
622 3328 701 3411 quia
727 3349 798 3394 rem
821 3350 841 3394 a
867 3327 988 3412 spiritu
1016 3335 1129 3394 saneto
1203 3324 1381 3391 robationis
1409 3346 1480 3391 esse
1506 3324 1600 3391 nobis
1624 3325 1735 3391 debet:
1764 3326 1842 3409 quia
1867 3347 2037 3409 nunquam
2067 3347 2163 3411 prae-

144 3410 284 3475 minime
302 3411 567 3478 animadversam
589 3413 891 3480 comminiscuntur.
1214 3410 1471 3495 rmisissetquod
1485 3419 1555 3476 tam
1576 3412 1723 3494 apposite
1741 3411 1888 3478 dicturus
1900 3419 1981 3490 erat,
2001 3414 2164 3496 siquidem

231 3496 411 3578 Arripiunt
440 3506 474 3561 et
500 3499 615 3563 tritam
648 3500 747 3565 istam
774 3500 961 3566 Malachiae
994 3507 1128 3567 senten·
1180 3499 1343 3581 potuisset
1369 3519 1448 3564 vere
1477 3497 1552 3564 dici.
1597 3497 1673 3562 Non
1701 3506 1752 3562 est
1783 3519 1861 3582 ergo
1888 3496 1977 3581 quod
2003 3499 2058 3565 vel
2080 3501 2164 3565 Am·

143 3580 240 3647 tiam:
266 3585 341 3662 [pag.
363 3587 437 3661 156]
460 3583 503 3647 In
524 3586 613 3649 omni
641 3585 711 3650 loco
733 3586 891 3651 offeretur
908 3587 1034 3651 nomini
1054 3607 1127 3652 meo
1180 3585 1342 3662 brociam,
1371 3584 1425 3649 vel
1446 3583 1548 3649 alium
1570 3585 1756 3666 quempiam
1778 3605 1819 3649 ex
1841 3591 1912 3649 tota
1933 3592 2088 3650 veterum
2109 3607 2163 3653 co-

142 3667 230 3733 inter
264 3674 380 3751 gentes
418 3668 539 3734 oblatio
575 3670 700 3734 munda
731 3671 826 3753 (Mal.
856 3677 883 3748 l,
916 3671 978 3754 ll).
1025 3670 1129 3752 Quasi
1180 3670 1275 3735 horte
1298 3669 1428 3735 acutius
1449 3668 1572 3737 vidisse
1594 3676 1756 3752 putemus,
1778 3690 1877 3752 quam
1899 3671 2011 3754 ipsum
2031 3680 2164 3755 aposto·

142 3774 222 3821 vero
243 3774 311 3819 non
335 3752 424 3819 aliud
446 3755 490 3820 sit
512 3775 612 3838 quam
633 3757 753 3822 missae
775 3757 979 3823 sacrificium.
1024 3757 1129 3840 Atqui
1181 3756 1264 3820 lum:
1288 3756 1497 3821 nisitantum
1518 3755 1585 3821 illis
1607 3756 1825 3839 perspicaciae
1848 3756 1992 3823 tribuere
2013 3757 2104 3837 libet,
2128 3765 2165 3823 ιιι

143 3841 173 3908 si
194 3839 282 3905 locos
300 3860 414 3906 omnes
434 3842 513 3906 novi
534 3841 726 3907 testamenti
748 3862 986 3921 recenseamus,
1009 3842 1066 3925 qui
1088 3842 1128 3908 de
1181 3841 1377 3926 mysterium
1405 3842 1637 3925 cognoverint,
1666 3842 1754 3925 quod
1776 3842 1930 3926 spiritum
1951 3841 2017 3907 Dei
2038 3864 2101 3926 per
2127 3865 2164 3910 os

144 3925 304 3993 sacrificio
327 3932 482 4005 tractant,
506 3947 669 4010 nusquam
697 3928 887 3993 invenietur
907 3928 1017 3994 missa.
1057 3928 1128 3992 An·
1173 3926 1323 4010 ‚apostoli
1344 3926 1534 4010 loquentem
1555 3927 1649 4011 fugit.

144 4033 213 4078 non
236 4011 360 4078 oblatio
383 4012 511 4078 munda
533 4020 592 4091 ιιι,
616 4035 718 4096 quum
735 4034 796 4096 per
818 4013 1028 4097 evangelium
1050 4035 1128 4080 con·
1268 4011 1381 4093 Quum
1402 4013 1553 4079 omnibus
1569 4015 1604 4078 in
1617 4015 1723 4079 causis
1744 4013 1882 4080 colenda
1903 4021 1953 4078 est
1962 4015 2163 4098 ingenuitas,

143 4119 312 4168 sacramur
325 4098 407 4178 Deo,
428 4119 578 4182 quumse
600 4101 739 4182 quisque
756 4107 908 4165 nostrum
921 4099 1128 4166 carnismor-
1181 4107 1253 4164 tum
1281 4119 1374 4177 vero,
1411 4120 1513 4182 quum
1542 4098 1582 4165 de
1611 4100 1771 4185 religione
1799 4101 1925 4184 agitur,
1959 4099 2077 4167 callide
2105 4110 2165 4166 aut

144 4185 322 4252 tiiicatione
344 4183 538 4251 illi-offert?
560 4206 663 4268 quum
685 4185 807 4252 vitulos
829 4186 990 4251 labiorum
1011 4186 1129 4251 immo·
1182 4185 1282 4251 etiam
1305 4184 1548 4251 dissimulanter
1570 4206 1683 4269 agere,
1706 4187 1756 4251 fas
1778 4209 1845 4251 non
1865 4194 1922 4252 est.
1968 4185 2165 4253 Adversarii

144 4270 263 4352 lamus,
285 4278 324 4336 ut
344 4272 455 4355 inquit
464 4271 549 4336 alter
560 4270 721 4355 propheta
742 4272 838 4356 (Hos.
862 4276 910 4350 14,
929 4271 1026 4357 3)?⁸)
1059 4271 1130 4338 Cur
1181 4272 1295 4348 nostri,
1316 4271 1471 4354 quoniam
1493 4293 1553 4337 nos
1565 4271 1629 4337 Dei
1652 4272 1753 4338 verbo
1775 4279 1920 4338 armatos
1936 4272 2061 4352 vident,
2084 4272 2165 4338 hinc

145 4376 224 4440 ergo
244 4356 440 4441 posthabitis
460 4357 630 4424 sacrifieiis
642 4356 805 4438 omnibus,
828 4358 1014 4443 quaenobis
1026 4359 1129 4442 scrip·

145 4449 222 4508 tura
243 4443 461 4523 commendat,
485 4444 526 4510 ad
547 4443 650 4509 solam
673 4443 824 4525 missam,
852 4445 893 4510 de
914 4464 979 4528 qua
999 4443 1129 4512 nullum
1251 4459 1281 4527 1)
1306 4459 1369 4515 Mos
1391 4461 1435 4514 hic
1460 4498 1466 4512 .
1493 4501 1499 4514 .
1523 4497 1530 4511 .
1555 4500 1562 4513 .
1586 4461 1712 4528 pertinet.
1754 4460 1850 4514 Verrio
1870 4461 1979 4583 Kalaa
2001 4461 2166 4530 amparare

145 4547 287 4610 usquam
307 4530 493 4608 verbulum,
523 4551 558 4596 ΒΘ
579 4537 790 4609 mmmm,
817 4531 883 4595 njgi
904 4531 981 4613 quja
1001 4530 1037 4594 in
1059 4552 1129 4596 om.
1182 4529 1281 4584 babet:
1303 4527 1341 4583 0r
1359 4536 1433 4584 ceste
1454 4528 1534 4597 faqon
1553 4528 1585 4582 de
1604 4529 1696 4597 parler
1720 4537 1763 4584 est
1784 4545 1869 4598 proce
1890 4530 1921 4584 ιι
1940 4529 1973 4584 de
1992 4545 2024 4584 oe
2049 4547 2103 4600 que
2123 4531 2165 4588 les

146 4613 245 4678 nibus
268 4621 345 4677 sunt
364 4616 589 4700 praeposteri?
623 4616 810 4694 Caeterum,
833 4638 934 4700 quum
955 4617 1045 4682 sanis
1059 4637 1129 4681 om,
1183 4598 1336 4667 Prophetes
1360 4597 1600 4678 accommodoyent
1622 4597 1650 4651 la
1670 4597 1798 4678 ,docmina
1824 4600 1841 4653 l
1864 4598 1924 4653 leur
1952 4606 2041 4721 temps
2064 4601 2166 4668 auqud

1120 4703 1127 4717 .
1183 4673 1333 4736 regnoyent
1356 4667 1397 4720 les
1421 4682 1595 4721 ceremonias.
1631 4666 1718 4736 Bnet,
1743 4683 1804 4735 puis
1828 4682 1880 4735 que
1903 4667 1984 4722 telles
2019 4683 2105 4737 aqons
2129 4669 2163 4724 de

145 4697 244 4765 nibus
266 4701 615 4786 oensoetfliml'llssiwrr
637 4701 1128 4787 ¹¹¹⁰&l³f⁰llh⁰l100degignan
1183 4735 1276 4802 parler
1306 4741 1415 4815 sentent
1442 4735 1483 4789 les
1514 4735 1621 4815 ombres
1650 4735 1684 4789 de
1713 4736 1741 4789 la
1771 4735 1830 4815 hey
1859 4742 1888 4788 ιι
1918 4736 1958 4791 ιιι
1988 4735 2093 4805 figrrres
2117 4755 2165 4792 an-

1182 4805 1299 4871 dernes,
1317 4804 1335 4856 ιι
1353 4819 1423 4858 nous
1441 4819 1475 4857 en
1493 4803 1552 4858 faut
1569 4811 1665 4859 rehrer
1679 4804 1706 4858 la
1723 4805 1808 4858 vante
1827 4805 1986 4872 spirituelle.

363 4938 368 4950 ι
685 4866 691 4879 “
1249 4869 1281 4936 2)
1298 4886 1332 4925 sn
1350 4879 1413 4927 tous
1430 4872 1472 4926 les
1489 4874 1635 4927 eserivains
1662 4880 1690 4928 et
1707 4873 1931 4941 principalement
1955 4889 2009 4928 aux
2033 4873 2166 4930 docteurs

216 4939 247 5006 1)
265 4937 383 4993 Addnort
401 4937 507 4993 Gallos.
525 4939 592 4994 Bes.
608 4940 696 4998 Amet.
1180 4941 1214 4996 de
1232 4939 1352 5010 l'Flglise.
1420 4976 1423 4983 ·

215 5008 246 5072 2)
264 5016 354 5062 tamen
373 5006 439 5061 Bes.
455 5015 481 5062 et
496 5008 584 5062 Amat.
1247 5008 1278 5072 3)
1299 5009 1446 5063 Arnobiurn
1463 5024 1513 5063 om.
1534 5008 1639 5064 Gallos.

215 5078 245 5144 3)
264 5075 338 5131 Adel.
357 5074 424 5157 e'est
441 5079 459 5132 ι
475 5076 533 5132 dire
550 5077 681 5159 louanges
699 5085 728 5133 et
743 5080 856 5149 prieres,
874 5079 965 5148 quand
975 5095 1044 5135 nous
1063 5078 1125 5135 sub·
1246 5076 1277 5144 4)
1295 5075 1377 5159 qu’ila
1398 5093 1432 5131 ne
1456 5094 1526 5133 nous
1547 5077 1640 5134 latent
1660 5093 1711 5146 pas
1730 5080 1752 5135 si
1775 5079 1861 5146 grand
1884 5080 1941 5134 sive
1967 5079 2001 5134 de
2026 5078 2166 5137 l’autoritt

144 5162 249 5203 venons
267 5147 301 5202 de
318 5161 372 5201 noa
388 5146 466 5201 biens
482 5148 500 5202 l
517 5159 586 5200 ceux
603 5162 649 5215 qur
667 5153 730 5201 sont
747 5162 780 5201 en
797 5149 940 5204 necessita
1176 5147 1225 5202 des
1243 5161 1352 5202 enciens
1369 5151 1416 5201 eto.
