4590 5902
467 1265 802 1333 TIGURINORUM
823 1263 1089 1333 RESPONSIO
1112 1264 1176 1330 AD
1199 1265 1241 1330 D.
1265 1263 1462 1330 CALVINI
1484 1263 1730 1333 SCRIPTUM.
1749 1268 1774 1351 ¹)

109 1472 372 1545 nochum
407 1469 706 1539 GENDVENSIS
739 1470 854 1537 FIDO
882 1468 1085 1537 PASTORI
1116 1470 1159 1535 D.
1189 1468 1358 1535 IOANNI
1386 1469 1611 1550 CALVINO,
1642 1472 1820 1538 FRATRI
1859 1472 2126 1571 CARISSIMQ,

351 1572 593 1643 PASTORES
617 1572 962 1656 DOCTORESQUE
984 1570 1201 1640 Mlulsnm
1222 1570 1483 1639 TIGURINAE
1505 1572 1767 1642 ECOIAESIAE
1790 1574 1824 1643 S.
1843 1574 1887 1641 D.

198 1765 488 1849 [pag.2011npens
517 1770 607 1829 tunm
633 1763 789 1841 studium,
820 1761 964 1841 Celsine,
989 1764 1092 1845 trater
1144 1766 1231 1833 nerrt.
1267 1766 1333 1826 tum
1360 1782 1513 1841 sernrone,
1541 1768 1608 1826 tum
1633 1765 1770 1844 scriptis.
1817 1762 1881 1829 Sed
1900 1786 2023 1847 parum
2048 1775 2128 1834 esset

109 1855 145 1919 iu
166 1851 304 1919 Domino
324 1850 552 1927 colendissimo,
581 1854 723 1929 etopero
743 1848 869 1928 sedule,
896 1847 1010 1929 quibus
1030 1869 1093 1914 mo
1144 1848 1305 1912 ceritatem
1332 1847 1551 1930 inoestipatam
1578 1853 1606 1913 et
1631 1848 1854 1930 deprehensam
1886 1853 1973 1932 apud
1997 1872 2049 1917 eos
2080 1874 2128 1920 re·

110 1940 185 2007 liris
203 1938 379 2004 doctrinam
398 1936 436 2000 de
456 1935 662 2000 sacramentis
683 1934 802 1998 indies
819 1934 1023 1999 iiltcstriorem
1042 1934 1093 2016 sa-
1144 1933 1247 2012 tineri,
1268 1932 1335 1997 nisi
1356 1934 1433 1999 aliis
1450 1953 1570 2015 quoque
1590 1933 1767 1999 hominibus
1786 1956 1824 2000 ea
1834 1936 1984 2018 patefiat.-
1995 1938 2129 2018 plenius

109 2045 185 2105 cere,
207 2045 245 2089 ao
262 2023 366 2088 tollere
387 2022 569 2103 ott'ensiones
589 2042 605 2086 e
626 2018 732 2084 medio
748 2019 886 2098 eeclesia,
908 2040 989 2102 quoe
1006 2019 1092 2084 obor-
1144 2019 1294 2100 appositis
1319 2019 1377 2097 iis,
1404 2039 1485 2100 quae
1508 2022 1643 2101 parcius
1663 2021 1806 2086 inducto
1826 2024 1970 2101 suumn,
1996 2029 2025 2089 et
2045 2024 2128 2107 quod

109 2116 161 2177 tae
175 2110 323 2175 oidentru
343 2128 383 2173 en
400 2107 576 2172 obscuriore
597 2105 736 2188 quadam
757 2106 961 2187 admotione
981 2110 1092 2189 myste-
1144 2103 1307 2169 obsurrius
1331 2106 1437 2185 fumat
1469 2106 1601 2185 dictum,
1634 2107 1806 2172 notioribus
1835 2108 1937 2173 cabis
1963 2111 2127 2176 enunciata

107 2197 243 2263 riorum
264 2194 344 2259 adeo
365 2193 446 2257 nihil
466 2192 624 2256 molestiae
644 2190 733 2256 nobis
754 2191 911 2273 adferunt,
934 2197 1017 2257 uteo
1031 2210 1094 2255 non
1143 2190 1282 2271 quodque
1302 2190 1446 2274 ombipne
1464 2192 1572 2273 fumat
1592 2193 1800 2271 annunciatum,
1823 2195 1923 2273 certis,
1941 2196 2128 2278 propriiaet

109 2280 202 2349 medo
222 2280 316 2346 laude
336 2298 374 2343 ue
394 2278 628 2359 praedicatione
649 2276 760 2359 dipna,
788 2277 1013 2342 verumetiam
1029 2294 1093 2358 pro
1143 2275 1395 2357 upreifieanhbus
1419 2276 1544 2343 nonme
1570 2277 1733 2343 dumento.
1780 2280 1867 2360 Quae
1893 2283 1979 2345 ratio
2006 2300 2128 2364 semper

109 2373 219 2433 nostra
242 2366 329 2431 cirili
352 2372 378 2429 et
399 2363 584 2429 adiuvanda
605 2382 671 2427 esse
692 2369 721 2427 et
741 2363 1092 2429 imitandeindieernns.
1143 2361 1359 2427 eoehnastiois
1375 2363 1525 2441 patribus
1544 2363 1673 2443 placuit,
1695 2369 1725 2428 et
1746 2365 1782 2428 in
1792 2367 2007 2431 omhouersiis
2026 2368 2065 2432 de
2078 2386 2127 2432 re-

112 2454 218 2535 Quum
246 2453 330 2514 enim
357 2454 574 2514 sacrosanctae
601 2447 682 2531 lepes
706 2450 863 2529 principis
892 2450 990 2514 nostri
1018 2448 1095 2513 Iesu
1145 2446 1259 2530 lipione
1285 2449 1502 2534 componendis
1526 2449 1668 2514 adhibito
1694 2454 1739 2515 est
1764 2452 1965 2533 saepissime,
1993 2457 2021 2517 et
2046 2474 2127 2518 nun

112 2538 231 2604 Christi
254 2557 358 2600 omnes
380 2536 513 2599 actiones
541 2534 678 2614 referant
699 2535 742 2598 od
765 2535 921 2599 culturam
944 2539 1018 2613 [pag.
1038 2537 1093 2611 21]
1144 2553 1240 2613 quam
1261 2552 1323 2597 non
1349 2534 1503 2598 solidaris
1528 2535 1593 2617 fuit
1619 2534 1777 2600 eeclesiae:
1801 2537 1933 2618 denique
1954 2537 2127 2619 approbata

108 2623 266 2701 caritatis,
285 2622 486 2702 studiumque
506 2624 649 2683 mutuum
667 2621 809 2698 iuvartdi,
830 2620 913 2685 nihil
933 2621 1027 2684 etiam
1049 2638 1095 2682 se-
1145 2623 1191 2682 est
1219 2638 1340 2683 summo
1372 2620 1508 2701 ecemplo
1537 2620 1748 2702 apostolorum
1778 2620 1897 2686 Christi
1923 2622 2056 2688 Domini
2090 2643 2127 2688 aa

108 2709 219 2775 uerius
234 2706 407 2788 prohibent,
426 2725 521 2785 quom
542 2709 577 2768 nt
597 2705 684 2769 nllus
705 2706 830 2770 obiiciat
850 2706 943 2771 alteri
964 2704 1095 2785 impedi·
1145 2703 1211 2768 Dei
1237 2704 1344 2768 nostri.
1391 2705 1479 2768 Nem
1499 2711 1535 2770 nt
1554 2708 1591 2770 in
1616 2707 1704 2769 Actis
1726 2707 1859 2789 lepimus
1880 2709 1983 2788 capite
2008 2710 2125 2776 decium

107 2799 264 2871 mentum,
294 2813 355 2873 quo
382 2793 488 2854 nrirrns
517 2791 564 2854 oei
591 2796 669 2855 reete
696 2812 823 2871 cerepue
849 2792 966 2856 indicet
991 2791 1029 2856 de
1051 2789 1096 2853 iis
1145 2790 1260 2869 quinto,
1282 2810 1344 2853 non
1366 2790 1430 2855 alio
1449 2791 1538 2856 modo
1560 2811 1598 2856 aa
1618 2792 1674 2856 oia
1694 2793 1806 2858 sedate
1828 2798 1872 2858 est
1893 2795 2039 2858 maxima
2061 2795 2126 2860 dis·

106 2879 211 2957 rebus,
233 2899 369 2959 quorum
396 2878 507 2941 cratitio
535 2877 713 2940 necessaria
733 2882 792 2954 est,
821 2883 878 2941 aut
904 2881 980 2940 certe
1005 2875 1096 2940 utilis
1146 2875 1256 2951 senecia,
1279 2895 1374 2955 qutun
1386 2876 1527 2956 apostoli,
1550 2877 1798 2958 etopostolorum
1808 2881 1954 2961 parmeni
1975 2880 2127 2962 discipuli

107 2971 140 3029 et
168 2964 323 3029 salutaris
356 2961 547 3026 hominibus:
580 2961 627 3024 oel
653 2963 760 3026 minus
789 2967 928 3042 praestet
955 2960 1096 3043 officinm
1145 2959 1286 3024 docerent
1303 2959 1424 3040 fiducia
1452 2963 1487 3024 in
1508 2982 1617 3027 nomen
1640 2961 1758 3027 Christi
1786 2969 1859 3042 [pag.
1881 2971 1935 3043 23]
1951 2966 2128 3046 purificari

106 3070 217 3128 munt,
239 3049 320 3130 qnod
342 3052 409 3111 tum
431 3047 513 3123 Deo,
541 3052 607 3110 tum
626 3048 787 3128 proximis
808 3048 948 3112 debetur:
976 3047 1095 3111 eadem-
1146 3046 1256 3121 cordo,
1285 3047 1405 3110 eteius
1429 3047 1529 3112 solius
1553 3049 1663 3131 pratia
1690 3051 1815 3113 serrari
1840 3048 1995 3114 homines:
2022 3052 2127 3132 aliqui

107 3157 171 3219 qne
191 3136 346 3219 pravitate
358 3133 387 3213 ²)
416 3133 520 3197 iubent
539 3152 746 3211 summouere,
774 3139 928 3214 quantum
949 3131 1022 3212 heri
1037 3152 1095 3212 po
1145 3131 1362 3206 contenderent,
1385 3139 1523 3213 oportere
1543 3134 1732 3211 circumcidi,
1755 3139 1783 3197 et
1803 3136 1927 3199 suuari
1948 3136 2044 3219 lepem
2063 3157 2127 3201 mo·

108 3227 183 3300 test,
211 3219 413 3301 offendicula,
448 3219 483 3282 in
511 3238 591 3296 qliae
618 3219 792 3300 impinpere
819 3220 914 3284 solerrt
947 3218 1094 3282 homines.
1145 3218 1273 3281 saicone.
1318 3216 1447 3298 Itaque,
1475 3238 1536 3281 non
1557 3238 1729 3300 pessumire
1755 3239 1816 3283 non
1842 3240 2036 3302 summopere
2049 3243 2126 3305 pro

113 3306 322 3386 &comunem
339 3324 435 3370 cansa
449 3304 494 3365 tui
518 3304 667 3367 adventus
684 3305 726 3366 ad
738 3324 801 3382 nos,
825 3310 853 3367 et
863 3304 906 3369 D.
922 3303 1096 3368 Guilhelmi
1145 3302 1227 3378 hore,
1243 3300 1380 3380 Caloine,
1402 3323 1474 3367 core
1493 3304 1606 3385 trater,
1626 3309 1695 3368 tuos
1711 3310 1833 3369 sanctos
1855 3311 1991 3387 carnotus,
2014 3310 2044 3373 et
2062 3327 2125 3373 orn

111 3391 241 3457 Farelli
269 3390 440 3455 venerandi-
474 3388 560 3451 nobis
592 3390 723 3469 fratris,
755 3389 975 3454 honestissima
1007 3387 1096 3453 nohis
1145 3388 1235 3451 nium
1251 3388 1395 3467 piorum,
1423 3389 1479 3467 qni
1500 3390 1621 3454 student
1646 3389 1769 3455 idanus
1790 3392 1966 3457 rationibus
1986 3392 2127 3474 offnuio-

107 3479 184 3542 visa
205 3482 257 3555 est,
279 3477 358 3540 etin
376 3475 495 3556 prirnis
517 3474 706 3556 dipnoeiris
726 3475 956 3540 ecciesiasticis:
978 3479 1013 3537 ut
1024 3475 1096 3555 pri·
1145 3492 1199 3536 ncs
1218 3472 1334 3550 nune,
1363 3479 1392 3536 et
1412 3473 1596 3554 labefactam
1616 3494 1730 3558 pacem
1751 3481 1843 3558 atque
1864 3478 2128 3559 tranquillitatem

107 3583 200 3627 ntum
219 3561 379 3642 familiari
400 3559 555 3640 colloquio,
585 3580 680 3639 qinom
701 3561 934 3641 simplicissime
955 3561 1094 3640 malaci)
1145 3558 1287 3623 ecclesiae
1311 3559 1504 3638 instaurare,
1535 3561 1612 3625 dum
1628 3560 1836 3627 christianam
1856 3564 2031 3629 doctrinam
2052 3566 2127 3628 sinr-

108 3668 334 3728 exporterernns
355 3651 494 3710 nostram
514 3646 697 3709 sententiam
714 3647 752 3711 de
769 3646 982 3723 sacramentis,
999 3665 1095 3726 prae·
1139 3643 1221 3724 plici
1240 3663 1277 3707 ac
1310 3650 1456 3709 aaaron
1480 3646 1697 3725 explicatione,
1730 3650 1833 3732 mapis
1866 3650 2028 3733 mapispne
2054 3651 2127 3715 illu-

106 3735 221 3799 sertim
243 3735 279 3796 in
303 3734 344 3796 iis
365 3731 536 3813 capitibus,
559 3732 593 3793 in
617 3731 732 3810 quibus
752 3731 862 3812 aliquo
883 3737 960 3796 certe
981 3736 1096 3795 contro
1144 3735 1239 3794 strem
1260 3749 1297 3794 ao
1312 3730 1448 3811 planam
1470 3731 1598 3795 reddere
1618 3733 1772 3813 nituntur,
1794 3739 1823 3798 et
1843 3755 1945 3799 uanos
1966 3737 2127 3815 opiniones

107 3819 220 3884 versia
241 3819 390 3882 hactenus
405 3819 484 3898 tuit,
511 3818 592 3880 inter
621 3818 746 3897 eosqui
767 3837 830 3897 per
851 3822 970 3883 caetera
990 3817 1096 3897 capito
1144 3815 1321 3880 discordiae
1342 3818 1477 3881 eximere
1498 3817 1633 3880 animis:
1664 3822 1721 3881 aut
1738 3840 1788 3884 eos
1809 3822 1917 3898 diam,
1946 3822 2002 3902 qui
2022 3822 2127 3887 verbis

106 3904 312 3969 sinceriorem
334 3903 486 3985 eoartpelii
507 3903 681 3966 cioctrinom
699 3924 813 3985 rnopno
825 3923 975 3968 consensu
994 3903 1095 3967 trodi-
1144 3906 1173 3965 et
1193 3902 1352 3965 sententiis
1372 3902 1516 3967 nonnihil
1526 3901 1728 3982 disciderunt,
1749 3905 1786 3969 in
1806 3926 1921 3984 reram,
1944 3906 2126 3972 solidamet

108 3990 241 4055 derunt:
270 3989 379 4054 deinde
401 4008 581 4052 messenum
600 3993 739 4051 nostrum
761 3990 843 4053 edito
871 3990 904 4052 in
927 3988 1093 4069 publicum
1144 3991 1284 4050 sanctam
1306 3988 1502 4052 concordiam
1522 3987 1674 4052 reducere.

106 4075 228 4158 scripto
248 4080 441 4138 testaremur.
488 4072 621 4136 biellam
650 4075 733 4138 enim
761 4075 861 4139 aliam
888 4075 974 4138 rhem
995 4078 1023 4137 et
1043 4095 1096 4138 ra·
1232 4070 1408 4146 Onetor-rem,
1441 4079 1478 4138 ut
1507 4073 1715 4155 prhlicotiane
1740 4072 1867 4153 scripti,
1900 4096 1960 4158 pao
1985 4082 2126 4143 nostrum

105 4160 226 4227 tionem
249 4160 483 4226 commodiorem
508 4159 663 4236 ridemus,
692 4181 756 4240 qno
777 4160 1004 4224 controversiae
1024 4158 1096 4223 reli-
1144 4176 1325 4221 consensum
1345 4159 1430 4224 clare
1450 4161 1559 4224 testari
1577 4159 1734 4224 celerinus
1754 4159 1827 4239 piis
1853 4162 1946 4226 irate
1967 4167 1996 4227 et
2017 4164 2126 4228 adoer-

103 4246 216 4332 9ionis
236 4246 446 4321 dirimentur,
475 4249 529 4308 aut
545 4245 710 4324 pellentur
738 4249 812 4323 [pag.
833 4250 886 4322 22]
914 4265 1015 4309 oenoe
1042 4263 1095 4307 su-
1143 4243 1244 4307 sariis
1264 4245 1414 4322 naumis,
1437 4266 1506 4310 enm
1527 4265 1686 4325 sperum
1704 4248 1851 4326 tirretnm,
1878 4266 1969 4325 quern
1988 4250 2024 4312 in
2045 4250 2127 4329 cpis-

105 4331 283 4414 spiciones,
305 4331 360 4395 ubi
381 4332 596 4410 discrepo-ntia
614 4330 703 4394 nulla
726 4332 860 4408 exsistit,
884 4335 941 4394 aut
963 4330 1095 4409 eiectique
1144 4327 1207 4392 tola
1228 4333 1283 4392 tua
1305 4330 1468 4409 ominaris,
1491 4332 1574 4412 facto
1595 4332 1662 4395 iarn
1673 4330 1815 4412 menie
1836 4329 1930 4394 etiam
1944 4335 1966 4415 ¹)
1995 4334 2127 4400 adduci-

105 4416 264 4482 tollantur
284 4417 474 4498 effusiones
497 4436 576 4496 quae
596 4417 685 4480 trasei
699 4435 921 4496 nonrtunquam
943 4415 1040 4480 solent
1059 4415 1095 4478 in
1143 4433 1224 4477 mur.
1261 4414 1348 4478 Nam
1368 4416 1540 4494 formulam
1560 4422 1689 4480 mutuae
1710 4421 1833 4479 nostrae
1854 4419 2065 4485 consensionis
2082 4418 2128 4487 ad

105 4501 242 4569 aedesio
274 4501 338 4566 Dei
370 4522 408 4565 en
441 4502 613 4566 decennium
647 4503 850 4567 controversis
886 4498 1094 4583 opinionibus,
1142 4500 1259 4580 tratres
1279 4498 1440 4581 alienos2)
1461 4503 1707 4579 transmisimus,
1729 4506 1757 4566 et
1776 4500 1827 4566 hic
1849 4500 2046 4568 exhibuimus
2066 4504 2128 4573 aii·

103 4607 210 4672 qrram
231 4589 261 4651 si
276 4593 394 4670 portes,
412 4608 492 4669 quae
513 4587 678 4652 dissentire
698 4587 859 4666 videntur,
888 4592 944 4651 aut
964 4607 999 4650 re
1020 4607 1095 4650 uero
1144 4590 1216 4665 quoi
1239 4586 1322 4649 uiris
1350 4585 1510 4652 Christum
1537 4593 1566 4652 et
1591 4588 1750 4652 urnam
1781 4587 2000 4671 diluentibus,
2028 4608 2128 4672 neque

102 4674 316 4753 dissentiunt,
346 4675 477 4738 inuicem
506 4674 703 4754 apertissime
722 4693 816 4738 suam
836 4678 965 4737 mentem
986 4672 1095 4752 expla-
1144 4671 1302 4752 imperitis
1330 4691 1438 4737 rerum
1464 4693 1644 4738 sacrarum:
1679 4677 1753 4752 [pag.
1783 4678 1838 4753 tt]
1865 4676 1922 4756 qui
1949 4696 2013 4740 non
2036 4676 2127 4742 modo

1146 4762 1335 4839 optumrum
1342 4759 1369 4837 ³)
1393 4759 1474 4823 inter
1485 4758 1713 4823 noseonaenire
1733 4760 1770 4824 in
1790 4761 1834 4826 iis
1855 4762 1950 4826 etiam
1962 4760 2127 4844 capitibus,

183 4978 213 5043 1)
231 4978 315 5034 Hane
330 4980 470 5033 rubricam
488 4981 548 5034 sola
565 4980 671 5034 exhibet
685 4983 815 5048 princeps
836 4980 1000 5036 Turietnrit.
1214 4979 1244 5039 1]
1262 4981 1344 5034 etiam
1361 4994 1412 5033 ont.
1430 4978 1490 5034 edd.
1511 4978 1611 5035 enee.

182 5044 213 5111 2)
231 5050 377 5115 gratuitate
397 5047 486 5116 Orisp.
505 5056 531 5102 et
550 5047 655 5102 Callae.
675 5050 819 5117 (ἡμων).
1214 5046 1245 5113 2)
1263 5048 1369 5116 aliquot
1385 5046 1463 5103 Besa
1480 5049 1567 5103 Amet.

182 5114 215 5181 3)
231 5125 351 5171 mutuum
375 5115 465 5172 Turio.
1215 5115 1245 5183 3)
1264 5125 1456 5186 sonaverunt
1491 5117 1567 5173 ΕΜ.
1587 5116 1685 5173 (lemen

1868 5204 1920 5258 tt·
