4590 5902
94 232 156 294 597
828 224 1189 295 REFORMANDAE
1212 227 1367 295 RATIO.
2042 235 2108 297 698

93 416 218 501 quoties
240 415 282 481 od
304 416 369 481 Dei
392 414 537 480 tribuual
560 421 722 480 vocantur
744 416 972 494 conscientiae,
1000 416 1074 498 ipsa
1124 415 1290 499 operibns,
1321 416 1415 500 quasi
1443 415 1605 495 debitum,
1644 416 1790 500 rependi.
1845 415 1987 516 Semper
2018 418 2109 486 enim

91 502 160 571 sola
187 503 339 567 emineat.
383 502 437 567 Ita
458 504 528 580 fiet,
557 508 595 564 ut
621 521 758 582 operum
785 501 928 578 iustitia,
951 501 1073 584 qualis·
1125 502 1190 566 hnc
1219 500 1439 567 redeundum:
1467 503 1563 568 sicuti
1591 503 1718 568 nullam
1739 523 1812 569 esse
1833 502 1994 570 iustitlam
2016 506 2110 572 Deus

93 609 221 671 cunque
249 608 321 653 esse
355 589 388 651 in
418 586 510 652 nobis
537 594 658 669 potest,
687 587 722 649 in
755 586 905 651 ordinem
933 607 1031 652 suum
1048 587 1072 667 ¹)
1148 588 1330 666 ronunoiat,
1354 589 1418 655 nisi
1440 588 1476 652 in
1498 588 1643 671 perfecta
1663 588 1746 673 legis
1764 586 1959 670 obedientia,
1977 591 2032 669 ita,
2054 593 2110 656 ni·

93 683 212 751 macto,
235 672 285 738 illi
307 673 442 737 minime
464 672 569 738 veluti
597 670 639 736 ad
666 672 855 736 conflictum
876 680 1072 755 opponatur.
1125 608 1174 738 dil
1208 673 1358 738 homines
1385 674 1583 756 promereri,
1610 674 1675 739 nisi
1707 674 1817 740 omnia
1845 673 1928 759 legis
1950 674 2110 743 mandata

93 761 139 827 st
165 780 246 826 saue
273 779 415 843 aequum
445 768 509 835 est,
539 779 641 840 quum
672 757 753 823 haec
773 757 815 821 ab
842 757 901 822 illa
922 757 1072 841 pendeat,
1125 760 1160 823 in
1188 757 1330 823 solidum
1357 765 1533 842 praestent
1578 757 1739 843 Quisquis
1770 761 1858 825 enim
1886 760 1939 825 vel
1972 762 2009 826 in
2040 782 2110 827 uno

94 846 140 912 ita
164 843 391 918 subordinari,
421 855 457 908 ut
484 852 587 908 totam
615 842 662 906 illi
691 845 929 926 possessionem
958 844 993 908 in
1015 842 1074 909 ho·
1126 845 1217 927 apice
1250 842 1420 923 defecerit,
1449 865 1526 910 eum
1553 852 1666 911 manet
1692 853 1826 911 aeterna
1851 845 2055 925 maledictio,
2081 847 2111 912 si

94 933 193 996 minis
215 929 321 996 saluts
343 930 517 1012 relinquat.
551 928 621 994 Nec
643 925 778 993 dubium
801 937 860 1006 est,
883 929 965 1012 quin
986 929 1074 993 Pau·
1127 930 1200 993 iure
1222 949 1297 994 cum
1318 929 1392 1013 ipso
1413 936 1539 1014 agatur.
1584 927 1696 1011 Quare
1719 931 1953 1014 promissiones
1975 933 2110 998 univer·

95 1017 160 1096 lus,
189 1015 245 1081 ubi
274 1015 422 1098 disputat
450 1014 491 1079 de
513 1014 659 1078 hominis
681 1014 928 1092 iustificatione,
955 1016 990 1078 in
1014 1014 1075 1079 hoo
1127 1035 1195 1091 sas,
1228 1035 1312 1096 quae
1344 1020 1477 1098 paetum
1504 1013 1588 1099 legis
1616 1016 1805 1100 implendae
1826 1016 2013 1096 continent,
2041 1037 2109 1082 non

96 1124 160 1168 uno
181 1103 287 1185 eapite
311 1113 474 1178 versetur,
498 1099 659 1183 quomodo
681 1100 790 1164 Deum
813 1099 876 1165 sibi
897 1100 1076 1183 propitium
1127 1100 1255 1165 dubitat
1280 1100 1405 1165 Paulus
1433 1101 1545 1165 irritas
1564 1100 1687 1180 faeere,
1718 1100 1821 1167 donec
1847 1103 2013 1186 gratuitae
2035 1123 2112 1184 pro·

94 1209 165 1255 esse
184 1195 318 1254 statuat.
363 1186 428 1250 Hic
451 1207 516 1249 non
539 1183 581 1250 ad
602 1184 794 1267 qualitatem
816 1184 911 1250 nobis
932 1185 1076 1250 infusam
1127 1185 1293 1251 missionis
1314 1186 1472 1252 benefimo
1488 1186 1662 1270 mitigatus
1684 1187 1784 1252 fuerit
1805 1186 1861 1251 ille
1884 1188 1982 1271 rigor.
2027 1188 2112 1253 Pro-

95 1295 153 1340 noe
174 1282 318 1348 revocat,
340 1272 397 1338 sod
420 1272 598 1354 praeterita
620 1291 756 1353 operum
777 1272 955 1349 mantione,
978 1290 1076 1352 quae·
1127 1271 1316 1336 missionem
1339 1272 1519 1355 gratuitam
1541 1272 1673 1355 accipio,
1696 1293 1764 1337 non
1780 1272 1923 1356 qualiter
1943 1273 2041 1338 multi
2060 1294 2113 1338 so·

95 1358 232 1425 rendam
248 1365 345 1423 extra
362 1378 422 1423 nos
439 1357 601 1423 iustitiam
619 1377 691 1422 esse
709 1355 813 1422 docet.
842 1357 974 1439 Alioqui
992 1377 1077 1420 nun·
1128 1357 1214 1422 lent:
1249 1357 1325 1439 qnia
1361 1378 1462 1439 quum
1489 1377 1550 1422 nos
1578 1369 1611 1421 ιι
1643 1369 1757 1424 nostra
1789 1359 1900 1424 omnia
1934 1357 2111 1424 debeamus

96 1464 193 1529 quam
216 1444 316 1511 stabit
338 1443 403 1521 illa,
426 1463 526 1526 quam
548 1449 716 1524 tantopere
733 1442 855 1524 ubique
874 1448 981 1526 urget,
999 1440 1077 1506 fidei
1129 1444 1216 1520 Deo,
1246 1443 1316 1525 ipso
1344 1442 1430 1507 ultro
1457 1451 1490 1506 et
1516 1442 1695 1507 liberaliter
1728 1443 1897 1527 operibus,
1929 1464 2013 1527 quae
2040 1444 2114 1508 iure

97 1528 267 1597 certitudo.
316 1528 425 1594 Multo
453 1528 562 1592 minus
584 1527 642 1591 illa
669 1528 757 1592 inter
784 1526 862 1592 fidei
884 1533 918 1592 ιι
939 1547 1077 1610 operum
1129 1548 1188 1593 suo
1208 1529 1342 1611 exigere
1369 1527 1505 1593 anobis
1527 1536 1672 1611 poterat,
1698 1528 1885 1595 mercedem
1906 1529 2112 1612 promiserit:

97 1615 257 1682 iustitiam
285 1614 474 1690 antithesis,
504 1633 603 1695 quam
624 1613 721 1677 affert
742 1611 869 1678 docimo
891 1612 933 1678 ad
953 1613 1077 1676 Roma-
1129 1612 1186 1679 sed
1209 1613 1286 1696 quia
1307 1611 1491 1678 mercedem
1513 1633 1556 1677 ex
1577 1614 1764 1678 voluntaria
1785 1613 1896 1696 potius
1916 1614 2040 1679 favoris
2062 1614 2115 1679 sui

96 1722 155 1767 nos
183 1701 331 1784 capite2)
354 1700 399 1782 (v.
421 1699 464 1782 3).
507 1699 607 1782 Ergo,
631 1699 694 1763 nisi
720 1697 835 1763 ludere
856 1699 892 1762 in
923 1702 996 1776 [pag.
1020 1701 1075 1776 84]
1129 1699 1328 1782 dignatione,
1342 1701 1367 1781 ¹)
1397 1719 1496 1780 quam
1518 1720 1561 1763 ex
1586 1700 1719 1782 propria
1740 1719 1854 1764 sorum
1876 1698 2037 1782 dignitate
2060 1720 2113 1765 as·
2191 1740 2194 1746 ‹

98 1808 132 1852 rs
155 1796 224 1851 tam
250 1787 335 1850 seria
362 1785 467 1861 lubet,
498 1783 584 1866 quod
614 1784 713 1848 nimis
740 1783 960 1865 periculosum
982 1783 1075 1859 foret,
1128 1785 1246 1868 signat.
1291 1784 1379 1848 Nam
1400 1783 1458 1848 illa
1502 1785 1630 1849 uamvis
1653 1785 1797 1851 liberalis
1819 1784 2008 1867 promissio,
2028 1804 2114 1868 quse

98 1870 270 1938 retinenda
295 1879 347 1936 est
372 1870 466 1936 verbi
493 1869 695 1952 proprietas,
729 1889 812 1951 quae
839 1870 888 1933 rai
915 1869 1077 1952 cognitio-
1128 1876 1224 1952 pacto
1243 1869 1326 1953 legis
1347 1869 1472 1952 implen
1556 1890 1688 1934 annexa
1710 1879 1776 1948 est,
1805 1891 1866 1953 per
1888 1890 1923 1936 se
1945 1869 2031 1934 nihil
2052 1888 2114 1937 nos

99 1957 213 2038 nem')
241 1975 353 2022 secum
381 1955 493 2020 trahit.
549 1954 636 2019 Nam
658 1956 686 2018 ιι
714 1974 784 2017 rem
806 1953 900 2019 nobis
922 1952 1078 2018 concede·
1128 1957 1237 2020 iuvat:
1266 1954 1342 2037 quia
1368 1975 1480 2033 nemo,
1514 1956 1570 2036 qui
1597 1955 1702 2021 officio
1735 1976 1796 2021 suo
1829 1955 2022 2034 satisfaciat,
2052 1976 2116 2021 un·

100 2053 181 2120 rent,
204 2043 260 2124 qui
275 2041 359 2107 hane
377 2041 544 2106 doctrinae
562 2047 692 2122 partem
709 2039 886 2105 involvunt
904 2041 971 2104 suis
990 2058 1076 2105 com-
1101 2011 1105 2069 Ι
1129 2061 1228 2123 quam
1249 2040 1441 2122 reperietur.
1485 2039 1630 2105 Proinde
1651 2061 1756 2106 novae
1782 2041 1904 2106 iterum
1926 2041 2117 2123 promissio-

100 2129 232 2201 mentis,
261 2147 281 2191 e
304 2147 324 2191 o
352 2136 520 2193 certamen
548 2125 588 2189 de
609 2124 711 2189 verbo
741 2124 834 2190 facile
864 2124 1077 2189 remitterem.
1129 2127 1181 2190 nis
1204 2125 1349 2191 subsidio
1372 2145 1454 2208 opus
1476 2133 1540 2190 est:
1564 2134 1601 2190 ut
1623 2125 1748 2191 seilicet
1764 2124 1836 2190 ideo
1853 2128 2038 2210 praemium
2055 2126 2117 2191 ba·

100 2212 163 2280 Sed
191 2214 247 2296 qui
276 2148 357 2278 duas
390 2214 478 2276 inter
511 2232 547 2275 se
575 2211 718 2275 iustitias
745 2211 973 2289 committunt,
1003 2208 1079 2308 quia
1129 2213 1228 2278 beant
1249 2231 1365 2295 opera,
1393 2210 1568 2294 quiscum
1589 2212 1687 2275 venia
1709 2211 1847 2294 placent
1858 2213 1888 2294 2)
1931 2211 1985 2275 Ita
2005 2213 2053 2292 fit,
2075 2217 2117 2276 ut

100 2298 157 2365 boo
184 2297 387 2376 moliuntur,
414 2317 457 2361 ne
479 2296 625 2380 gratuita
647 2297 690 2360 sit
712 2297 749 2360 in
771 2295 911 2361 solidum
934 2294 1077 2360 hominis
1129 2317 1197 2361 non
1214 2296 1407 2361 fraudentur
1429 2316 1488 2378 spe
1510 2296 1670 2362 mercedis
1691 2296 1814 2374 fideles,
1833 2297 1890 2380 qui
1912 2295 1979 2362 illis
1996 2296 2116 2364 stimu-

100 2384 231 2461 iustitia‚
256 2403 460 2466 nequaquam
482 2381 611 2446 ferendi
633 2390 720 2446 sunt.
1129 2382 1182 2446 lus
1205 2401 1276 2447 esse
1299 2381 1395 2446 debet
1416 2380 1459 2446 ad
1480 2380 1641 2447 bonorum
1662 2402 1798 2464 operum
1821 2381 1981 2448 studium:
2005 2402 2114 2465 neque

182 2467 396 2535 Obviandum
425 2469 526 2532 etiam
552 2474 603 2532 est
629 2487 744 2532 eorum
773 2466 969 2533 calumniae:
1000 2464 1078 2530 dum
1130 2476 1242 2532 tamen
1269 2487 1385 2532 rursus
1406 2467 1461 2530 vel
1507 2488 1642 2533 erversa
1667 2467 1789 2533 fidncia
1810 2469 1984 2545 inflentur,
2006 2486 2114 2551 noque

101 2554 253 2623 Iaeobmn
274 2553 474 2631 obtendunt,
501 2560 534 2618 et
556 2553 636 2618 alios
665 2553 789 2618 similes
811 2552 898 2617 locos
920 2551 1080 2634 eolligunt
1131 2553 1312 2618 efferantur
1342 2553 1435 2616 inani
1468 2489 1582 2636 gloria.
1638 2552 1731 2619 Haeo
1762 2573 1842 2618 vero
1873 2560 1924 2618 est
1955 2551 2116 2618 mercedis

101 2641 132 2706 in
152 2640 335 2724 scripturis,
359 2638 415 2704 ubi
438 2639 575 2703 verbum
597 2637 797 2704 iustificandi
821 2637 917 2702 nliter
934 2638 1078 2720 capitur:
1130 2638 1231 2704 ratio:
1255 2659 1324 2702 non
1346 2645 1384 2703 ut
1405 2659 1541 2720 operum
1562 2638 1681 2703 merito
1703 2646 1761 2703 aut
1778 2637 1931 2722 dignitati
1952 2659 1993 2703 ex
2014 2657 2118 2721 aequo

100 2735 134 2792 ut
160 2747 259 2793 suum
285 2725 364 2791 inde
391 2744 587 2790 concursum
619 2723 798 2789 stabiliant
849 2722 963 2805 Neque
992 2722 1080 2786 enirn
1132 2723 1337 2807 respondeat,
1358 2722 1416 2788 sed
1428 2732 1467 2786 ut
1484 2725 1631 2808 gratuita
1648 2744 1763 2789 eorum
1776 2724 1962 2808 acceptione
1980 2725 2117 2790 nitatur.

101 2811 254 2897 iutelligit
281 2810 421 2877 Iseobus
449 2812 493 2893 (2,
513 2810 585 2892 22),
614 2810 781 2875 hominem
803 2808 857 2873 vel
879 2808 1017 2873 minima
1038 2828 1081 2872 ex
1219 2808 1274 2874 Ad
1296 2808 1378 2875 haec
1399 2809 1535 2874 minime
1556 2807 1740 2888 ferendum,
1762 2818 1801 2874 ut
1821 2809 1904 2875 fides
1924 2811 2012 2892 ipsa,
2034 2830 2118 2892 quae

101 2906 191 2982 parte
224 2896 286 2964 sibi
312 2895 400 2980 apud
421 2896 532 2962 Deum
559 2895 727 2978 acquirere
753 2894 915 2960 iustitiam
943 2914 1081 2977 operum
1135 2900 1208 2974 [pag.
1223 2899 1277 2974 86]
1301 2914 1401 2960 causa
1417 2903 1468 2960 est
1488 2895 1642 2975 iustitiae,
1664 2895 1748 2961 falsa
1768 2896 2038 2978 interpretatione
2047 2916 2116 2962 non

103 2983 242 3050 meritis:
274 2981 333 3049 sed
356 2979 397 3047 de
418 2981 564 3047 iustitias
585 2990 717 3047 tantum
740 2980 974 3063 approbatione
995 2987 1082 3045 trao-
1133 2980 1326 3047 obscuretur
1353 2979 1464 3059 modo,
1488 2980 1546 3046 sed
1567 2982 1668 3047 etiam
1689 2980 1902 3046 adulteretur.
1947 2979 2045 3062 Quod
2066 2981 2117 3047 fa·

104 3076 159 3137 tat
210 3067 297 3151 Quis
323 3075 433 3133 autem
459 3067 696 3236 affinga&
725 3065 1082 3148 unumquemquesuis
1133 3067 1235 3147 ciunt,
1260 3067 1317 3148 qui
1346 3086 1421 3131 eam
1448 3086 1526 3132 vero
1553 3073 1641 3132 stare
1667 3067 1801 3151 fingrmt
1821 3067 1944 3150 absque
1968 3067 2115 3132 caritate.

125 3154 240 3221 robare
283 3154 370 3220 ualis
391 3153 454 3220 sit?

103 3174 206 3309 boore
228 3176 367 3307 adlectus
389 3240 440 3304 tui
461 3237 570 3316 fidem,
592 3259 692 3321 quam
715 3237 855 3303 salntem
876 3257 987 3302 coram
1009 3236 1082 3302 Deo
1133 3238 1177 3303 sit
1208 3237 1375 3316 informis,
1409 3258 1524 3303 veram
1561 3236 1777 3303 nihilominus
1812 3257 1898 3304 osse:
1932 3237 2117 3303 accessione

103 3327 288 3409 promereri.
333 3325 493 3404 Proinde,
522 3345 564 3388 ne
587 3345 629 3389 ex
652 3323 782 3389 diversa
803 3324 892 3389 vocis
915 3321 1081 3407 significa-
1134 3344 1213 3389 vero
1235 3323 1380 3389 caritatis
1402 3323 1545 3388 formari.
1594 3323 1700 3389 Porro
1720 3322 1800 3389 inde
1820 3330 1920 3388 natus
1941 3330 1993 3388 cst
2014 3343 2116 3405 error,

104 3412 189 3478 tione
220 3412 317 3477 hiens
343 3410 437 3476 nobis
464 3412 539 3488 fiat,
569 3429 700 3493 semper
726 3408 871 3474 notanda
893 3416 944 3473 est
964 3407 1081 3492 relatio
1134 3407 1220 3491 quod
1246 3407 1346 3473 fidem
1372 3429 1445 3474 esse
1472 3414 1594 3492 putant
1624 3407 1749 3474 nudam
1782 3406 1999 3493 frigidamque
2030 3409 2118 3475 noti·

103 3499 151 3563 rsl
180 3497 223 3564 ad
246 3498 371 3576 Deum,
401 3496 453 3562 vel
481 3495 522 3561 ad
552 3495 711 3560 homines.
757 3495 862 3560 Porro
889 3513 957 3558 non
979 3513 1080 3577 nega-
1133 3494 1229 3573 tiam,
1255 3514 1339 3576 qnae
1365 3495 1475 3560 Deum
1503 3514 1576 3560 esse
1592 3513 1743 3560 veracem
1770 3495 1905 3560 confuse
1932 3495 2118 3579 apprehen-

103 3604 189 3663 nus,
212 3584 317 3648 iustos
339 3582 502 3647 nominari
524 3582 587 3646 Dei
610 3581 710 3659 filios,
733 3586 790 3644 aut
808 3601 829 3645 a
850 3579 938 3644 vitae
960 3578 1081 3644 saneti·
1133 3579 1197 3644 dat
1249 3580 1318 3645 Nos
1346 3578 1386 3644 de
1408 3579 1545 3646 vocibus
1571 3600 1638 3645 non
1664 3580 1716 3645 liti
1759 3602 1847 3647 mus:
1877 3578 1936 3646 sed
1957 3601 2060 3665 quum
2081 3583 2117 3647 in

104 3676 183 3745 tete,
217 3677 278 3734 ant
309 3690 330 3734 a
362 3687 446 3751 pura
477 3668 687 3733 conscientia.
744 3665 812 3731 ried
843 3666 920 3748 quia
952 3662 1082 3728 nullum
1133 3664 1196 3731 hac
1221 3666 1414 3748 quaestione
1442 3671 1593 3731 vertatur
1614 3665 1705 3732 salus
1748 3666 1910 3746 ominum,
1938 3667 2038 3733 nimis
2059 3689 2117 3751 pe·

103 3774 195 3838 opos,
224 3755 254 3819 si
276 3753 483 3838 appendatur
504 3754 540 3817 in
561 3753 625 3817 Dei
645 3753 784 3830 trutina,
813 3752 998 3834 reperietur
1019 3750 1081 3815 nisi
1133 3750 1277 3816 rioulosa
1304 3758 1357 3817 est
1382 3750 1595 3836 ambiguitas,
1629 3773 1713 3835 quse
1739 3760 1842 3818 totam
1864 3751 2047 3819 doctrinam
2068 3760 2120 3819 te·

103 3861 272 3916 maneum,
304 3848 338 3904 et
358 3837 509 3904 sordibus
532 3839 631 3903 etiam
653 3838 877 3920 inquinatum:
907 3833 984 3900 inde
1005 3857 1082 3901 con-
1133 3837 1244 3902 nebris
1269 3837 1425 3902 involvat
1477 3836 1585 3904 Sicuti
1612 3858 1673 3903 nos
1700 3837 1805 3921 gratis
1832 3838 1990 3903 iustificat
2010 3839 2113 3918 Deus,

103 3926 278 4004 stituimus,
300 3924 386 3990 hano
407 3925 552 3990 iustitiae
573 3923 834 4007 appellationem,
856 3921 913 3987 ubi
930 3921 1083 4005 operibus
1134 3921 1260 3989 Christi
1287 3922 1508 3989 obedientiam
1529 3924 1623 3988 nobis
1645 3922 1854 4006 imputando,
1883 3924 1933 3988 ita
1953 3924 2037 3988 tanti
2059 3922 2116 3989 be·

105 4012 265 4089 tribuitur,
288 4012 324 4075 in
345 4011 491 4094 gratuita
512 4011 612 4074 venia
634 4009 805 4074 fundatam
828 4029 908 4073 esse.
916 4008 946 4091 ⁴)
990 4008 1082 4092 Ergo
1134 4008 1244 4074 neficii
1265 4029 1332 4073 non
1353 4009 1419 4074 nisi
1441 4008 1512 4074 sola
1532 4007 1598 4074 fide
1620 4016 1785 4092 compotes
1806 4008 1976 4074 efficimur.
2010 4006 2119 4075 Sicuti

104 4095 172 4162 ideo
193 4098 275 4162 iusti
296 4104 375 4161 suut
399 4095 552 4180 operibus
575 4095 706 4174 fideles,
734 4095 810 4177 quia
831 4093 924 4159 nullo
946 4113 1083 4175 operum
1132 4101 1267 4177 peccata
1288 4102 1404 4160 nostra
1422 4094 1569 4177 expiavit
1589 4094 1677 4160 filius
1696 4093 1763 4159 Dei
1784 4094 1899 4159 mortis
1921 4113 1999 4159 snae
2016 4094 2118 4161 sacri·

105 4183 218 4248 merito
240 4190 300 4248 aut
320 4190 470 4266 respectu
491 4182 586 4247 iusti:
608 4202 711 4263 quum
733 4199 871 4263 operum
893 4179 1019 4244 iustitia
1040 4200 1082 4244 ex
1133 4181 1222 4258 ficio,
1250 4179 1420 4262 patrisque
1446 4179 1498 4246 ira
1519 4179 1650 4263 placata
1677 4179 1860 4262 adoptionis
1893 4178 2035 4262 gretiam
2056 4200 2116 4245 no-

105 4267 175 4335 tidei
195 4268 325 4335 iustitia
344 4267 497 4351 pendeat
541 4266 631 4332 Hino
653 4267 752 4332 etiam
775 4271 921 4348 apparet,
942 4262 1022 4346 quid
1042 4262 1082 4328 de
1133 4264 1184 4331 bis
1210 4265 1399 4348 acquisivit,
1432 4285 1585 4349 nuncque
1606 4266 1734 4331 iustitia
1760 4284 1821 4330 sua
1847 4283 1909 4328 nos
1931 4263 2045 4330 donat:
2068 4264 2118 4330 ita

106 4371 235 4436 operum
256 4352 407 4419 mercede
428 4355 473 4419 sit
494 4351 712 4417 sentiendum.
752 4352 829 4415 Non
851 4358 902 4414 est
923 4355 1010 4415 certe
1030 4348 1082 4413 in·
1133 4371 1200 4415 non
1229 4351 1293 4416 nisi
1320 4350 1385 4416 fide
1412 4351 1522 4434 ipsum
1549 4350 1733 4428 induimus,
1762 4356 1800 4415 ut
1825 4349 1929 4414 simus
1950 4348 2116 4416 bonorum

108 4440 172 4505 tuis
194 4440 231 4505 in
252 4438 398 4504 Domino
419 4441 551 4523 piorum
573 4438 674 4516 labor,
697 4438 750 4502 oui
772 4444 806 4501 ιι
827 4436 918 4500 varia
939 4433 1082 4518 quotidie
1133 4435 1205 4502 eius
1231 4437 1416 4520 participes.
1468 4435 1567 4503 Nunc
1594 4439 1621 4502 si
1644 4430 1829 4502 nesciamus
1874 4434 1931 4499 uid
1953 4435 1997 4500 sit
2017 4435 2110 4517 fides,

109 4526 246 4604 praemia
278 4529 353 4604 [pag.
371 4531 425 4605 85]
453 4526 489 4589 in
516 4523 639 4590 mundo
670 4521 908 4607 rependuntur,
932 4527 966 4585 et
992 4541 1082 4584 sum·
1156 4522 1206 4587 uis
1227 4521 1323 4588 nohis
1343 4521 1385 4586 ad
1407 4521 1548 4587 salutem
1570 4519 1813 4606 adipiscendam
1835 4541 1854 4584 a
1879 4521 1944 4586 ‘tus
1966 4521 2115 4605 patebit?

110 4626 193 4677 num
230 4611 267 4675 in
305 4611 405 4677 coelis
443 4611 625 4693 repositum
664 4616 723 4674 est.
780 4605 847 4673 Sed
883 4605 982 4690 longe
1021 4604 1082 4670 fal·
1133 4543 1202 4688 διι
1228 4613 1341 4672 autem
1372 4607 1514 4691 obliquis
1547 4608 1616 4674 suis
1648 4604 1927 4672 moderationibus
1936 4606 1966 4692 ⁴)
2000 4627 2116 4691 pacem

112 4690 230 4775 luntur,
273 4697 330 4779 qui
374 4702 512 4780 putant,
557 4689 735 4779 quidquam
777 4691 939 4758 mercedis
988 4691 1082 4757 bonis
1631 4698 1638 4713 ·

118 4840 306 4853 .,,,,-
1204 4791 1234 4857 1)
1253 4793 1385 4864 dignitate
1405 4793 1480 4848 Besa
1498 4798 1524 4847 et
1540 4793 1626 4848 Amet.

1202 4861 1233 4928 2)
1251 4870 1382 4930 ροιιιιιιι
1403 4877 1456 4931 qus
1479 4861 1549 4917 Dion
1571 4863 1612 4917 les
1635 4869 1748 4931 accepte
1772 4861 1851 4918 d’une
1870 4862 1966 4917 faveur
1983 4863 2111 4932 gratuite,

173 4934 202 5002 l)
220 4952 257 4990 uu
276 4935 356 4990 ordre
374 4934 510 4991 interiens.
1134 4938 1298 4999 supportant
1313 4930 1520 5000 l’imperlsotiou
1555 4932 1584 4986 ui
1600 4949 1617 5001 y
1634 4939 1686 4986 est.

172 5002 202 5068 a)
221 5001 277 5058 Ed.
314 5020 377 5060 eon
394 5004 551 5072 simpliciter
566 5002 661 5057 Roma
679 4999 721 5055 10.
1202 4997 1233 5066 3)
1250 4999 1278 5053 la
1295 4999 1384 5053 vieille
1402 5000 1521 5053 resverie
1537 4948 1588 5055 des
1606 4998 1797 5069 Serboniqnes.

173 5071 200 5138 3)
219 5072 248 5127 la
265 5020 408 5128 substance
428 5072 461 5128 de
480 5079 556 5127 toute
575 5071 603 5125 la
620 5070 742 5125 matiere.
1201 5065 1233 5134 4)
1251 5083 1296 5122 ees
1314 5066 1403 5122 beaux
1420 5082 1598 5148 moyennems
1616 5069 1662 5191 qui
1678 5083 1729 5191 bu
1745 5067 1819 5149 leurs
1837 5067 1930 5137 gloses
1942 5066 2065 5136 obliquos
2083 5072 2114 5121 et

174 5140 204 5208 t)
220 5157 273 5210 que
291 5141 361 5197 Dieu
378 5142 438 5197 leur
455 5141 505 5196 fait
523 5156 557 5195 on
575 5139 616 5195 les
634 5144 805 5208 supportant.
1133 5140 1238 5192 tortues
1255 5135 1365 5191 reulent
1382 5143 1526 5205 appomtsr
1542 5151 1610 5194 aveo
1637 5151 1668 5193 es
1708 5142 1818 5206 apiatas.

1852 5218 1906 5274 38*

698 3150 790 3216 aliud
811 3159 871 3229 est,
894 3149 1082 3216 hominibus
1133 3151 1242 3218 Vetus
1269 3159 1321 3217 est
1347 3152 1572 3236 sophistarum
1600 3159 1834 3230 commentum,
1845 3153 1875 3235 3)
1902 3151 2005 3216 fidem
2031 3172 2116 3235 qnae
