4620 5894
144 225 208 287 447
819 217 942 287 AO'PA
964 218 1145 288 SYNODI
1164 220 1486 289 ll'RIDEN'l'INAE
2096 227 2161 291 448

144 430 230 492 quae
257 430 393 491 prorsus
421 409 585 474 contraria
611 412 675 485 ost,
701 408 754 475 eui
779 419 946 491 acceptam
974 411 1126 491 feremus,
1178 410 1309 489 blicani,
1332 411 1446 477 Lucae
1464 415 1502 474 17
1516 411 1541 494 ¹)
1563 409 1642 494 quid
1664 410 1754 476 aliud
1772 418 1875 492 sonat,
1899 430 1998 496 quam
2015 411 2163 479 iustitiae

144 496 209 561 nisi
228 495 314 577 patri
335 492 520 560 mendacii?
1178 496 1443 579 imputationem,
1471 496 1550 561 dum
1578 496 1682 580 gratis
1714 503 1865 581 aceeptus
1896 504 1948 564 est
1972 497 2067 564 Deo?
2111 499 2160 564 Ita

168 630 177 648 .
231 581 412 662 Postquam
438 581 576 663 septimo
604 581 720 662 eapite,
756 578 796 644 de
824 579 922 646 modo
950 602 1126 665 praepara·
1179 583 1333 665 quoniam
1356 582 1397 647 de
1424 581 1514 648 verbi
1544 583 1742 665 proprietate
1764 583 1805 649 lis
1827 592 1890 663 est;
1917 604 2021 666 quum
2043 582 2159 650 Chris·

145 666 253 744 tionis,
276 666 324 731 ita
344 665 463 750 frigide
485 674 684 741 tractarunt,
714 673 751 730 ut
772 667 923 749 quemvis
946 689 1011 732 non
1035 689 1126 750 pror·
1178 676 1233 732 tus
1256 690 1276 733 a
1303 668 1410 733 Paulo
1438 669 1565 734 iustitia
1591 675 1625 732 ot
1651 669 1866 735 sanctificatio
1888 678 2004 735 nostra
2030 668 2159 753 praedi·

144 772 200 817 sus
227 750 406 834 insipidum
433 752 596 834 papistam
633 751 751 815 merito
784 762 897 817 tantae
929 754 1126 821 insulsitatis
1178 762 1273 820 catur
1291 757 1322 838 (l
1344 753 1419 820 Cor.
1442 759 1469 833 1,
1489 754 1561 837 30),
1589 760 1677 818 certe
1701 756 1790 819 inter
1812 754 1894 820 haee
1915 754 1980 819 duo
2001 756 2160 821 statuitur

144 837 269 923 pudere
291 836 416 916 debeat,
439 837 582 915 medem,
605 838 712 920 capite
729 845 853 915 octavo,
877 838 933 903 uhi
955 839 996 904 ad
1018 840 1126 924 ipsam
1178 839 1365 918 discrimen,
1387 839 1474 923 quod
1492 839 1678 905 Tridentini
1700 848 1812 922 patres
1830 840 2046 907 confundunt
2071 841 2161 906 Nam

146 923 373 988 definitionem
400 932 539 987 ventum
561 932 626 1001 est,
653 924 827 1006 inprimis
849 923 1060 1003 hoecavent,
1083 949 1125 992 ne
1178 925 1207 991 si
1240 923 1363 1009 duplex
1403 933 1454 992 est
1487 925 1603 1010 gratia,
1640 925 1726 1008 quod
1763 947 1824 992 nos
1864 925 2022 992 (lhristus
2061 926 2159 997 iusti·

145 1009 217 1076 sola
254 1008 319 1075 fide
358 1023 506 1073 constare
552 1008 706 1075 videatur
743 1009 887 1076 hominis
926 1011 1123 1077 iustificatio.
1176 1012 1255 1077 fioat
1280 1020 1314 1077 ct
1335 1012 1532 1078 sanctificat:
1559 1011 1686 1075 iustitia
1715 1012 1802 1076 vitae
1830 1012 2078 1079 innovationem
2097 1012 2159 1079 sub

145 1094 304 1177 Quaestio
325 1102 376 1159 est
397 1094 499 1173 verbi,
522 1094 601 1177 quid
619 1095 663 1158 sit
678 1094 877 1161 iustificatio.
921 1097 1056 1181 Negant
1072 1118 1124 1163 so·
1177 1117 1213 1161 so
1234 1118 1303 1162 non
1324 1098 1560 1180 complectitur.
1594 1096 1664 1162 Neo
1687 1097 1783 1161 aliter
1802 1105 1912 1180 potest
1931 1098 2054 1181 exponi
2075 1097 2161 1163 illud

143 1181 210 1246 lam
238 1200 310 1246 esse
336 1180 564 1245 remissionem
597 1192 818 1263 peccatorum:
849 1180 908 1247 sed
939 1185 1124 1249 renovatio·
1176 1182 1218 1247 ad
1248 1183 1460 1250 Romanostt
1490 1187 1533 1266 (v.
1558 1183 1629 1263 33):
1686 1181 1788 1264 Quis.
1803 1184 1971 1250 accusabit
1999 1182 2159 1252 adversm

142 1288 221 1332 nem
253 1276 287 1332 et
330 1267 623 1332 sanctificationem
659 1267 758 1332 simul
796 1268 958 1333 contineri
997 1269 1124 1336 volunt.
1177 1268 1297 1334 electos
1319 1267 1405 1334 Dei?
1449 1269 1542 1334 Deus
1563 1277 1614 1334 est
1634 1270 1691 1352 qui
1711 1269 1881 1336 iustificat:
1903 1290 2004 1353 quam
2022 1268 2064 1335 de
2081 1290 2160 1354 gra·

143 1351 314 1435 Numquid
342 1352 404 1417 hoo
432 1375 547 1418 verum
576 1352 634 1430 sit,
663 1352 842 1418 videamus.
886 1354 999 1420 Verba
1024 1356 1124 1422 Pauli
1178 1356 1262 1418 tuita
1284 1356 1480 1438 acceptione.

19 1504 22 1509 .
143 1448 221 1505 sunt
241 1438 348 1521 capite
370 1436 413 1503 ad
424 1439 596 1503 Romanos
614 1446 650 1503 4:
673 1437 785 1503 David
807 1439 1046 1505 beatitudinem
1064 1442 1124 1506 ho·
1263 1440 1394 1505 Nollem
1417 1438 1458 1504 de
1480 1441 1581 1506 verbo
1604 1440 1750 1523 litigare,
1777 1439 1843 1504 nisi
1870 1437 1948 1505 inde
1970 1445 2060 1505 totus
2081 1460 2160 1506 cau·

142 1524 243 1590 minis
270 1524 357 1602 dicit,
391 1525 445 1589 eui
473 1525 567 1589 Deus
599 1526 742 1607 imputat
763 1525 923 1590 iustitiam
953 1532 1027 1607 [pag.
1050 1532 1122 1606 175]
1177 1547 1232 1591 sae
1255 1532 1362 1591 status
1385 1524 1552 1608 penderet.
1598 1525 1738 1604 Verum,
1761 1546 1864 1608 quum
1886 1535 1964 1591 tune
1985 1526 2161 1592 iustificari

143 1611 215 1676 sine
237 1610 402 1693 operibus:
432 1610 538 1687 Beati,
561 1631 702 1693 quorum
729 1611 886 1677 remissae
903 1620 983 1677 sunt
1003 1613 1123 1695 iniqui·
1177 1610 1346 1677 hominem
1372 1611 1517 1690 tradunt,
1541 1632 1644 1695 quum
1668 1610 1947 1677 inobedientiam
1968 1611 2033 1676 Dei
2055 1613 2160 1677 refer·

143 1705 230 1762 tates
252 1696 356 1780 (Psal.
378 1700 428 1774 32,
452 1702 483 1776 l;
506 1697 603 1761 Rom.
623 1704 652 1772 4,
673 1696 716 1780 6).
768 1695 807 1762 si
830 1720 872 1762 ex
897 1697 959 1764 hae
982 1697 1125 1764 Davidis
1176 1706 1296 1776 matur,
1318 1705 1425 1762 totum
1443 1697 1527 1762 illud
1550 1697 1649 1763 Pauli
1673 1704 1907 1781 argumentum
1927 1703 2096 1763 evertunt:
2120 1697 2160 1764 Si

144 1781 310 1848 sententia
347 1782 473 1848 Paulus
512 1783 677 1866 gratuitae
712 1782 857 1848 iustitiae
900 1783 1125 1849 definitionem
1177 1804 1219 1847 ex
1240 1783 1313 1867 lege
1333 1791 1392 1848 est
1416 1783 1558 1862 iustitia,
1594 1784 1763 1848 exinanita
1791 1787 1866 1862 [pag.
1888 1788 1960 1860 177]
1989 1788 2040 1849 est
2066 1782 2159 1863 fides,

144 1871 208 1933 rite
230 1867 333 1945 elicit,
363 1869 518 1951 sequitur,
546 1869 582 1932 in
607 1867 800 1934 remissione
822 1878 1030 1951 peccatorum
1052 1891 1125 1936 esse
1178 1878 1211 1933 et
1232 1868 1353 1934 abolita
1374 1869 1549 1952 promissio
1578 1869 1689 1952 (Rom.
1709 1875 1739 1947 4,
1762 1872 1825 1952 14).
1871 1867 2036 1952 Intelligit
2058 1869 2160 1947 anim,

143 1953 292 2037 positam.
348 1951 405 2019 Sic
439 1954 528 2018 enim
560 1955 798 2037 interpretatur
827 1955 969 2034 Paulus,
999 1957 1125 2021 iustum
1177 1956 1345 2020 neminem
1367 1955 1543 2020 inventum
1564 1955 1606 2019 iri
1633 1956 1720 2020 inter
1741 1954 1906 2032 homines,
1927 1955 1963 2017 in
1985 1973 2049 2036 que
2073 1953 2160 2020 salu·

144 2058 165 2104 a
190 2038 320 2105 Davide
347 2039 549 2122 nuncupari,
582 2039 636 2106 cui
662 2040 756 2106 Deus
784 2040 946 2106 iustitiam
972 2043 1124 2125 imputat,
1177 2042 1221 2104 tis
1242 2042 1414 2124 promissio
1441 2041 1663 2122 compleatur,
1692 2042 1720 2104 si
1742 2040 1950 2105 innocentiae
1972 2039 2161 2106 conditione

143 2146 212 2190 non
233 2125 429 2208 imputando
449 2133 591 2208 peccate.
619 2124 677 2190 sio
698 2134 732 2190 et
752 2125 840 2191 idem
858 2128 1033 2210 apostolus,
1056 2149 1126 2192 non
1178 2126 1223 2191 sit
1243 2126 1417 2209 implicita,
1441 2132 1474 2191 et
1494 2126 1659 2191 ruituram
1680 2148 1758 2190 mox
1781 2147 1852 2191 esse
1870 2125 1978 2202 fidem,
2001 2125 2031 2191 si
2052 2127 2160 2209 opori-

144 2210 285 2278 adduote
319 2211 457 2276 alterius
487 2211 692 2291 testimonio,
734 2211 812 2277 alibi
843 2212 1002 2295 loquitur:
1041 2214 1126 2278 Erat
1177 2212 1240 2277 bus
1261 2213 1426 2279 fulciatur.
1479 2210 1577 2292 Quod
1605 2211 1678 2276 ideo
1701 2233 1819 2277 verum
1847 2218 1913 2290 est,
1943 2211 2021 2294 quia
2041 2232 2160 2294 quam·

142 2298 237 2364 Deus
267 2299 304 2362 in
331 2296 481 2376 Christo,
514 2295 679 2361 mnndum
711 2296 775 2362 sihi
802 2299 1029 2381 reconcilians,
1059 2320 1126 2364 non
1178 2296 1234 2363 diu
1262 2298 1455 2381 respicimus
1481 2298 1597 2381 'qhales
1619 2319 1749 2374 sumus,
1781 2317 1913 2362 necesse
1942 2304 1994 2362 est
2021 2317 2084 2363 nos
2106 2319 2161 2364 oo·

142 2383 337 2467 imputando
364 2383 551 2448 hominibus
585 2389 719 2464 peecata
746 2382 925 2467 (acono,
949 2385 1011 2467 19).
1056 2386 1125 2449 De·
1176 2406 1248 2448 ram
1270 2386 1343 2450 Deo
1364 2382 1539 2468 trepidare.
1584 2384 1730 2448 Tantum
1751 2382 1859 2464 abest,
1882 2390 1921 2448 ιιι
1942 2391 2032 2448 certa
2054 2390 2089 2448 et
2109 2384 2161 2448 in·

142 2470 230 2548 inde,
253 2470 409 2535 continuo
431 2477 505 2552 post
526 2469 654 2533 adiicit:
677 2470 766 2534 Eum
788 2469 845 2551 qui
866 2482 1036 2552 peecatum
1057 2492 1124 2536 non
1178 2490 1336 2536 concussa
1363 2470 1451 2535 vitae
1479 2478 1632 2534 aeternae
1661 2469 1782 2535 fiducia
1810 2469 1904 2534 nobis
1925 2476 2063 2534 constet.
2107 2469 2161 2535 De

142 2564 290 2634 noverat,
314 2576 373 2638 pro
395 2554 489 2620 nobis
510 2563 680 2638 peccatum
701 2555 787 2633 feeit,
809 2562 848 2620 ut
868 2576 1014 2622 essemus
1031 2557 1124 2622 iusti·
1176 2557 1379 2640 regeneratis
1400 2556 1523 2638 loquor.
1560 2553 1732 2636 Quantum
1754 2556 1843 2619 enim
1866 2555 1959 2620 abest
1980 2575 2001 2619 a
2021 2554 2159 2634 iustitia,

142 2642 191 2705 tia
212 2642 277 2706 Dei
304 2640 340 2705 in
367 2641 431 2707 illo.
477 2639 566 2722 Quid
589 2641 734 2722 apertius
760 2643 923 2724 requiras,
946 2664 1045 2725 quarn
1064 2663 1125 2708 nos
1177 2663 1260 2725 qnae
1277 2643 1314 2706 in
1337 2643 1399 2707 hac
1421 2644 1490 2707 vita
1510 2642 1686 2708 inchoatur
1706 2642 1796 2706 vitae
1818 2639 1968 2705 novitas?

143 2747 253 2793 coram
275 2726 349 2793 Deo
370 2729 474 2793 iustos
494 2727 629 2805 censeri,
651 2727 728 2809 quia
745 2726 873 2793 Christi
890 2729 1048 2795 sacrificio
1067 2750 1124 2793 ex·
1263 2729 1379 2810 Neque
1401 2739 1514 2793 tamen
1536 2728 1663 2791 interea
1684 2725 1875 2810 negandum
1899 2736 1958 2803 est,
1981 2726 2062 2808 quin
2083 2745 2160 2808 per·

144 2814 235 2897 piata
252 2813 320 2878 sint
340 2821 456 2896 pecata
477 2821 608 2889 nostra,
636 2834 678 2878 ne
701 2813 842 2896 amplius
864 2814 925 2879 sub
946 2824 1042 2880 reatu
1064 2837 1124 2880 nos
1177 2824 1277 2898 petuo
1299 2815 1492 2880 coniunctae
1514 2815 1581 2878 sint
1603 2836 1641 2878 ae
1663 2813 1861 2878 cohaereant
1882 2811 1966 2876 duae
1984 2812 2067 2878 istae
2088 2831 2159 2877 res:

144 2897 300 2964 teneant?
350 2899 421 2965 Nec
447 2899 537 2964 loeus
557 2908 608 2964 est
629 2898 761 2983 vulgari
783 2899 915 2976 cavillo,
945 2900 985 2967 de
1006 2901 1124 2966 iustili-
1177 2900 1392 2966 sanctificatio
1419 2910 1453 2966 et
1480 2899 1676 2965 iustificatio.
1722 2897 1790 2964 Sed
1812 2918 1987 2981 perperam
2008 2896 2086 2962 inde
2107 2895 2160 2962 in·

143 2985 282 3051 cationis
303 2985 398 3050 initio
419 2986 529 3068 ipsum
550 3005 661 3068 agere:
684 3007 764 3050 nam
784 2994 924 3068 utroque
946 2987 1016 3052 loeo
1039 2997 1125 3052 trae·
1178 2987 1292 3065 fertur,
1312 3007 1416 3050 unam
1438 3005 1476 3050 aa
1498 2984 1635 3050 eandem
1659 3006 1738 3050 esse.
1772 2983 1929 3066 Exempli
1951 2984 2074 3067 gratia:
2095 2980 2159 3048 So·

142 3079 202 3151 tat,
235 3093 301 3136 non
335 3071 476 3154 qualiter
507 3071 667 3154 incipiant
693 3071 776 3137 iusti
804 3093 875 3136 esse
903 3073 960 3155 qui
993 3074 1126 3138 fuerant
1176 3071 1219 3137 lis
1247 3072 1374 3149 lumen,
1405 3072 1466 3136 etsi
1494 3092 1666 3154 nunquam
1694 3079 1868 3153 separatur
1894 3069 2060 3147 aealore,
2088 3088 2159 3134 non

143 3158 303 3224 haetenus
324 3157 485 3234 infideles,
508 3156 566 3222 sed
583 3155 744 3240 quomodo
761 3158 930 3236 iustitiam,
953 3179 1051 3242 quam
1073 3180 1123 3224 ee·
1177 3168 1289 3223 tamen
1309 3157 1397 3222 calor
1419 3155 1658 3222 existimandus
1676 3163 1734 3222 est
1782 3155 1952 3238 Nemoque
1974 3164 2044 3219 tam
2065 3153 2159 3221 rudis

142 3244 210 3309 mel
241 3245 435 3327 consequuti
468 3250 562 3321 sunt,
595 3244 760 3308 retineant
797 3252 864 3309 toto
895 3247 982 3310 vitae
1015 3265 1122 3310 cursu.
1176 3244 1356 3322 invenitur,
1380 3244 1526 3327 quinon
1548 3264 1652 3307 unum
1671 3243 1711 3307 ab
1734 3241 1837 3306 altero
1860 3240 2052 3324 distinguat.
2089 3239 2157 3306 Fa-

142 3329 254 3396 David
282 3330 372 3395 enim
399 3329 439 3394 de
466 3352 501 3394 se
534 3329 694 3412 loquitur,
727 3337 899 3413 postquam
927 3332 1014 3396 inter
1038 3330 1124 3395 filios
1176 3338 1285 3396 ternur
1313 3350 1407 3413 ergo,
1435 3328 1534 3394 simul
1561 3337 1657 3411 ratque
1679 3328 1879 3393 iustificetur
1901 3326 2074 3410 quispiam,
2097 3346 2159 3391 ne-

143 3416 209 3480 Dei
229 3417 337 3480 fuerat
357 3424 536 3498 cooptatus.
581 3415 628 3479 Et
645 3415 770 3480 Paulus
793 3417 919 3494 asserit,
943 3417 1030 3482 hanc
1051 3437 1123 3483 esse
1177 3417 1318 3482 cessario
1345 3415 1592 3482 innovationem
1625 3434 1753 3496 quoque
1781 3414 1882 3495 sequi.
1933 3412 2050 3495 Neque
2077 3432 2158 3478 vero

143 3512 337 3584 perpetuam
358 3501 565 3585 legationem,
588 3522 672 3583 quae
694 3502 728 3565 in
751 3502 887 3569 ecelesia
904 3501 1047 3587 quotidie
1065 3525 1123 3568 au·
1176 3503 1217 3567 de
1233 3566 1235 3572 ,
1250 3523 1288 3566 eo
1315 3500 1509 3585 ambigitur,
1543 3520 1587 3563 an
1615 3500 1795 3564 sanctificet
1827 3498 1982 3563 Christus
2011 3519 2072 3564 noo
2105 3518 2157 3577 ne,

144 3584 242 3650 ditur.
256 3588 282 3669 ¹)
333 3586 373 3651 In
401 3585 543 3651 eundem
570 3607 699 3669 quoque
732 3608 864 3653 sensum
893 3589 935 3654 ad
957 3590 1123 3654 Romanos
1175 3609 1386 3671 quoscunque
1403 3587 1567 3652 iustificat
1599 3585 1671 3651 Hoc
1689 3586 1875 3650 animasset
1891 3583 2037 3649 lacerare
2055 3604 2158 3649 evan·

147 3677 187 3737 10
210 3674 274 3755 (5):
319 3673 453 3756 Moyses
475 3673 635 3739 iustitiam
656 3671 740 3756 logis
763 3672 926 3754 describit,
960 3674 1046 3757 quod
1067 3674 1124 3758 qui
1176 3674 1308 3757 galium,
1331 3672 1476 3756 adeoque
1499 3671 1671 3737 Christum
1689 3672 1799 3752 ipsum
1822 3668 2015 3751 discerpere,
2034 3669 2063 3735 si
2083 3670 2159 3753 quis

142 3758 258 3824 feeerit
285 3779 338 3836 ea,
361 3760 452 3824 vivet
477 3759 513 3823 in
538 3759 620 3842 ipsis
645 3758 768 3841 (Lavit.
791 3764 839 3836 18,
859 3761 904 3843 ὑ).
949 3760 1045 3825 Fidei
1065 3781 1122 3824 au·
1176 3759 1352 3833 iustitiam,
1383 3780 1482 3841 quam
1504 3756 1568 3822 fide
1590 3757 1831 3838 consequimur,
1855 3776 2008 3837 separare
2033 3754 2117 3821 velit
2138 3777 2159 3820 a

142 3853 211 3910 tem
232 3845 358 3909 iustitia
378 3845 425 3910 sio
443 3843 536 3911 dicit:
560 3844 626 3926 Qui
649 3843 833 3924 crediderit,
856 3855 916 3910 eto.
962 3844 1123 3910 Videmus
1176 3844 1384 3927 poenitentia.
1446 3842 1513 3908 Sed
1552 3850 1622 3906 tota
1657 3850 1770 3906 nostra
1807 3840 1998 3923 disceptatio
2031 3857 2083 3905 cst
2117 3839 2158 3907 de

141 3929 215 3996 ideo
237 3930 320 4015 legis
341 3930 486 3996 iustitiae
515 3936 589 4010 [pag.
611 3936 684 4010 176]
707 3933 829 4013 opponi
855 3931 932 3996 fidei
954 3932 1122 4009 iustitiam,
1175 3951 1275 3996 causa
1296 3928 1547 3994 iustificationis.
1593 3928 1689 3993 Hane
1711 3926 1895 3993 Tridentini
1917 3934 2028 4007 patres
2047 3925 2158 4009 dupli·

141 4015 227 4101 quod
249 4016 401 4099 operibus
423 4017 557 4081 minime
580 4025 715 4095 constet,
738 4017 825 4083 sicut
843 4017 909 4082 illa.
943 4016 1038 4080 Idem
1061 4017 1122 4082 sibi
1175 4038 1248 4082 conr
1275 4021 1351 4094 [pag.
1380 4019 1451 4093 178]
1482 4035 1553 4080 esse
1584 4015 1730 4097 fingunt:
1765 4032 1803 4078 ae
1833 4014 1860 4077 si
1889 4012 2009 4094 partim
2039 4013 2157 4078 remis-

36 4154 39 4163 .
140 4103 260 4170 volunt
281 4103 400 4181 verba,
428 4103 547 4185 quibus
574 4102 684 4168 Lucas
706 4102 795 4185 apud
823 4103 1047 4169 Antiocheuos
1074 4105 1122 4184 ip·
1175 4104 1266 4169 sione
1297 4108 1522 4183 peccatorum,
1557 4100 1676 4181 partim
1710 4098 1872 4181 spirituali
1906 4098 2159 4180 regeneratione

141 4209 216 4254 sum
237 4209 308 4255 esse
336 4211 433 4255 usum
455 4190 556 4253 refert
579 4190 665 4271 (Aet
689 4193 737 4266 13,
758 4191 829 4272 38);
858 4189 926 4254 Per
953 4188 1042 4255 huno
1065 4209 1122 4254 vo-
1174 4188 1254 4252 iusti
1276 4207 1431 4253 essemus.
1476 4185 1551 4264 Vel,
1576 4195 1613 4250 ut
1634 4184 1708 4249 aliis
1730 4185 1838 4249 verbis
1862 4183 2047 4265 exprimam
2068 4182 2159 4266 quod

142 4273 193 4339 bis
221 4277 444 4341 annunciatur
472 4275 622 4339 remissio
644 4283 869 4357 peccatorum,
898 4290 932 4340 et
953 4275 994 4339 ab
1016 4275 1122 4339 omni·
1176 4273 1339 4339 sentiunt:
1368 4293 1405 4338 ac
1434 4273 1462 4338 si
1492 4272 1615 4354 partim
1636 4271 1867 4353 imputatione,
1900 4269 2021 4353 partim
2050 4269 2160 4352 quali-

141 4359 212 4438 bus,
233 4381 253 4424 a
274 4363 392 4444 quibus
413 4381 482 4424 non
499 4360 653 4444 potuistis
670 4361 840 4427 iustificari
857 4362 894 4425 in
911 4361 984 4445 lege
1002 4361 1121 4444 Moysi,
1176 4370 1257 4436 tato,
1287 4359 1415 4424 iustitia
1443 4365 1558 4423 nostru
1585 4356 1800 4438 constaret.²)
1850 4356 1923 4438 Ego
1948 4363 2060 4420 autem
2081 4355 2160 4421 uni·

142 4444 178 4508 in
200 4445 262 4511 hoo
288 4450 395 4512 omnis
422 4448 479 4529 qui
507 4444 620 4522 credit,
655 4447 860 4513 iustihcatur.
905 4447 993 4511 Nam
1015 4455 1049 4510 et
1070 4467 1122 4512 re·
1175 4468 1247 4511 cam
1269 4453 1304 4510 et
1331 4444 1513 4527 simplicem
1535 4465 1606 4508 osse
1627 4464 1752 4519 assero,
1774 4462 1857 4524 quae
1879 4446 1948 4504 tota
1969 4441 2161 4506 continetur

142 4531 293 4596 missioni
326 4542 535 4615 peccatorum
562 4533 766 4611 iustificatio,
800 4533 892 4598 velut
927 4533 1122 4614 interprete·
1176 4533 1323 4616 gratuita
1343 4531 1409 4596 Dei
1437 4530 1632 4611 acceptione.
1678 4529 1763 4592 Eam
1785 4536 1956 4611 praeterea
1978 4534 2075 4591 extra
2097 4548 2160 4593 nos

142 4616 242 4681 tiems
262 4616 341 4696 looo,
364 4619 550 4696 subiicitur,
573 4629 607 4682 et
629 4618 867 4684 ahsolutionem
889 4618 1000 4701 procul
1024 4617 1122 4682 dubio
1175 4619 1352 4683 constituo:
1381 4616 1459 4698 quia
1486 4616 1519 4679 in
1551 4614 1619 4678 solo
1642 4612 1777 4679 Christo
1804 4613 1881 4678 iusti
1903 4632 2026 4678 sumus.
2071 4612 2160 4678 Pro-

142 4703 321 4785 significat:
351 4711 386 4767 at
412 4705 494 4787 legis
523 4704 676 4786 operibus
699 4704 901 4782 detrahitur,
924 4715 962 4769 ut
981 4705 1025 4770 sit
1046 4727 1122 4789 gro-
1174 4706 1283 4768 ferant
1302 4703 1331 4767 si
1354 4699 1441 4785 quod
1462 4699 1585 4766 habent
1607 4722 1649 4765 ex
1671 4701 1833 4781 scriptura
1860 4697 2096 4777 testimenium,
2119 4705 2160 4764 ut

143 4787 237 4866 tuito,
257 4796 291 4853 et
311 4786 376 4853 fide
398 4791 521 4872 percipi
544 4789 671 4874 dicitur.
716 4789 827 4872 Quid?
852 4791 1038 4856 iustificatio
1060 4812 1121 4874 pu·
1175 4788 1395 4871 persuadeant
1428 4785 1516 4870 quod
1549 4786 1674 4851 docent.
1724 4785 1797 4869 Ege
1833 4805 1935 4867 quum
1961 4789 2067 4848 totam
2097 4783 2159 4849 ha·

1175 4876 1270 4940 bearn
1300 4874 1497 4957 scripturam
1525 4872 1609 4936 mihi
1637 4871 1891 4954 suffragantem,
1920 4870 1983 4935 hae
2013 4890 2082 4935 una
2103 4890 2159 4935 ra·

1245 5097 1274 5158 l)
1296 5096 1356 5149 lmo
1376 5094 1403 5150 0.
1423 5094 1527 5161 18,14.

212 5163 241 5230 1)
265 5179 318 5234 quc
343 5169 417 5219 ceste
447 5164 607 5221 ambassade
635 5172 678 5222 est
703 5168 912 5225 ioornollemeut
938 5169 1061 5237 envoyee
1089 5183 1123 5222 sn
1244 5165 1275 5233 ἲ)
1294 5167 1427 5220 sinestra
1445 5166 1540 5221 iustior
1560 5163 1703 5219 consistoit
1721 5162 1808 5232 partie
1826 5176 1860 5215 en
1883 5157 2076 5228 l'acceptatlou
2093 5175 2157 5230 gra-

141 5230 263 5302 l‘Eghse.
1176 5236 1243 5291 tuite
1261 5235 1296 5290 de
1312 5233 1391 5301 Dieu,
1410 5239 1438 5288 ct
1456 5234 1543 5302 partie
1562 5231 1707 5300 enjsrostrc
1730 5230 1869 5287 sainctete.
