4620 5894
149 220 212 284 aar
912 201 1097 285 recens
1119 216 1183 283 ou
1205 212 1397 282 Benene.

148 406 368 492 agnoscimus,
391 404 491 472 fidem
513 405 620 490 matie
641 405 835 489 praeveniri.
871 404 962 473 Hinc
982 403 1134 470 nondum

147 492 275 559 renatis
302 491 476 557 hominum
503 491 629 557 viribus
656 491 741 556 nihil
768 491 944 558 tribuimus
967 490 1033 556 nisi
1059 512 1131 557 cor-

146 577 352 662 ruptionem,
380 583 552 660 peccmum
572 576 811 655 voluntarium,
840 576 973 658 culpam
994 598 1032 642 ac
1053 598 1132 661 poe·
1593 607 1751 672 XLVIII

147 684 242 731 nam:
270 672 305 728 at
330 663 456 728 renatis
479 662 596 746 spiritu
619 663 684 727 Dei
705 662 928 728 voluntariam
955 673 989 727 et
1010 662 1132 727 bonam
1752 657 1759 673 '

149 749 374 831 operamnem
394 748 579 847 albuinus,
601 747 695 812 iuxta
716 747 801 812 illud
818 747 972 846 00000οΞ
992 747 1131 846 Anime
1213 767 1412 879 Reponse
1444 767 1519 849 des
1556 765 1773 849 ministres
1805 766 1858 849 de
1890 766 2051 850 Zurich
2082 797 2138 852 au

147 833 192 899 lis
219 833 318 899 horno
350 854 417 898 non
443 839 583 916 percrprt
610 853 649 898 ea
676 854 758 916 quae
787 842 866 897 sunt
894 840 1031 915 sprntus
1056 833 1130 897 Der.

147 918 252 985 Item:
285 918 362 984 Non
392 915 503 983 idonei
533 940 648 984 sumus
679 941 721 984 ex
750 918 846 985 nobis
877 919 959 1001 ipsis
987 920 1132 1002 cogitare
1451 884 1586 970 801100
1624 887 1677 999 (06
1709 885 1896 970 00611006·

148 1003 327 1089 quidquam
354 1011 511 1087 tanquam
539 1025 581 1069 ex
603 1005 816 1089 nobisipsis:
845 1003 903 1069 sed
931 1005 1040 1069 omnis
1061 1002 1132 1069 ido·
1332 1069 1350 1083 „
1683 1072 1688 1084 ,
2139 1072 2145 1085 ‚

146 1091 258 1157 neites
284 1098 399 1156 nostra
427 1111 469 1154 ex
490 1088 564 1154 Deo
593 1098 652 1155 est
697 1089 791 1155 Idem
814 1090 903 1154 enim
932 1089 1011 1155 alibi
1036 1087 1130 1155 dicit:
1186 1067 1282 1150 (00000
1296 1088 1385 1167 10000
1406 1088 1440 1133 00
1461 1074 1567 1135 00000
1587 1090 1626 1168 00
1642 1076 1763 1135 0000000
1775 1069 1968 1171 0000900100
1984 1070 2165 1169 0000000000

147 1176 241 1242 Deus
262 1183 314 1241 est
340 1175 398 1260 qui
415 1175 484 1260 agit
504 1175 541 1239 in
561 1176 673 1254 vobis,
702 1183 735 1240 et
757 1182 796 1240 ut
815 1174 925 1242 velitis
947 1182 980 1241 et
1001 1182 1039 1239 ut
1060 1175 1131 1240 effi·
1183 1155 1221 1219 00
1238 1153 1409 1237 30000900
1429 1175 1495 1220 000
1507 1154 1661 1221 00000000
1681 1155 1858 1236 0000000,
1876 1177 1898 1218 0
1914 1156 1949 1222 00
1969 1160 2053 1221 00000
2073 1156 2113 1222 00
2133 1157 2165 1223 00

146 1262 242 1329 cietis
286 1282 323 1326 ro
350 1262 436 1327 bono
465 1261 568 1324 animi
588 1262 762 1344 proposito.
808 1261 896 1325 Nam
917 1270 951 1325 et
971 1261 1009 1326 in
1030 1281 1131 1327 evan-
1176 1239 1542 1341 1000000000οῈ00500·
1580 1237 1645 1307 0000
1662 1260 1748 1340 001000
1767 1241 1966 1347 0000000οῑ000
1981 1246 2030 1306 000
2045 1242 2165 1308 0030000

146 1347 234 1431 gelio
262 1283 400 1430 iirgitur:
443 1345 483 1412 Si
509 1367 568 1412 vos
595 1346 685 1410 filius
713 1347 903 1413 liberaverit
929 1367 1008 1412 vere
1035 1346 1131 1412 liberi
1183 1325 1366 1423 00000000
1387 1326 1430 1391 00
1443 1346 1564 1425 ,10000οι
1588 1325 2085 1425 000000000001000·3300000
2104 1333 2164 1427 000·

146 1432 248 1499 sees.
292 1432 382 1497 uam
403 1431 461 1497 uu
482 1431 617 1514 speres
638 1431 783 1510 nomn,
808 1432 855 1496 iu
875 1432 1018 1497 ubera.
1064 1431 1131 1499 uu
1183 1412 1306 1509 aaaron
1325 1412 1490 1509 (rancor
1507 1411 1580 1477 dd-
1601 1410 1671 1510 Fot
1690 1418 1744 1477 4⁹·
1789 1413 1883 1477 Troe
1904 1433 2008 1494 arc
2024 1413 2063 1478 e
2084 1412 2164 1514 roo

144 1528 260 1583 tamon
275 1516 492 1583 nihilominus
510 1519 719 1601 agnoscimus
736 1520 846 1583 camis
862 1538 1034 1583 remanere
1053 1516 1130 1582 reli.
1180 1496 1271 1580 Wlai
1287 1496 1377 1576 daim,
1400 1498 1439 1562 de
1455 1497 1594 1562 diverses
1603 1517 1718 1577 maim,
1739 1518 1773 1562 Se
1785 1498 2164 1565 D'WUWWAE'CJRW

167 1603 251 1683 uias,
272 1608 320 1684 ut,
343 1603 437 1667 iuxta
458 1603 598 1685 apostoli
619 1602 767 1683 verbum,
789 1601 878 1688 quod
894 1624 961 1668 non
976 1604 1129 1671 volumus
1182 1581 1340 1648 00000000
1361 1581 1445 1664 qup.
1472 1582 1989 1690 01,9020103,1830,1303·
2025 1584 2066 1648 00
2086 1606 2109 1668 d
2127 1603 2164 1650 00

144 1623 320 1754 idemus:
348 1687 485 1771 ideoque
513 1687 562 1752 illi
584 1689 779 1771 nosmetipsi
807 1696 919 1754 mente
944 1690 1130 1755 serviamus
1182 1688 1204 1732 0
1224 1688 1285 1767 000
1307 1673 1398 1732 00000
1419 1669 1502 1733 0000
1523 1670 1550 1734 00
1570 1675 1624 1733 70·
1646 1669 1765 1775 eneae
1786 1671 1824 1771 00
1848 1667 1973 1768 3000000·
2020 1670 2068 1735 00
2088 1675 2163 1735 00000

144 1773 212 1860 legi
223 1775 297 1853 Dei,
320 1782 419 1839 carne
440 1794 520 1839 vero
536 1774 604 1858 legi
617 1775 758 1859 peccati:
781 1782 819 1839 ut
834 1796 895 1858 per
908 1782 1011 1840 totam
1023 1776 1130 1840 vitam
1181 1773 1214 1819 00
1234 1754 1272 1818 ht
1292 1754 1375 1818 0000
1394 1753 1438 1818 000
1459 1773 1610 1838 00000900
1631 1774 1769 1819 00000000
1787 1776 1808 1819 0
1826 1755 1991 1821 0000000000
2012 1755 2059 1821 00
2075 1757 2162 1821 0000·

145 1861 246 1924 etiam
274 1861 497 1942 regenitorum
525 1860 632 1944 gratia
659 1859 746 1943 quod
777 1869 854 1944 agat
880 1861 1037 1926 inveniat.
1088 1857 1129 1924 Id
1181 1845 1264 1904 00000
1287 1839 1328 1903 N·
1347 1838 1497 1904 XLVII
1515 1840 1637 1922 0010000
1658 1841 1787 1921 00001000
1807 1840 1891 1906 0000
1908 1840 2022 1925 Hebri!
2047 1841 2083 1906 Τ·
2103 1840 2167 1905 ῙῙῙ

144 1945 234 2010 enim
256 1945 367 2011 David
398 1946 545 2010 sentiens
573 1945 671 2010 dixit:
705 1945 756 2009 Nc
783 1947 887 2012 intres
912 1947 948 2010 in
970 1946 1129 2011 iudicium
1429 1926 1514 2008 APP·
1534 1948 1567 2007 Ρ·
1586 1930 1641 1990 20·
1680 1924 1771 2008 0000
1786 1948 1821 2008 Ρ·
1847 1928 1916 2010 47)

143 2052 220 2097 cum
243 2052 340 2096 servo
361 2038 434 2095 tuo:
457 2031 534 2113 quia
555 2052 622 2096 non
640 2031 872 2097 iustificabitur
892 2033 929 2096 in
951 2046 1127 2114 conspectu

143 2123 201 2182 tuo
223 2116 330 2182 omnis
352 2117 476 2182 vivens.
1265 2112 1412 2177 Piissimi
1431 2122 1465 2177 et
1486 2113 1659 2179 clarissimi
1682 2114 1760 2192 viri,
1784 2114 1909 2179 domini
1930 2114 2160 2182 eolendissimi

230 2203 334 2267 Porro
357 2201 441 2283 quod
464 2200 596 2283 reprobi
617 2201 718 2266 verbo
730 2203 795 2266 Dei
818 2223 884 2266 non
907 2201 1048 2268 credunt
1070 2201 1128 2267 sed
1181 2195 1333 2263 Salutem
1362 2206 1395 2262 et
1417 2210 1634 2282 augmentum
1662 2199 1824 2264 donorum
1848 2198 1913 2265 Dei
1942 2202 2161 2284 imprecamur

143 2287 246 2371 impie
268 2293 382 2353 contra
403 2287 514 2351 Deum
535 2286 671 2364 vivunt,
699 2285 736 2351 id
757 2287 891 2369 quidem
913 2288 996 2372 ipsis
1018 2289 1127 2371 impu·
1181 2291 1310 2349 vestrae
1348 2285 1462 2367 pietati
1505 2306 1566 2368 per
1604 2286 1716 2351 Iesum
1759 2285 1932 2351 Christum
1978 2288 2160 2353 Dominum

143 2374 210 2438 tari
237 2371 350 2450 debet,
384 2392 451 2435 non
478 2373 567 2448 Deo,
601 2372 659 2454 qui
685 2393 765 2454 quos
794 2371 943 2452 damnat,
977 2375 1066 2438 iusto
1094 2381 1129 2438 et
1179 2376 1337 2434 nostrum.

143 2459 263 2524 merito
285 2456 429 2522 damnat.
474 2455 542 2522 Sed
571 2464 605 2521 et
625 2464 796 2540 peccatum
823 2480 889 2523 non
917 2460 953 2522 in
974 2458 1047 2523 Deo
1070 2459 1127 2524 sed
1266 2455 1427 2539 Legimus
1454 2455 1569 2521 literas
1592 2456 1807 2522 excellentiae
1830 2464 1976 2536 vestrae,
2007 2459 2074 2523 riri
2095 2479 2160 2522 am·

143 2544 181 2609 in
202 2543 336 2608 homine
357 2541 481 2607 haeret.
511 2543 604 2606 Dens
622 2543 719 2621 enim,
742 2544 952 2609 immaculata
969 2545 1024 2609 via
1041 2546 1126 2609 cius:
1179 2540 1328 2623 plissimi,
1351 2563 1389 2607 ac
1411 2541 1517 2624 parati
1539 2562 1654 2606 sumus
1676 2543 1819 2608 fideliter
1841 2563 1877 2608 ac
1900 2543 2014 2608 animo
2036 2543 2161 2609 lubenti

144 2635 179 2695 et
194 2631 289 2694 Deus
311 2628 520 2710 iniquitatem
541 2648 611 2692 nou
628 2627 742 2693 volens
764 2629 835 2712 ipsc
858 2637 917 2695 cst.
945 2630 1059 2695 Iustus
1078 2636 1128 2695 est
1179 2625 1341 2691 inservire
1363 2635 1397 2691 et
1418 2627 1574 2692 ecclesiae
1592 2634 1626 2691 et
1640 2628 1755 2710 pietati
1769 2637 1906 2695 vestrae.
1929 2629 2160 2695 Intelleximus

142 2715 180 2780 in
201 2713 353 2779 omnibus
375 2714 439 2779 viis
461 2714 544 2792 suis,
574 2720 608 2778 et
629 2722 764 2780 sanctus
786 2716 822 2779 in
845 2716 996 2782 omnibus
1020 2717 1127 2801 opori-
1180 2718 1290 2777 autem
1318 2719 1394 2777 ente
1423 2712 1492 2778 dies
1520 2712 1643 2795 aliquot
1670 2715 1870 2781 controverti
1899 2713 1939 2779 de
1966 2714 2160 2798 quibusdam

143 2799 205 2866 bus
227 2800 304 2865 suis.
1180 2797 1325 2863 articulis
1345 2800 1381 2862 iu
1403 2797 1539 2864 ecclesia
1561 2807 1680 2879 vestra,
1704 2800 1760 2865 sed
1786 2807 1820 2865 et
1841 2801 2042 2866 sententiam
2065 2821 2160 2884 super

229 2886 403 2950 Postremo
420 2904 487 2949 non
499 2883 644 2951 tollimus
662 2884 812 2951 ordinem
830 2908 872 2952 ex
891 2887 1007 2952 salutis
1023 2909 1126 2972 nego·
1178 2884 1232 2949 his
1259 2891 1405 2948 nostram
1435 2882 1623 2949 desiderari.
1667 2885 1766 2952 Hane
1793 2907 1871 2970 ergo
1900 2908 1965 2968 qua
1993 2888 2159 2970 potuimus

142 2972 203 3038 tio:
244 2992 311 3035 non
345 2970 510 3035 reiicimus
549 2976 608 3035 aut
640 2972 888 3039 commiscemus
922 2994 1038 3040 caussa
1072 2972 1127 3039 rol
1178 2970 1340 3035 brevitate
1361 2970 1524 3052 complexi
1546 2991 1670 3048 sumus,
1692 2972 1848 3037 facientes
1866 2971 1953 3054 quod
1971 2993 2033 3056 pro
2055 2973 2160 3056 gretia

142 3057 346 3142 propinquas
378 3055 432 3122 vel
464 3063 616 3121 remotas.
666 3056 872 3123 Confitemur
904 3060 1015 3124 Deum
1047 3058 1126 3124 Iobo
1178 3055 1272 3121 nobis
1294 3055 1553 3120 aDominoDco
1574 3063 1688 3121 nostro
1709 3079 1864 3124 concessa
1884 3059 2062 3140 potuimus.
2086 3058 2159 3123 Non

142 3144 227 3211 citra
254 3142 387 3225 culpam
416 3163 510 3207 suam
542 3141 695 3207 intulisse
722 3165 868 3209 manum.
920 3144 1127 3211 Oonlitemur
1178 3142 1333 3226 ignorent
1354 3141 1569 3207 excellentiae
1587 3150 1727 3222 vesane,
1749 3142 1872 3208 dudum
1892 3145 2113 3226 conscriptam
2130 3157 2160 3208 et

142 3229 240 3295 illum
263 3248 363 3312 opere
390 3249 487 3292 usum
517 3249 588 3293 esse
611 3227 756 3294 Satanae
782 3237 815 3295 et
837 3231 980 3295 militurn
1003 3231 1126 3295 satani-
1179 3227 1302 3292 editam
1325 3249 1397 3292 esse
1415 3229 1503 3292 inter
1520 3234 1649 3292 vestrae
1667 3229 1821 3294 ecclesiae
1839 3229 2020 3307 ministros,
2043 3231 2159 3295 fratres

143 3335 272 3394 eorum,
314 3314 370 3396 qui
401 3320 512 3378 tamen
546 3313 644 3397 culpa
677 3316 812 3381 minime
844 3316 1006 3381 liberandi
1037 3324 1125 3396 sunt,
1179 3322 1309 3379 nostros
1331 3313 1526 3392 carissimos,
1550 3320 1583 3377 et
1605 3315 1773 3380 internos
1796 3315 2046 3380 consensionem
2070 3317 2107 3379 in
2126 3334 2159 3378 rc

143 3422 247 3484 quum
276 3399 390 3464 oculus
417 3400 562 3481 ipsorum
592 3400 693 3463 frrcrit
719 3424 850 3484 pravus.
897 3401 965 3468 Sed
995 3410 1029 3468 et
1056 3405 1125 3485 ipse
1179 3399 1449 3465 sacramentaria:
1479 3400 1514 3462 in
1537 3420 1600 3481 qua
1623 3420 1701 3464 mox
1723 3401 1764 3465 ab
1788 3401 1883 3465 initio
1906 3414 2037 3465 tantum
2062 3402 2159 3467 etiam

143 3485 204 3551 Iob
238 3485 461 3550 testimouium
499 3484 593 3550 nobis
626 3487 747 3552 ferens:
787 3489 968 3569 Dominus,
1008 3489 1124 3571 inquit,
1180 3485 1279 3550 huius
1301 3485 1423 3568 negotii
1445 3485 1768 3566 comprehendimus,
1796 3493 1960 3569 quantum
1981 3486 2047 3569 piis
2070 3487 2154 3553 suffi-

144 3569 249 3647 dedit,
290 3569 453 3633 Dominus
487 3569 632 3634 abstulit.
683 3572 758 3637 Non
792 3583 919 3639 autom:
959 3575 1125 3639 Dominus
1179 3591 1253 3635 core
1275 3569 1526 3635 arbitrabamur.
1550 3571 1665 3652 Neque
1688 3571 1785 3635 aliter
1808 3593 1953 3654 unquam
1974 3573 2012 3636 in
2029 3586 2158 3637 nostrae

145 3654 244 3733 dedit,
266 3657 323 3733 ait,
345 3654 492 3719 diabolus
515 3654 657 3719 abstulit.
1178 3656 1255 3721 fidoi
1288 3657 1470 3722 commissis
1509 3656 1655 3722 ecclesiis
1696 3657 1878 3736 docuimus,
1918 3679 2026 3740 neque
2063 3657 2159 3723 hodic

230 3741 325 3806 Haec
347 3756 397 3805 ost
423 3740 586 3804 sententia
614 3749 728 3805 nostre
754 3744 866 3825 paucis
889 3745 1126 3826 comprehensa
1178 3742 1346 3809 diversum
1373 3743 1414 3807 ab
1436 3743 1477 3806 iis
1499 3743 1676 3825 quidquem
1699 3742 1869 3807 tradimus.
1916 3743 2158 3809 Censtituimus

144 3829 198 3895 his
220 3827 327 3892 literis
349 3834 383 3889 et
404 3825 440 3889 in
462 3826 592 3907 scriptis
621 3828 745 3893 nostris
768 3830 918 3910 exposita
941 3830 1059 3895 fusius:
1083 3853 1125 3895 ex
1178 3829 1266 3892 enirn
1289 3827 1491 3904 electionem,
1514 3850 1578 3911 qua
1595 3829 1689 3893 Deus
1711 3838 1897 3911 peccatores
1920 3837 1954 3892 et
1976 3830 2063 3893 nihil
2085 3829 2159 3895 boni

145 3936 211 3998 que
239 3914 295 3996 qui
324 3912 448 3987 volent,
478 3911 628 3993 sepositis
655 3915 819 3994 personis,
847 3917 990 3997 seposito
1012 3916 1125 3982 fervore
1177 3914 1312 3977 meritos
1338 3914 1374 3977 iu
1397 3912 1531 3978 Christo
1559 3912 1672 3997 elegit,
1707 3917 1840 3979 omniuo
1868 3935 1940 3980 osse
1967 3917 2158 3998 gratuitam,

145 4012 203 4065 ant
220 3999 303 4076 odio,
326 3998 421 4064 facile
437 3995 478 4061 de
495 3999 709 4063 consensione
725 4009 783 4064 ant
798 3998 1000 4065 dissensione
1012 4009 1126 4066 nostra
1177 3999 1271 4063 iuxta
1292 3998 1375 4063 illud
1394 4000 1544 4081 apostoli:
1568 4000 1643 4064 Non
1665 4007 1714 4064 cst
1734 4001 1873 4066 volentis
1896 4022 2003 4084 neque
2026 4023 2160 4067 curren·

143 4085 342 4151 iudicabunt.
367 4085 529 4148 Amemus
548 4103 615 4160 vos,
637 4084 763 4164 fratres,
788 4106 936 4150 amemus
955 4088 1126 4153 eeclesiam
1177 4086 1235 4163 tis,
1265 4084 1322 4149 scd
1344 4085 1529 4150 miserentis
1550 4086 1623 4150 Dei.
1667 4085 1767 4150 Item:
1802 4087 1915 4170 Elegit
1942 4106 2005 4150 nos
2032 4088 2160 4171 inipso

144 4179 300 4249 vestram,
324 4190 361 4235 ac
383 4170 565 4233 Dominum
587 4190 628 4234 cx
651 4170 761 4235 animo
783 4193 931 4251 oremus,
954 4181 992 4237 ut
1013 4174 1126 4239 turbas
1178 4178 1354 4253 antequam
1370 4172 1557 4236 iacerentur
1574 4169 1790 4237 fundamenta
1807 4171 1932 4250 mundi,
1956 4193 1995 4237 ae
2007 4172 2161 4255 praedes·

144 4279 258 4323 omnes
276 4256 415 4321 feliciter
432 4255 575 4321 clemens
593 4262 627 4320 ot
643 4256 807 4340 benignus
820 4259 998 4341 consopiat.
1023 4258 1126 4325 Orate
1177 4258 1298 4322 tinevit
1320 4277 1388 4335 nos,
1412 4263 1451 4321 ut
1472 4257 1645 4340 adoptaret
1665 4258 1701 4320 in
1723 4258 1807 4322 filios
1830 4281 1889 4340 por
1910 4258 2026 4323 Iesum
2047 4259 2161 4325 Chris·

143 4365 204 4427 pro
231 4344 325 4408 nobis
356 4341 545 4406 Dominum.
591 4340 705 4407 Viuite
732 4350 766 4408 et
793 4344 916 4421 valete,
946 4345 1070 4410 domini
1093 4352 1127 4410 et
1179 4354 1250 4408 tum
1272 4343 1307 4406 in
1329 4365 1409 4420 sese,
1432 4344 1525 4407 iuxta
1548 4342 1789 4425 beneplacitum
1812 4343 1993 4408 voluntatis
2013 4366 2103 4424 suae,
2127 4356 2162 4408 ut

144 4430 265 4493 fratres
303 4430 338 4492 in
374 4428 508 4493 Christo
540 4427 669 4492 colendi
703 4438 737 4492 et
771 4429 889 4496 dilecti.
934 4432 1050 4515 Tiguri
1085 4436 1124 4493 27
1178 4427 1331 4493 laudetur
1370 4429 1475 4512 gloria
1511 4430 1638 4513 gratiae
1679 4449 1765 4493 suec.
1825 4429 1956 4494 Deinde
1996 4430 2161 4508 docemus,

146 4514 304 4579 Novemb.
327 4535 412 4577 enno
440 4517 528 4576 1551.
1179 4513 1287 4591 fidem,
1310 4536 1369 4597 per
1391 4536 1490 4598 quem
1503 4515 1630 4579 Christi
1644 4516 1804 4579 efficimur
1821 4515 2009 4599 participes,
2032 4538 2163 4582 merum

352 4599 508 4665 Pastores
545 4598 757 4682 doctoresque
789 4601 936 4666 ministri
973 4602 1127 4667 ecclesiae
1179 4622 1250 4666 esse
1262 4599 1326 4663 Dei
1349 4601 1479 4679 donum,
1503 4607 1616 4682 utpote
1638 4621 1736 4682 quam
1758 4601 1858 4666 donat
1879 4603 1948 4683 ipse
1970 4614 2069 4683 pater
2091 4624 2162 4668 coe-

626 4686 813 4770 Tigurinee.
829 4687 854 4771 ¹)
1179 4687 1286 4764 lestis,
1316 4688 1452 4768 nequis
1475 4708 1585 4752 coram
1607 4685 1679 4750 Deo
1701 4686 1876 4768 glorietur,
1904 4687 1956 4752 sui
1978 4686 2038 4751 filii
2063 4688 2162 4753 dilec-

149 4824 255 4830 -..
310 4825 353 4830 -,.
1180 4772 1299 4835 tissimi
1311 4782 1469 4854 respectu,
1487 4774 1534 4836 ita
1550 4782 1588 4836 ut
1602 4773 1732 4836 initium
1750 4782 1784 4836 et
1796 4795 1999 4856 progressus,
2017 4775 2164 4838 breviter

195 4956 200 4966 ¹
219 4886 248 4953 1)
258 4886 382 4940 Nomina
396 4890 621 4945 substribentr'um
635 4894 665 4945 ia
679 4893 753 4946 callo
769 4893 920 4959 cuemplori
934 4894 1128 4963 nobecqsito
1153 4930 1156 4973 i
1180 4859 1291 4957 000000
1312 4857 1396 4935 fidei’
1420 4859 1486 4922 ⁸th
1506 4859 1636 4956 divina?
1658 4860 1783 4957 gratiae,
1804 4879 1951 4958 mufmfa·
1983 4858 2163 4959 Caeterum

143 4955 266 5024 legamus.
1153 4945 1306 5013 'viribus
1339 4943 1485 5007 nondum
1516 4951 1623 5008 renati
1657 4944 1799 5008 hominis
1832 4944 1916 5008 nrhrl
1950 4946 2163 5010 attribuimus

1180 5030 1243 5093 nisi
1276 5030 1531 5111 corruptionem,
1565 5030 1697 5112 culpem
1729 5036 1762 5093 et
1793 5051 1942 5111 poenam.
1979 5030 2162 5095 Renovatis

533 5130 737 5140 —-—-
1153 5024 1156 5164 i
1180 5135 1259 5180 vero
1282 5115 1400 5197 spiritu
1412 5114 1477 5180 Dei
1499 5114 1696 5194 hominibus,
1719 5123 1852 5198 propter
1869 5118 2024 5199 spiritum
2041 5118 2162 5200 guber·
