4620 5894
124 210 185 272 bbl
1029 203 1240 270 MERIM.
1983 224 1988 235 ·
2081 205 2143 269 552

124 394 200 461 baec
225 395 391 480 retiqioriis
417 414 517 478 usque
543 394 586 460 ad
606 412 812 478 propressum
839 397 867 458 et
894 391 1102 476 &intumum
1251 391 1285 456 A
1307 391 1439 475 reliquis
1459 413 1531 458 uero
1554 390 1710 472 Statibns,
1737 392 1794 473 qui
1814 392 1992 458 muniones
2011 391 2146 458 induce·
2199 395 2203 399 ’

125 481 261 561 conatii,
282 481 318 546 in
340 481 399 548 liae
420 502 527 546 rerum
546 481 687 546 omnium
699 477 937 562 perturbatione
957 483 986 544 et
1006 478 1113 562 confu·
1165 482 1248 558 mint,
1269 478 1419 544 siuilitcr
1439 499 1501 544 sua
1523 477 1683 544 Maiestas
1703 479 1865 545 clementer
1890 476 1981 543 ualde
2002 498 2040 543 aa
2060 479 2145 545 scrio

126 567 213 634 sione
234 566 345 632 relicta
360 568 523 651 pendnet,
551 567 608 632 sed
624 565 734 648 potius
757 564 801 631 ad
820 563 1029 631 clndianam
1052 564 1112 630 ali·
1164 564 1315 646 requirit,
1343 569 1379 628 nt
1411 565 1459 630 cel
1493 565 1535 630 od
1574 583 1750 630 mmmunes
1773 562 1885 628 Status
1911 563 2088 630 accedentes
2108 564 2145 630 in

128 673 227 736 quam
243 653 491 720 conciliationem
507 651 813 732 moderationemque
824 648 991 732 plrduata,
1003 651 1112 716 inme·
1163 650 1376 716 asianam
1392 651 1644 717 constitutionum
1665 655 1693 715 et
1713 650 1979 715 cannnoiiiarnm
2000 649 2145 717 catenae

124 738 205 805 liore
225 756 329 818 senisu,
352 745 382 803 et
401 738 581 804 coiicudiac
595 737 747 820 publicae
763 736 867 821 maqis
888 736 1112 803 meanmodato
1163 734 1331 802 catliolicae
1352 757 1413 818 por
1434 737 1541 806 onnia
1563 756 1634 802 ann
1655 736 1724 802 illis
1744 735 1937 815 moenum,
1964 736 2012 801 oel
2032 735 2146 803 saltem

125 823 336 892 mbocardur.
387 825 461 890 Non
486 825 569 889 enim
597 821 992 890 alamannicarum
1019 822 1111 887 sectis
1162 821 1339 887 doctrinam
1372 843 1466 887 mam
1498 828 1528 889 et
1560 822 1761 888 ecclesiarmn
1792 823 2018 888 institutionem
2049 824 2145 888 iuata

127 910 268 993 midique
296 909 542 992 erumpentibus,
569 909 711 990 anplius
738 907 1010 974 dissininlaridum
1036 928 1110 985 esse,
1156 908 1355 989 praedictam
1371 909 1625 974 ansultationem
1646 909 1681 972 in
1697 907 1841 973 cumbis
1860 909 2068 989 moderentur,
2090 925 2145 974 nec

126 1001 185 1062 aut
204 995 269 1062 irllo
290 996 381 1062 modo
400 995 576 1077 tandum,
605 999 641 1060 ut
655 1014 719 1076 per
739 1013 795 1059 eas
810 1015 882 1077 pue
894 992 1029 1074 publica
1051 995 1110 1060 irn-
1162 993 1299 1058 ulterius
1331 994 1503 1076 quidquam
1540 993 1723 1072 instituant,
1762 999 1818 1058 aut
1857 994 1982 1078 lonqius
2013 1013 2145 1078 propre-

123 1082 236 1164 pedtri
253 1082 394 1161 deinceps
416 1087 473 1146 aaut
486 1080 672 1164 perturbari
688 1080 799 1162 possit.
1162 1079 1300 1143 dimine.
1348 1080 1436 1161 Quod
1455 1081 1486 1146 si
1507 1082 1563 1163 qui
1583 1081 1663 1163 torte
1684 1081 1752 1145 iani
1769 1079 1892 1163 loriqins
1913 1080 2144 1159 abscessissent,

140 1223 150 1241 ,
214 1166 302 1231 Haec
327 1168 373 1232 ita
402 1168 506 1250 aqcnti
533 1187 611 1232 suae
639 1164 822 1244 Maiestati,
851 1171 879 1231 et
905 1163 987 1229 nibil
1014 1166 1049 1229 in
1075 1186 1111 1231 rc
1162 1171 1196 1228 ut
1216 1164 1244 1228 ii
1265 1166 1309 1230 ad
1330 1166 1569 1232 consultationis
1585 1166 1677 1231 illius
1697 1165 1936 1231 moderationem
1957 1166 2061 1232 modis
2078 1185 2144 1230 orn·

18 1243 33 1270 ⁸
125 1253 218 1338 pram
239 1273 277 1318 aa
296 1253 424 1335 distioili
452 1258 507 1318 aut
529 1251 648 1318 laboris
672 1256 730 1316 aut
750 1270 861 1333 operm
887 1251 1109 1330 intermittenti,
1161 1250 1255 1316 aaa
1276 1271 1310 1317 sc
1331 1253 1495 1332 recipiant,
1518 1257 1609 1335 atque
1626 1251 1718 1317 illius
1735 1270 1769 1316 se
1785 1250 1940 1316 limitibus
1957 1252 2142 1328 contineant,

128 1339 260 1422 quidam
279 1340 388 1422 maqni
410 1338 548 1406 nominis
569 1344 598 1402 et
615 1343 717 1404 natus
734 1337 858 1423 epreqia
879 1336 981 1402 animi
1004 1337 1110 1403 volun·
1161 1341 1189 1401 et
1209 1341 1245 1401 ut
1266 1355 1371 1402 omnes
1389 1336 1526 1421 Imperii
1547 1338 1681 1417 ordines,
1704 1357 1763 1419 quo
1780 1337 2006 1420 tranquillitati
2024 1341 2053 1402 et
2062 1337 2143 1419 paci

127 1428 205 1504 tote,
234 1445 299 1506 qua
316 1443 428 1506 pacem
445 1424 607 1506 publicam
628 1429 656 1490 et
677 1422 886 1489 mristianam
914 1423 1109 1489 commitam
1156 1420 1302 1503 piiblicoe
1318 1424 1506 1490 commodior
1522 1423 1609 1490 locta
1629 1443 1694 1489 esse
1714 1423 1832 1506 possit,
1855 1424 2054 1506 praedictam
2075 1441 2143 1489 oon

14 1522 26 1546 “
117 1515 368 1594 prosequentur,
405 1515 434 1575 et
461 1510 623 1594 sinqulari
650 1510 687 1575 iri
707 1509 853 1590 patriam
880 1509 1012 1574 caritate
1032 1529 1108 1590 per·
1160 1509 1358 1574 saltationem
1378 1509 1433 1576 boc
1454 1514 1589 1591 ternpore
1609 1509 1749 1589 tolerent,
1778 1529 1907 1591 iainque
1928 1530 1983 1576 nee
2003 1509 2070 1592 ipsi
2090 1528 2143 1591 op-

124 1595 210 1670 mat
232 1597 417 1662 sententiam
439 1615 531 1662 marn
553 1596 588 1660 in
610 1595 664 1662 boc
685 1593 849 1678 reliqionis
870 1593 1001 1679 neqotio,
1028 1614 1108 1678 quae
1154 1599 1309 1678 pupnent,
1334 1615 1388 1660 nec
1415 1596 1455 1662 ab
1482 1595 1561 1662 aliis
1589 1596 1781 1679 oppuqnori,
1813 1601 1871 1660 aut
1896 1593 2056 1674 domina,
2085 1599 2143 1661 aut

124 1679 177 1747 liic
199 1681 349 1748 adiuncta
366 1686 424 1761 est,
453 1687 624 1765 apportem
652 1679 826 1746 anonae
846 1680 1108 1762 tradideruntque
1160 1681 1293 1761 scripto,
1323 1687 1379 1746 aut
1405 1681 1601 1748 nnuman
1623 1682 1820 1763 permitam,
1856 1681 1913 1746 sed
1940 1680 2066 1747 concilii
2091 1699 2143 1764 qe·

122 1766 307 1852 diliquitius
327 1767 578 1848 expendendam,
601 1767 699 1832 simul
721 1767 868 1848 polliciti,
889 1786 922 1831 se
943 1787 1012 1832 cam
1034 1765 1108 1832 dili·
1159 1767 1281 1832 neralis
1302 1765 1512 1847 definitionem
1540 1773 1569 1832 et
1593 1767 1835 1834 declarationem
1864 1786 1960 1849 aequo
1987 1768 2144 1833 animoet

122 1857 229 1938 pentir
249 1853 463 1920 usuamuros
483 1873 556 1919 esse.
1161 1852 1333 1918 obedienter
1350 1858 1528 1934 respectent.

213 1938 307 2005 Hanc
342 1957 414 2004 cero
453 1939 706 2005 consultationem
742 1937 804 2002 sibi
844 1937 978 2014 oblatam
1013 1956 1109 2021 quiem
1249 1938 1377 2004 Interea
1397 1944 1500 2005 tamen
1522 1960 1584 2004 sua
1606 1938 1766 2005 Maiestas
1788 1958 1908 2003 munem
1930 1957 2058 2012 curam,
2080 1941 2145 2002 stu·

129 2022 287 2091 amara
315 2023 476 2090 Maiestas
509 2025 672 2091 nonnullis
711 2023 873 2108 theoloqis,
902 2025 1024 2106 peritia
1059 2043 1110 2088 sa·
1161 2025 1252 2089 dium
1274 2029 1302 2088 et
1323 2025 1523 2109 diliqentiarn
1545 2024 1715 2104 adhibebit,
1743 2030 1779 2088 ut
1802 2025 1947 2108 qenerole
1969 2023 2145 2103 amabam,

126 2131 256 2178 orarum
299 2111 477 2189 literarum,
512 2108 672 2193 sinquleni
703 2109 768 2191 pide
801 2115 894 2193 atque
935 2110 1110 2175 auditione
1161 2111 1243 2192 quad
1267 2108 1376 2176 Status
1395 2111 1694 2195 omnesefflaqitant,
1717 2110 1881 2184 celebretur
1897 2111 2006 2191 priirio
2025 2130 2145 2192 quoque

120 2197 292 2279 praeditis,
312 2197 528 2263 moutundam
545 2196 688 2274 dedisset,
712 2215 751 2261 cic
773 2215 878 2261 eorum
900 2196 1004 2262 relatu
1025 2215 1109 2261 acce·
1162 2201 1311 2277 tempore,
1338 2201 1367 2260 et
1385 2199 1567 2279 permanica
1592 2198 1681 2262 natio
1710 2217 1730 2261 a
1753 2199 1913 2278 praesenti
1940 2196 1999 2262 tac
2026 2197 2146 2262 disseri·

120 2283 183 2368 pit,
206 2302 275 2348 eam
296 2282 560 2361 cmindtationem,
583 2282 613 2345 si
635 2282 671 2346 in
692 2301 787 2346 sensu
808 2287 888 2348 recto
911 2286 940 2346 et
961 2280 1109 2347 canino
1162 2282 1250 2348 nuic
1265 2283 1394 2363 penitus
1416 2283 1570 2349 liberetur.

127 2367 329 2452 irtelliqatur,
353 2374 479 2432 nostrae
502 2387 594 2433 aerae
616 2373 644 2431 et
666 2367 1000 2451 catholicaereliqioni,
1023 2366 1111 2434 eccle
1250 2367 1345 2433 Nunc
1366 2387 1487 2450 quoque
1498 2368 1658 2435 Maiestas
1675 2369 1745 2434 eius
1767 2369 1821 2433 dat
1843 2389 1970 2450 operam
1991 2373 2026 2433 ut
2047 2367 2148 2434 cbris-

126 2455 275 2522 siasticoe
297 2454 454 2519 doctrinae
477 2455 606 2519 statutis
628 2459 657 2517 ct
679 2452 932 2519 ordinationibus
962 2453 1110 2536 (emeplis
1163 2453 1253 2519 uana
1274 2453 1457 2535 reformatio
1478 2455 1683 2536 concipiatur,
1706 2454 1757 2519 liis
1779 2455 1875 2519 etiarn
1895 2456 2032 2520 comitiis
2051 2453 2148 2520 nai

125 2545 249 2606 tontum
270 2540 390 2605 duobus
410 2539 564 2619 articulis,
588 2540 833 2605 communionem
854 2540 1022 2621 utriunque
1044 2558 1111 2620 spe
1163 2539 1222 2605 bus
1238 2538 1445 2622 publicando,
1468 2560 1585 2625 arama
1602 2560 1656 2621 spe
1677 2560 1715 2607 ao
1730 2539 1858 2620 fiducia,
1882 2541 1966 2623 quod
1982 2541 2057 2606 laec
2074 2541 2148 2621 ipsa

126 2627 187 2693 ciei
209 2631 239 2690 et
259 2626 440 2708 coniuqi'um
459 2626 652 2690 sacudduni
680 2625 953 2709 mntinqentibus),
981 2625 1111 2689 minime
1163 2626 1207 2692 ad
1228 2627 1417 2709 disciplinae
1439 2625 1631 2692 christianae
1659 2628 1919 2692 cuneroationem
1946 2627 2149 2692 etoirtutum

11 2720 14 2724 '
128 2713 309 2792 Mansuri,
338 2712 393 2778 sed
415 2712 524 2793 potius
544 2711 587 2776 ad
603 2711 851 2793 prunoiendam
872 2729 910 2777 ac
930 2730 1112 2793 consequen
1160 2731 1378 2796 proqressum,
1411 2716 1439 2778 et
1466 2718 1500 2778 ut
1527 2712 1646 2778 abusus
1674 2730 1712 2777 ao
1739 2713 1893 2779 scandala
1922 2713 1989 2779 tolli
2009 2713 2148 2796 possint,

127 2799 204 2865 dam
224 2799 261 2863 in
283 2797 338 2864 boc
358 2797 524 2881 raliqionis
545 2797 683 2864 dissidio
704 2797 915 2876 concordiam,
942 2797 986 2864 ad
998 2816 1112 2881 pacem
1163 2797 1297 2864 nundum
1317 2798 1467 2864 utitatis
1486 2800 1529 2863 sit
1549 2799 1696 2864 addara.

126 2885 163 2950 in
190 2884 331 2968 Imperio
359 2881 592 2964 subdendam,
625 2884 769 2967 futuam
797 2883 906 2950 utilem
937 2889 1032 2966 atque
1062 2904 1112 2949 ao
1251 2883 1295 2949 Et
1315 2885 1466 2967 quoniam
1485 2885 1521 2949 in
1537 2885 1706 2965 madiae
1723 2885 1954 2965 consultatione,
1977 2885 2035 2951 sub
2056 2885 2149 2952 titulo

127 2971 372 3050 oomnmdatam,
400 2970 525 3053 qualem
553 2976 582 3035 ct
603 2990 687 3036 nunc
714 2981 776 3034 sna
798 2969 956 3036 Maiestas
974 2974 1112 3054 spedata
1136 3002 1140 3123 ἡ
1165 2971 1203 3036 de
1220 2971 1437 3050 canemoniis,
1461 2973 1543 3036 inter
1563 2971 1631 3036 alia
1653 2971 1818 3051 suibitm,
1846 2972 1914 3037 tolli
1934 2975 2027 3052 aque
2049 2990 2149 3036 emac-

126 3055 240 3124 borum
261 3061 435 3140 temporum
456 3057 628 3124 condidone
647 3076 713 3122 esse
730 3056 861 3136 iudicat,
881 3061 916 3121 ut
931 3076 1012 3139 quae
1029 3054 1112 3121 nibil
1164 3057 1240 3124 dari
1266 3056 1391 3135 dcbne,
1420 3058 1451 3122 si
1477 3056 1556 3139 quid
1582 3057 1662 3138 forte
1690 3058 1869 3138 irrepsisset
1900 3059 1983 3140 quod
2017 3076 2150 3123 missam

126 3144 232 3228 inopis
261 3146 354 3225 optet,
381 3148 438 3209 aut
464 3141 527 3210 sibi
554 3143 733 3209 mirandum
755 3146 860 3224 pidet,
888 3162 985 3224 quam
1006 3142 1113 3209 mdeat
1164 3144 1242 3209 dare
1258 3144 1363 3224 possit
1383 3143 1603 3224 superstitioni
1624 3147 1692 3222 etc,
1715 3149 1855 3209 resernat
1876 3145 1939 3209 sibi
1959 3163 2021 3209 suo
2042 3141 2158 3209 Maio-⁸

127 3229 300 3312 aliquando
321 3231 485 3296 uniuersos
502 3229 639 3312 Imperii
660 3229 786 3295 ordines
803 3229 840 3294 in
857 3229 1015 3295 altissima
1031 3246 1113 3312 pace
1165 3235 1232 3295 stas
1259 3249 1371 3295 auam
1398 3230 1434 3294 in
1461 3229 1516 3295 lioc
1540 3229 1610 3311 ipso
1633 3230 1766 3312 neqotio,
1795 3235 1886 3311 atque
1913 3230 2004 3311 aliis,
2036 3228 2093 3294 ubi
2122 3235 2152 3295 et

128 3316 277 3400 depentes,
299 3317 398 3382 unitis
419 3320 546 3381 sanetae
562 3315 727 3399 reliqionis
742 3315 891 3382 ,aiendi
902 3315 1025 3382 maculo
1043 3335 1112 3380 con·
1164 3316 1289 3398 mando
1312 3335 1390 3398 opus
1406 3315 1515 3398 fuerit,
1537 3315 1663 3380 modum
1685 3320 1713 3379 et
1729 3316 1872 3381 ordinem
1888 3316 2064 3400 lepitirnum
2080 3336 2151 3381 cori-

129 3401 260 3480 iunotos,
282 3401 542 3485 quenadmodum
564 3422 604 3466 ca
621 3403 744 3469 ratione
764 3403 987 3484 imperatoriae
1008 3401 1112 3485 diqni
1165 3402 1323 3469 stitaendi.
1370 3400 1508 3484 Siquid
1526 3403 1609 3467 enim
1633 3399 1792 3467 Caesium
1815 3402 1982 3483 Maiestas,
2000 3404 2084 3485 quad
2106 3402 2151 3470 ad

126 3487 205 3551 tatis
224 3488 266 3552 ad
288 3507 322 3552 se
341 3489 501 3552 ecidimat
519 3488 682 3570 pertinere.
1136 3520 1139 3541 ι
1164 3487 1231 3555 Dei
1249 3489 1395 3572 quum,
1419 3489 1463 3554 ad
1476 3489 1714 3570 pacificandam
1735 3488 1930 3572 reliqioneru,
1951 3488 2151 3570 firmandam

216 3572 320 3653 Quare
352 3593 434 3638 nunc
464 3572 621 3640 Caesarea
654 3573 813 3640 Maiestas
845 3596 866 3639 a
899 3572 1112 3641 ammunibus
1157 3594 1286 3656 paoern,
1315 3575 1526 3640 iustitiamet
1554 3572 1815 3656 tranquillitatem
1837 3576 1873 3640 in
1894 3595 1984 3641 sacro
2006 3575 2151 3658 Imperio

125 3653 264 3740 Imperii
289 3657 446 3738 Mathia,
468 3661 525 3740 qui
547 3659 693 3725 icaunae
714 3659 883 3726 catholicae
904 3659 1113 3725 institutiones
1161 3662 1361 3744 pennani'eae
1397 3661 1554 3741 numnis,
1585 3660 1717 3741 deniqne
1757 3661 1800 3726 ad
1838 3661 1979 3727 annium
2011 3661 2177 3744 Imperii>

124 3764 163 3810 ac
194 3744 316 3810 Mucia
337 3744 485 3811 tintenias
505 3763 633 3810 summa
655 3765 726 3811 cnm
749 3744 845 3812 laude
866 3744 1112 3826 obsnaaoerunt,
1164 3747 1313 3812 ordinum
1347 3747 1517 3812 utilitatem
1544 3747 1718 3827 pertineat,
1760 3749 1933 3831 suscipere,
1976 3747 2151 3829 imdtuue,

126 3830 289 3897 elementer
309 3831 457 3914 requirit,
487 3835 524 3898 ut
544 3830 650 3897 eadem
677 3831 822 3914 deinceps
848 3831 991 3915 reliqiose
1012 3831 1112 3896 obser-
1164 3832 1283 3914 efficere
1304 3837 1361 3898 aut
1376 3851 1485 3916 urqere
1502 3833 1632 3913 poterit,
1660 3833 1695 3896 in
1715 3853 1749 3898 eo
1770 3853 1804 3898 sc
1823 3853 1893 3899 ann
1915 3835 2002 3899 omni
2022 3834 2151 3900 aunum

126 3921 214 4000 aa,
241 3922 423 4000 teneantque
443 3921 632 3998 constanter,
660 3937 715 3984 nec
744 3937 777 3983 se
804 3916 843 3983 ab
865 3918 912 3982 eis
933 3917 1026 3982 anelli
1046 3916 1112 3983 ullo
1164 3918 1221 3993 tia,
1243 3923 1278 3983 ut
1301 3917 1529 4001 Imperatorem
1549 3918 1654 4000 facere
1670 3938 1739 4000 par
1760 3925 1815 3999 cst,
1837 3919 1957 3986 calita
1971 3921 2151 4001 paratissi-

126 4003 216 4070 modo
244 4004 430 4087 patiantur,
468 4008 526 4071 ant
562 4004 687 4069 omnino
728 4004 904 4086 quidquam
941 4003 1111 4083 innuunt,
1162 4023 1257 4084 mum,
1280 4023 1417 4087 quaeque
1438 4005 1546 4070 omnia
1569 4003 1728 4070 Caesarea
1750 4004 1922 4086 Maiestas,
1945 4011 1981 4070 ut
2003 4007 2151 4072 animum

126 4089 211 4171 quod
226 4090 293 4172 ipsi
308 4111 343 4156 se
356 4091 498 4174 fadmos
517 4096 546 4155 et
556 4095 798 4174 perseueranter
814 4090 1029 4157 obseruaturos
1046 4109 1112 4155 esse
1163 4109 1259 4155 amm
1279 4091 1467 4170 deelararet,
1494 4091 1710 4157 communibus
1732 4089 1874 4159 &atim
1901 4091 2063 4160 cbnunter
2084 4093 2151 4178 siq-

127 4175 196 4241 iam
217 4181 309 4242 arina
330 4175 504 4244 abluunirit
524 4196 563 4242 oc
581 4181 768 4260 recepemnt.
1162 4175 1295 4258 nificare
1314 4176 1419 4244 aolrdt.
