4620 5894
143 234 207 295 667

1051 223 1256 291 SERVETI

2110 229 2166 291 668

143 417 309 486 claritatis.
342 378 442 498 11161)
465 413 617 480 ‹leci-ruam
638 400 778 493 cucurrit,
801 414 883 496 quod
901 413 994 478 Iesus
1014 409 1128 475 Siroeh
1177 413 1265 494 facit.
1312 411 1350 478 Si
1370 416 1454 478 euim
1474 414 1585 491 uena,
1620 413 1702 479 hune
1722 434 1788 480 esse
1813 415 1926 495 filium
1948 412 2028 493 Dei,
2060 415 2165 479 1666611

137 510 212 589 post
233 523 307 568 suos
334 502 477 578 maiores,
510 501 609 579 eapite
630 499 738 580 primo
765 501 819 577 ait,
848 519 918 563 eam
937 499 1129 578 sapientiam

144 594 217 658 6166
234 589 395 672 plerisque
416 586 615 666 apparuisse,
644 585 770 664 eiusque
797 586 929 666 speciem
951 584 1032 664 ipsis
1053 582 1127 646 olim

142 678 247 742 uisam
264 678 520 757 perspectamque
539 670 648 751 fnisse.
671 669 756 733 Eam
782 671 888 751 ipsam
917 670 965 733 ait
982 666 1124 743 Baruoh,

147 763 223 827 olim
243 761 347 825 nisam
375 757 414 822 ah
436 756 622 820 homin-ihus.
686 755 796 820 Videri
823 761 956 835 poterat,
990 756 1019 817 si
1054 757 1127 830 [pag.

147 853 224 929 600]
253 850 320 910 erat
340 850 406 909 tam
426 842 566 907 luciduco
586 840 754 922 speculam,
783 845 810 903 et
830 843 935 922 imaqo
957 839 1124 915 clar-itatis,

145 939 181 999 ut
210 934 258 997 ait
293 931 369 996 liher
392 927 581 1008 Sapientiae.
637 925 692 989 Ea
726 927 800 1006 ipsa
831 931 900 991 erat
933 927 968 989 16
1000 923 1128 987 sublimi

145 1020 263 1095 salens,
298 1019 388 1081 ouius
410 1014 547 1090 thronus,
580 1013 646 1076 siae
667 1011 789 1089 solium,
824 1016 893 1075 erat
913 1012 947 1073 in
969 1010 1057 1089 nimo,
1092 1009 1128 1073 iu

147 1104 249 1169 Masis
280 1099 483 1176 tabernaculo,
516 1103 543 1162 et
570 1097 750 1161 Salomonis
782 1095 901 1177 ternplo,
931 1095 1048 1161 Ecolcs.
1070 1099 1126 1157 24.

154 1190 356 1257 Undecimum
377 1185 520 1261 occurrit,
543 1183 624 1264 quael
645 1184 726 1247 sicut
747 1184 834 1263 apael
857 1181 1060 1258 Salourouem,
1082 1180 1127 1243 aa

147 1275 235 1357 apud
253 1273 391 1338 Esaiam
412 1270 529 1336 elicitur
551 1268 625 1333 olim
648 1270 682 1332 in
699 1268 768 1333 Deo
789 1268 904 1333 creatio
925 1272 953 1331 61
973 1266 1128 1347 forricatio,

148 1360 299 1427 Christus
321 1360 389 1440 ipse
415 1354 683 1420 161166666166
717 1359 744 1417 et
773 1354 932 1435 scrutatus
966 1352 1127 1433 (116645

147 1447 268 1529 6116).
320 1442 411 1508 Mira
432 1441 592 1506 uerborum
625 1440 795 1505 concordia.
850 1439 944 1502 Aelele
977 1438 1129 1501 rationem

145 1532 301 1609 ultimam,
329 1550 410 1609 qnae
431 1527 569 1591 sumitur
592 1525 630 1589 ab
653 1526 804 1603 omnihus,
834 1525 890 1605 qui
911 1521 1050 1587 hebraice
1071 1542 1128 1585 uu·

146 1638 243 1699 quam
265 1616 466 1696 scripserunt.
513 1611 600 1675 lianc
635 1612 664 1674 si
695 1610 792 1674 realis
818 1610 876 1673 illa
903 1608 950 1672 ihi
970 1607 1128 1691 siqnifica·

148 1703 241 1767 botru
261 1703 310 1765 rei
327 1700 491 1764 distinctae
506 1699 672 1779 peroratio,
695 1696 862 1779 iusiquitor
881 1694 937 1758 hac
956 1695 1068 1775 fuisset
1088 1693 1128 1756 ah

148 1790 196 1854 eis
217 1791 366 1865 notatam,
389 1789 460 1848 aute
481 1787 598 1864 etpost
622 1782 741 1846 Christi
762 1781 937 1845 adventum.
977 1778 1042 1842 1166
1063 1784 1128 1842 tri-m

149 1874 288 1956 ius-iquis
309 1871 476 1953 insiqniter
497 1873 563 1933 erat
584 1869 728 1931 uotorulo.
787 1867 833 1930 At
867 1885 954 1929 rrenro
988 1884 1128 1944 tauquam

148 1960 192 2025 ili
215 1959 296 2023 talia
317 1957 469 2040 copitauit.
506 1955 644 2018 Tutorem
665 1954 719 2017 hoc
747 1954 894 2017 eliserunt
922 1956 1052 2014 veteres:
1086 1948 1130 2011 Iu

149 2044 214 2111 Dei
247 2044 413 2124 sapientia,
455 2041 535 2105 reiut
563 2040 599 2102 in
632 2040 742 2103 anima
774 2038 920 2113 horrrinis,
961 2055 1011 2100 res
1045 2034 1129 2098 alias

150 2131 293 2211 conspici.
340 2127 523 2192 Fasciuutis
549 2124 697 2205 sophistis
723 2130 751 2187 ot
777 2123 903 2205 linquae
924 2126 1048 2185 sauctae
1072 2121 1128 2183 irn-

143 2217 259 2298 peritis
291 2213 455 2279 debebatur
481 2216 584 2276 oestro
605 2211 721 2287 illusio,
751 2211 786 2273 iu
808 2228 902 2290 raquo
924 2206 1130 2271 Aritiohristi:

149 2307 185 2367 ut
206 2300 314 2364 Deum
335 2299 482 2375 laceretis,
511 2296 722 2376 impossibilia
748 2296 783 2357 in
812 2313 845 2357 eo
865 2293 1004 2376 tiuqatis,
1028 2296 1055 2355 61
1076 2291 1128 2355 ho-

149 2388 265 2452 minem
287 2405 351 2450 esse
372 2383 548 2448 naturalem
569 2382 674 2461 fil-ium
696 2379 820 2463 rreqetis.

446 2636 675 2703 EPISTOLA
702 2634 840 2701 NONA.

241 2811 344 2876 Citari
367 2810 431 2887 tihi,
465 2814 492 2873 ct
522 2810 556 2873 in-
578 2829 677 2872 auum
698 2808 836 2872 rulartos
859 2808 901 2871 acl
923 2805 1046 2868 tamisi
1069 2825 1131 2868 our

151 2921 205 2965 rus
226 2896 497 2980 eoanqclistorum,
520 2895 732 2976 apostolorum
754 2900 780 2958 et
799 2891 1025 2974 discipulorum
1043 2890 1130 2969 locos,

151 2987 186 3050 iu
208 2985 321 3066 quihus
343 2982 379 3045 616
400 2980 462 3060 tiele
482 2981 519 3060 tit
540 2982 661 3059 mentio,
684 2985 711 3043 et
734 2981 768 3044 iu
790 2978 904 3060 quihus
926 2977 963 3039 ale
983 2976 1130 3039 6666166616

148 3070 186 3152 fit
206 3070 335 3134 mentio:
368 3072 404 3130 at
432 3065 504 3130 harre
527 3067 634 3129 auleas
662 3066 738 3145 quiri
760 3066 809 3129 illi
831 3070 904 3128 tuno
925 3062 1130 3139 crediderant,

151 3162 179 3219 et
200 3156 277 3237 quial
301 3152 487 3217 credendum
508 3152 682 3216 (lacerarunt.
730 3149 834 3215 Citari
861 3149 920 3214 tilri
941 3168 978 3210 coc
1001 3146 1129 3225 166666,

151 3262 188 3307 ea
211 3241 318 3304 ourrria
341 3239 384 3304 ael
405 3237 459 3302 hoc
479 3238 598 3319 scripta
618 3258 691 3317 esse,
723 3242 758 3299 at
778 3237 887 3301 orerlas
910 3233 1017 3298 Iesum
1039 3234 1130 3298 illum

153 3327 359 3391 Nazarenum
392 3344 456 3387 esse
489 3343 594 3388 sertim
617 3322 773 3387 Messium
802 3322 907 3402 tiliam
928 3318 1002 3397 Dei,
1037 3321 1130 3399 inique

150 3412 277 3478 credens
297 3408 487 3489 iustificeris,
511 3408 702 3472 1666620.
737 3408 825 3472 Haec
849 3407 968 3472 Christi
986 3406 1065 3486 116166
1092 3405 1130 3468 61

151 3498 232 3578 ipsis
254 3495 402 3577 apostolis
430 3500 475 3558 ost
504 3496 550 3557 ita
577 3494 761 3574 simpliciter
788 3494 984 3574 praedicata,
1018 3496 1045 3555 et
1076 3491 1130 3554 hoa

151 3582 202 3647 1111
229 3583 382 3646 eredentes
411 3580 572 3660 iustificati
606 3584 685 3643 6661.
732 3579 857 3642 Pairlus
890 3579 952 3642 ait:
997 3577 1065 3640 Nos
1096 3579 1128 3639 in

154 3667 313 3732 (hristum
335 3665 442 3730 Iesum
464 3665 662 3741 orerlielimus,
684 3670 718 3728 ut
740 3664 994 3745 testificaremur,
1021 3663 1127 3726 (16161.

152 3759 184 3818 2.
231 3752 295 3817 Per·
327 3751 408 3815 16166
436 3751 543 3814 Iesum
576 3752 677 3813 orariis
710 3752 767 3829 qui
799 3751 895 3814 oralit
927 3748 1128 3828 iustihcatur,

152 3840 257 3904 Aolor.
290 3843 342 3900 13.
402 3834 439 3898 Si
466 3837 539 3916 quis
561 3857 632 3918 erqo
654 3836 753 3899 aliam
775 3856 839 3899 esse
873 3834 1128 3898 Christianorum

151 3923 375 4004 iustificantur
400 3920 504 4000 fidem,
531 3922 773 4001 praedicaverit,
806 3922 848 3985 sit
869 3920 1044 3984 eerraitherna.
1091 3922 1129 3984 Si

152 4009 281 4093 onpelus
303 4010 340 4073 616
362 4008 439 4072 coelo
458 4007 548 4070 611661
570 4007 713 4085 elocuerit,
736 4011 809 4084 [pag.
830 4011 905 4083 601]
929 4005 1030 4068 Piurlo
1052 4006 1128 4070 ilici-

151 4102 203 4160 tur
238 4093 411 4158 6661116616.
478 4094 564 4172 (pirae
599 4093 636 4156 cle
664 4091 930 4172 promissionibus
962 4097 995 4154 tu
1027 4093 1128 4156 elicere

145 4187 244 4263 potes,
278 4200 316 4243 66
338 4178 476 4259 16611616
498 4178 604 4241 mrrrria
625 4183 807 4258 sequrrntnr,
841 4183 876 4240 ut
897 4179 1067 4241 accessoria
1089 4200 1128 4242 66

150 4288 207 4333 666
228 4264 410 4347 principali.
463 4263 550 4327 Nam
582 4265 613 4327 si-
646 4264 754 4341 orerlis,
788 4265 894 4345 ipsum
926 4284 990 4327 esse
1023 4264 1129 4343 filium

150 4353 224 4431 Dei,
247 4352 348 4415 areolis
370 4351 474 4431 ipsum
496 4370 561 4412 osse
584 4349 617 4411 16
643 4350 813 4429 proscissis
834 4370 980 4426 rorueem,
1010 4355 1038 4413 61
1052 4371 1128 4430 pro-

149 4439 249 4503 misso
267 4437 371 4500 666116
389 4436 544 4517 scirpo-re.
556 4436 583 4510 ²)
623 4434 685 4497 Per
702 4435 782 4498 horu
799 4435 897 4498 solam
916 4435 991 4499 lesu
1012 4435 1129 4500 Christi

148 4524 242 4604 pidem
263 4525 381 4587 6166116·
402 4543 484 4587 6666
499 4521 728 4600 promissiones
750 4541 861 4584 ornnes.
908 4525 1128 4601 (1666666661-
1153 4510 1155 4625 l

151 4615 224 4691 quot
245 4610 381 4689 scriptae
403 4608 478 4672 olim
500 4611 572 4669 snut
592 4607 826 4687 promissiones,
856 4628 915 4687 per
936 4608 1015 4671 hauc
1034 4608 1129 4688 1161666

151 4695 268 4758 dantur
289 4715 372 4758 6666
392 4716 467 4758 aene
486 4693 605 4773 11616616
623 4692 823 4772 araleutilnrs,
846 4693 927 4756 herm
948 4713 1013 4756 esse
1036 4695 1129 4758 illurn

149 4780 254 4859 tilium
276 4780 341 4843 Dei
357 4780 560 4860 prenuissuru,
583 4780 639 4859 qui
654 4780 817 4858 promissa
837 4779 951 4858 inreptet.
981 4778 1034 4842 Eo
1057 4782 1129 4860 ipsa

151 5005 356 5014 ——.----

220 5069 250 5133 1)
270 5069 345 5121 Hinc.

219 5137 250 5203 2)
267 5138 388 5205 implere.

149 4866 228 4946 116166
250 4885 306 4928 666
326 4867 450 4943 prioris
472 4871 593 4929 nostrae
614 4865 740 4946 inopiae
762 4885 799 4929 ae
823 4866 970 4929 irrisoriae
992 4866 1129 4929 66666166
1153 4830 1156 4957 ἰ
1183 4856 1226 4860 ”’“
1251 4936 1279 4995 1)
1301 4953 1314 4990 e

1319 4954 1342 4990 Ο.

1179 499 1374 576 saluatorem,
1408 501 1474 563 iarn
1496 501 1598 565 credis
1619 500 1772 564 mundum
1799 502 1837 565 in
1856 505 1994 583 peceato
2018 519 2084 564 esse
2104 520 2164 564 ooa-

1179 586 1330 663 stitutum,
1364 586 1446 650 unde
1471 586 1594 650 salvari
1614 586 1768 668 indiqeat:
1803 606 1905 667 quum
1937 588 2016 650 11666
2047 586 2164 653 dicatur

1180 671 1248 750 ipse
1277 671 1516 752 redemptionem
1545 671 1647 752 faeere
1679 672 1873 736 credentium
1900 673 2005 753 prius
2037 673 2164 752 captiuo·

1179 776 1261 819 rum.
1316 755 1390 820 Nou
1411 762 1468 834 est,
1509 757 1590 836 quael
1625 757 1724 820 aliam
1756 757 1807 821 hio
1835 759 1872 822 in
1896 757 2163 839 poedohaptisrno,

1179 841 1280 905 uliam
1301 841 1346 906 ihi
1367 843 1403 904 in
1424 862 1525 920 66666,
1549 847 1578 905 61
1598 842 1676 906 61111
1696 841 1798 906 ahiam
1817 843 1917 923 pidem
1937 849 1976 907 tu
1999 841 2058 908 tihi
2074 845 2164 908 dissi·

1179 927 1285 990 milam
1300 927 1427 1009 piaqas.
1475 928 1562 992 Nam
1583 928 1651 1009 ipse
1673 932 1718 991 est
1735 929 1826 1008 filius
1843 928 1919 1007 Dei,
1940 950 2003 994 rea
2024 930 2163 1007 6616166116,

1182 1013 1237 1091 qui
1268 1013 1331 1077 sihi
1362 1013 1516 1077 6666166166
1543 1014 1586 1077 ad
1617 1014 1757 1078 coelestia
1789 1020 1962 1097 reperierat,
1993 1021 2023 1078 et
2048 1016 2164 1081 coelesti

1180 1097 1244 1160 cibo
1267 1099 1382 1178 puscit.
1444 1099 1516 1163 1166
1549 1105 1595 1163 cst
1621 1100 1760 1163 omnium
1793 1101 1888 1180 fidas,
1928 1122 2035 1164 urium
2066 1107 2164 1180 66661,

1180 1204 1247 1246 uua
1266 1183 1465 1264 ficudamenti
1487 1189 1592 1264 petra,
1627 1206 1690 1265 qao
1723 1186 1862 1250 ereditur
1883 1185 1983 1251 Iesus
2017 1186 2073 1251 ille
2106 1205 2166 1251 esse

1179 1288 1272 1333 aeras
1291 1269 1382 1349 tilius
1398 1268 1463 1333 Dei
1484 1269 1630 1347 salrator,
1651 1275 1680 1334 et
1700 1271 1735 1333 iel
1755 1271 1906 1336 6666166616
1929 1274 2006 1336 eius
2027 1273 2066 1335 in
2083 1270 2166 1337 nohis

1180 1354 1282 1417 virtus
1309 1357 1506 1436 coquoseitur.
1553 1354 1641 1421 Haeo
1673 1376 1740 1420 uua
1770 1357 1850 1436 fides
1883 1363 1911 1420 et
1948 1359 1986 1423 in
2015 1356 2166 1438 baptism

1179 1440 1364 1520 requiritur,
1400 1442 1483 1505 etin
1504 1460 1596 1505 coena
1617 1442 1798 1522 requiritur,
1833 1447 1863 1505 et
1884 1443 1922 1506 iu
1944 1443 2085 1524 reliquis
2105 1462 2165 1507 om·

1179 1525 1272 1589 uitus
1296 1524 1548 1591 Christianorum
1573 1526 1693 1590 aotihus
1714 1547 1835 1608 seraper
1856 1529 2051 1608 requiritur,
2084 1533 2165 1593 6166

1179 1629 1219 1673 66
1239 1616 1412 1691 sequuntur
1433 1614 1548 1676 orunia.
1592 1612 1795 1677 6166666
1821 1613 1879 1677 tihi
1898 1613 2019 1693 fecisse
2042 1614 2164 1691 sideris,

1180 1697 1286 1775 siper
1306 1698 1609 1763 caururuuioationem
1636 1698 1727 1762 illam
1749 1699 1938 1763 irlioruatum
1961 1699 2165 1780 sophisticum

1180 1782 1336 1859 commas,
1359 1782 1440 1847 lrurrc
1461 1783 1614 1848 homiuem
1636 1803 1702 1848 esse
1721 1783 1827 1863 filium
1847 1784 1929 1849 Dei:
1963 1785 2092 1866 alioqui
2113 1806 2164 1849 nou

1180 1888 1246 1930 esse
1265 1888 1335 1930 aere
1354 1867 1467 1948 filiium.
1515 1868 1690 1949 Sophistica
1717 1890 1788 1950 erqo
1815 1875 1861 1933 est
1880 1869 1965 1949 tirles
1995 1877 2066 1950 tna,
2092 1872 2165 1936 sieut

1181 1952 1350 2032 sophistica
1379 1959 1423 2017 est
1443 1956 1526 2018 ratio
1547 1961 1611 2032 tuo,
1645 1955 1727 2034 quael
1747 1955 1797 2018 hic
1818 1954 1907 2019 horno
1932 1957 2064 2021 dicatur
2084 1957 2165 2036 tilius

1181 2037 1255 2117 Dei,
1275 2044 1303 2101 et
1317 2036 1341 2121 ¹)
1374 2040 1455 2120 quael
1482 2042 1523 2106 611
1544 2043 1579 2104 in
1602 2060 1635 2103 eo
1654 2040 1743 2119 filius
1765 2041 1852 2105 alius
1874 2041 2043 2105 inclusas:
2080 2045 2164 2123 quasi

1181 2125 1303 2187 uonriue
1330 2126 1373 2188 sit
1400 2125 1567 2206 turpilius,
1599 2145 1660 2188 non
1681 2147 1715 2188 re
1736 2127 1818 2207 ipso.
1862 2126 1915 2190 Eo
1938 2130 2059 2210 maqis,
2095 2132 2162 2208 quia

1179 2209 1300 2290 laisum
1321 2215 1356 2274 tu
1377 2212 1537 2292 supponis.
1588 2210 1721 2275 laisum
1753 2217 1812 2289 est,
1846 2214 1931 2291 quod
1964 2213 2077 2296 finqis,
2108 2234 2164 2280 esse

1180 2296 1285 2375 tilium
1308 2297 1342 2358 iu
1361 2296 1447 2376 filia·
1468 2317 1564 2378 qaum
1585 2317 1647 2360 uon
1667 2296 1757 2375 sitires
1777 2297 1814 2360 in
1833 2297 1915 2378 tilia,
1945 2300 2004 2364 sal
2020 2306 2114 2380 pater
2133 2301 2162 2362 in

1180 2380 1247 2460 11116
1269 2401 1338 2445 vere
1360 2383 1492 2461 dicatur,
1514 2383 1661 2446 1166616
1684 2381 1814 2447 Christo.
1861 2383 1950 2448 Noai
1975 2406 2066 2462 6666,
2091 2386 2162 2465 qual

1182 2472 1215 2528 tu
1236 2487 1296 2530 uon
1319 2469 1557 2549 6666666116,
1590 2468 1670 2531 16616
1697 2469 1851 2532 16661666
1874 2470 2159 2549 66666116611161,

1183 2553 1259 2631 quia
1281 2572 1343 2615 aaa
1363 2574 1433 2617 aere
1453 2554 1562 2631 areolis,
1595 2554 1676 2618 liurrc
1703 2555 1857 2619 homiuem
1878 2577 1950 2620 esse
1971 2559 2110 2639 qen-itum
2131 2556 2160 2619 lc

1182 2637 1356 2701 6616166116
1374 2639 1446 2704 Dei.
1479 2638 1542 2704 Sea
1563 2640 1635 2719 quis
1656 2645 1684 2702 16
1705 2642 1835 2703 daemon
1857 2645 2159 2708 oornrrurnicotionun

1183 2722 1677 2802 111661[6666621161161661616
1703 2727 1750 2789 ita
1778 2728 1815 2789 cle
1845 2726 2031 2792 chiaraetere
2058 2728 2158 2792 hestiae

1181 2828 1303 2872 sermore
1329 2810 1457 2875 clarecit?
1508 2809 1614 2874 Hoc-na
1643 2811 1752 2875 6661116
1780 2813 2033 2877 611611666166116
2063 2820 2157 2893 pater:

1183 2893 1248 2957 Hie
1275 2900 1322 2958 est
1352 2896 1442 2975 filius
1468 2898 1578 2960 meus?
1639 2895 1719 2961 Ecce
1747 2918 1831 2977 puer
1864 2900 1986 2963 rueris?
2053 2902 2156 2963 Aaron

1181 2981 1278 3057 nieles,
1324 2983 1628 3046 conruurnicatiouem
1671 2982 1760 3046 illam
1804 3005 1915 3047 rerum
1958 2984 2156 3049 invisibilium

1182 3071 1341 3145 sunqrtam
1362 3088 1428 3130 esse
1449 3069 1486 3131 ele
1509 3068 1697 3131 hirtiohristi
1724 3070 1875 3141 electrina,
1914 3072 1953 3134 in
1982 3092 2051 3152 qua
2071 3072 2156 3153 oiqot

1182 3152 1335 3230 illusores,
1371 3157 1433 3216 tres
1465 3154 1735 3235 61666166166668)
1769 3156 1934 3235 spiritus?
1990 3156 2058 3221 I'or
2078 3174 2155 3236 quau

1182 3239 1405 3315 coriosolitur,⁴)
1439 3239 1545 3304 Deum
1573 3240 1608 3302 iu
1629 3241 1720 3303 asino
1741 3241 1848 3304 rnori?
1894 3241 1951 3305 Ah
1975 3243 2155 3308 Antichristo

1182 3324 1339 3388 inventum
1361 3331 1404 3389 est
1425 3324 1586 3405 sophisma
1607 3325 1695 3402 illud,
1731 3327 1772 3391 ael
1800 3325 2040 3392 oblite-randum
2069 3346 2155 3393 rennn

1180 3410 1286 3488 tilium
1298 3409 1371 3474 Dei.
1396 3410 1505 3475 Filius
1515 3410 1580 3475 Dei
1597 3409 1740 3475 11666166
1758 3417 1801 3476 661
1814 3412 1914 3491 leonto,
1939 3415 2026 3479 sicut
2037 3416 2154 3496 spiritns

1182 3501 1308 3559 sanetus
1330 3502 1374 3559 ost
1396 3497 1509 3560 inulas.
1557 3496 1664 3560 Filius
1681 3496 1744 3561 Dei
1772 3498 1816 3561 ita
1839 3499 1931 3563 rolris
1954 3506 1999 3563 661
2022 3506 2153 3571 6661666,

1181 3582 1262 3645 61661
1283 3583 1417 3661 spiritus
1438 3588 1566 3648 sauctus
1588 3584 1623 3645 iu
1644 3583 1727 3646 61616
1744 3588 1929 3661 rrroreretur,
1959 3593 2018 3649 out
2041 3585 2153 3667 6666166

1184 3668 1216 3729 16
1237 3668 1335 3730 asino.
1365 3668 1432 3732 Hoc
1454 3669 1542 3746 661616,
1565 3670 1645 3749 quorl
1667 3675 1832 3750 antequam
1853 3674 2152 3736 oounnunicatioruu

1183 3754 1272 3817 illam
1294 3754 1435 3832 inducas,
1458 3756 1613 3818 ostendero
1629 3756 1727 3834 prius
1746 3755 1844 3833 616166,
1879 3777 1950 3820 esse
1976 3760 2011 3821 iu
2033 3757 2152 3821 116616-

1182 3839 1336 3903 risibilem
1356 3841 1459 3903 alium
1480 3839 1519 3903 ah
1541 3841 1662 3903 homine
1683 3841 1795 3918 tilium.
1827 3842 1896 3906 Hoc
1916 3864 1990 3906 6666
2009 3861 2152 3923 6666666

1181 3931 1364 3988 ostensurus
1385 3946 1426 3988 es.
1479 3925 1582 3990 Unum
1603 3925 1658 3989 hoc
1678 3927 1752 3988 itan
1774 3929 1882 4007 capita.
1931 3928 2013 3993 Esto
2032 3951 2089 4010 per
2108 3934 2152 3990 tro

1175 4010 1417 4091 6666116666,
1438 4016 1494 4074 aut
1514 4011 1676 4091 sophisma
1692 4012 1782 4089 illrul,
1805 4012 1855 4076 hio
1877 4012 1970 4077 homo
1993 4016 2152 4079 riomniou

1179 4096 1267 4175 tilius
1289 4095 1363 4173 Dei,
1396 4116 1577 4178 qrrauquum
1605 4118 1713 4161 roae-ra
1743 4119 1805 4161 uon
1827 4100 1871 4161 sit
1893 4102 2060 4165 naturalis
2080 4100 2151 4181 pilius

1181 4180 1260 4244 Dei:
1292 4186 1336 4244 661
1367 4184 1477 4246 saltem
1504 4184 1661 4248 66666116
1680 4181 1770 4262 pilitus
1793 4182 1935 4263 Mariae,
1972 4192 2009 4249 ut-
2042 4187 2151 4250 16616616

1180 4265 1294 4332 Mauri.
1320 4273 1338 4329 1
1361 4273 1389 4331 61
1412 4268 1517 4332 Lucae
1546 4276 1569 4331 1.
1616 4269 1639 4330 I
1642 4269 1672 4331 hi
1693 4270 1776 4332 euim
1797 4270 1925 4348 elicitur,
1948 4275 2034 4352 quod
2057 4271 2149 4335 llario

1174 4354 1297 4434 peperit
1317 4354 1420 4430 [ilium
1442 4376 1535 4419 suurn
1561 4356 1813 4435 priruoqenitum,
1849 4377 1943 4436 quem
1971 4361 2089 4423 oooarit
2114 4354 2150 4419 ie·

1180 4460 1257 4503 suna
1306 4439 1344 4501 st
1365 4460 1434 4522 erqo
1456 4441 1506 4504 hio
1532 4441 1600 4504 sine
1627 4446 1713 4520 tropa
1735 4446 1779 4503 est
1800 4463 1894 4506 66666
1914 4441 2008 4522 tilius
2033 4444 2149 4514 Mariae,

1181 4529 1207 4586 61
1229 4524 1281 4587 1116
1303 4526 1373 4588 sine
1398 4532 1483 4606 tropo
1511 4532 1556 4590 est
1576 4546 1668 4589 verres
1687 4526 1777 4605 tilius
1798 4527 1879 4592 Dei:
1915 4531 1985 4594 iam
2018 4532 2148 4612 sequitu,

1153 4644 1155 4667 1
1181 4611 1260 4674 61666
1281 4630 1347 4674 6666
1368 4612 1436 4674 sine
1458 4618 1545 4693 tropo
1573 4633 1659 4675 aoros
1685 4610 1778 4690 filios,
1813 4615 1847 4676 in
1877 4636 1981 4679 ririran
2010 4617 2148 4681 crrrrnrhru

1152 4674 1292 4799 lunatos.
1340 4695 1488 4778 Papisrni
1509 4697 1613 4762 schola
1634 4703 1696 4761 tota
1716 4719 1800 4764 uuna
1822 4701 1920 4777 616661,
1956 4703 2038 4767 leuna
2070 4698 2146 4767 horu·

1250 5004 1279 5069 2)
1300 5021 1363 5058 vore
1381 5022 1432 5058 aru.

1250 5074 1279 5136 3)
1300 5075 1466 5127 (haemonam.

1249 5141 1280 5207 4)
1299 5143 1416 5197 creditur
1432 5143 1506 5198 Deus
1524 5149 1571 5198 eto.
