4590 5902
135 250 192 315 281
961 244 1061 312 CUM
1083 242 1318 313 SOHOLIIS.
2081 251 2145 316 282

132 456 250 519 seraper
277 437 312 501 ia
334 434 472 502 Dorrino
498 435 711 520 spcammas,
736 441 765 500 et
785 436 984 509 nemetiam
1004 454 1187 515 speramus:
1211 435 1281 500 ideo
1304 455 1360 500 mos
1382 440 1456 515 [pag.
1480 438 1534 516 35]
1551 434 1630 517 plus
1652 436 1744 503 illim
1758 437 1944 517 provinciae
1963 440 2145 520 commodis,

130 544 224 608 qaam
246 522 347 590 allius
368 522 499 589 alterius
520 522 720 601 mamlemtes,
743 521 816 606 (41)
839 521 882 586 od
906 520 1097 587 Germaniae
1114 521 1209 603 fores,
1236 521 1422 587 Tridentum
1443 541 1551 602 osque,
1573 522 1690 606 legatos
1711 527 1833 588 nostros
1850 523 2044 591 miserimus.
2083 525 2147 593 Sed

131 609 327 688 vocavimus,
356 613 385 675 et
411 629 473 674 nou
494 612 564 674 erat
583 608 640 689 qai
657 607 799 687 aadiret,
829 608 986 686 venimus,
1016 610 1044 672 et
1070 626 1135 672 mom
1156 612 1224 671 erat
1243 608 1303 672 vir.
1355 606 1471 673 Verum
1491 627 1545 673 neo
1559 614 1731 691 propterea
1752 608 1943 689 desistimus,
1966 611 2022 677 sed
2042 611 2145 678 adbuc

131 715 279 763 oooamas
306 700 337 761 et
362 693 537 762 &mamare
558 694 602 758 ad
627 698 655 759 te
682 693 774 759 etad
801 698 937 760 caeteros
958 692 1135 774 pmmapes.
1181 691 1366 759 clamamus
1391 713 1464 759 oero
1486 713 1556 759 cam
1573 694 1732 777 propbeta
1754 693 1897 761 Doride:
1927 696 1999 780 (42)
2030 696 2147 778 Venite,

127 783 291 869 plorem
318 800 423 848 mam
444 781 530 849 Dea:
556 800 611 848 mo
636 780 721 847 mim
742 781 851 862 nptias
864 779 1067 861 priorapiam
1093 779 1217 844 manilii
1240 799 1307 845 esse
1327 780 1453 861 poterit.
1498 778 1544 844 nt
1568 800 1639 847 eam
1661 780 1811 846 Daniele:
1839 780 1902 846 Oro
1924 801 1987 865 pro
2011 783 2147 865 pacatis

132 867 212 935 meis
234 867 406 953 apopala',
429 885 547 946 amesa,
570 865 728 948 confiteor,
748 866 884 933 obseom:
905 863 1059 944 Domine,
1075 866 1286 946 peccavimus,
1309 866 1507 946 iniquitatem
1527 865 1667 947 salmas,
1690 872 1718 932 et
1739 867 1838 948 impio
1858 867 1980 952 opimas
2002 873 2147 937 desces-

130 960 243 1040 siams,
253 951 609 1037 mbisoonfsesiofaciei,
619 951 744 1035 repebat
753 951 1090 1035 nostrisprimrpibas
1101 951 1287 1034 eljpatrilas
1297 953 1424 1031 mosam,
1441 953 1519 1034 quia
1522 953 1737 1033 peccavimus:
1753 953 1810 1018 libi
1824 959 1929 1018 aalma
1940 952 2078 1021 Dornim
2087 954 2148 1020 mi·

131 1043 305 1114 micardis
326 1046 371 1108 est
392 1040 631 1124 apropttotio.
674 1037 731 1104 Ad
753 1038 813 1103 tale
834 1057 906 1121 epo
929 1037 1096 1103 consiliam
1117 1041 1146 1103 te
1166 1056 1323 1118 vocamus,
1345 1039 1417 1123 (43)
1439 1039 1474 1102 m
1495 1059 1556 1120 qao
1579 1039 1707 1122 ampelos
1728 1039 1816 1122 ipsos
1837 1058 2011 1105 assessores
2032 1040 2144 1106 babere

133 1137 210 1214 [pag.
235 1136 290 1211 ss]
312 1148 494 1213 maras,
521 1126 577 1208 qai
606 1127 637 1191 si
663 1145 760 1207 saper
786 1144 848 1189 arro
869 1129 1031 1204 peccatore
1052 1124 1276 1206 poenitentiam
1299 1129 1407 1208 apeme
1431 1125 1582 1208 pandent,
1612 1129 1728 1206 quanto
1753 1126 1858 1209 mapis
1878 1145 1975 1208 saper
1995 1127 2147 1192 uniomsa

130 1217 272 1298 alesin,
296 1217 390 1283 onias
413 1214 479 1298 ipsi
494 1231 580 1296 pars
605 1215 691 1291 soom,
720 1211 764 1276 ad
781 1210 1007 1290 poenitentiam
1028 1229 1124 1293 conpr
1158 1215 1226 1288 ata,
1251 1209 1454 1293 pandebant?
1499 1210 1574 1277 Hac
1594 1211 1727 1290 aceedit
1755 1213 1837 1295 qaod
1856 1211 1957 1277 salem
1977 1212 2147 1279 dmisliam

123 1303 241 1393 populi
258 1301 489 1370 abimmimmte
503 1299 722 1383 potentissimo
743 1300 772 1362 et
786 1301 940 1379 perpetuo
960 1296 1100 1362 amoime
1120 1316 1136 1361 o
1156 1295 1290 1361 ristiaai
1312 1295 1409 1376 mete,
1436 1296 1618 1363 Tarcamem
1640 1302 1783 1381 tyranno,
1805 1302 1967 1379 qmopaeto
1994 1300 2062 1365 misi
2083 1319 2146 1380 per

128 1479 229 1557 ducit,
246 1478 356 1544 Deum
375 1471 508 1560 agnose
526 1492 632 1537 unum
649 1470 690 1537 ab
706 1469 869 1549 omnibus,
884 1487 969 1551 pura
984 1465 1112 1533 Christi
1165 1487 1245 1532 esse.
1290 1465 1544 1551 Supervacuum
1573 1490 1651 1553 ergo
1678 1470 1777 1549 foret,
1810 1470 1846 1533 in
1873 1491 1912 1535 ea
1940 1468 2147 1537 discutienda

128 1564 279 1633 docmina
300 1569 335 1628 et
355 1559 510 1644 auspiciis
527 1557 706 1644 gubernari
728 1563 835 1622 totum
853 1551 1026 1633 mundum,
1047 1553 1112 1619 nisi
1165 1552 1219 1618 vel
1246 1551 1400 1619 horulam
1428 1560 1503 1635 [pag.
1530 1560 1585 1634 ιε]
1615 1576 1816 1622 consumere.
1861 1556 1912 1621 Ne
1946 1563 2058 1622 tamen
2090 1556 2145 1623 vel

127 1654 200 1738 ipsa
232 1671 294 1736 pro
321 1647 430 1733 capite
462 1645 626 1711 adoretur.
670 1643 762 1727 Ergo
794 1649 897 1708 utouu
919 1661 961 1707 uc
989 1640 1110 1719 Deum,
1164 1640 1286 1705 morosi
1316 1641 1455 1706 nimium
1486 1641 1536 1708 vel
1560 1640 1708 1706 crudeles
1730 1649 1921 1727 appareant,
1944 1641 1986 1707 ad
2008 1641 2145 1707 audien-

127 1739 193 1806 uisi
214 1736 309 1816 also,
331 1736 484 1800 invocare
506 1736 625 1797 testem
646 1735 800 1812 nequeat,
823 1727 879 1812 qui
937 1747 1013 1792 eum
1035 1725 1110 1790 nul-
1165 1723 1505 1810 dumsecomponont
1540 1727 1750 1811 Iapparitor,
1767 1727 2144 1807 Protestantesaccerse,

127 1824 200 1891 lum
224 1822 342 1901 habet,
371 1841 414 1886 ne
441 1825 553 1883 tamen
581 1835 712 1898 semper
739 1815 871 1881 mentiri
900 1832 976 1878 oum
1003 1818 1109 1895 putes,
1163 1809 1192 1874 si
1214 1811 1293 1894 quid
1316 1814 1456 1897 cupiunt
1478 1813 1615 1881 concilio
1635 1815 1850 1898 propositum
1872 1813 2015 1898 supplici
2035 1812 2146 1881 libello

126 1931 232 1977 nuum
259 1907 322 1975 hoc
348 1927 426 1975 vere
455 1905 613 1981 affirmat,
641 1902 703 1968 sibi
732 1900 818 1966 nihil
847 1919 919 1965 esse
946 1898 1053 1983 magis
1074 1898 1110 1962 in
1162 1899 1404 1983 perstringant,
1432 1922 1475 1965 ne
1504 1900 1654 1966 delicatis
1681 1907 1871 1967 sanatorum
1897 1908 2032 1985 patrum
2054 1901 2143 1965 auri·

128 1997 230 2075 votis,
258 2015 359 2078 quam
380 1990 442 2058 sub
470 1991 588 2075 iugum
614 2009 713 2054 suum
740 2008 854 2053 omnes
880 1984 1030 2069 redigere
1053 1983 1109 2067 qui
1162 1982 1253 2047 ribus
1270 1985 1484 2051 sintmolesti.
1517 1984 1651 2052 Auditis
1670 1986 1855 2071 supplicum
1865 1985 2050 2070 postulatis,
2069 1995 2146 2052 ante

128 2083 316 2162 avolarunt,
338 2086 373 2145 et
392 2099 473 2161 quos
495 2097 553 2160 pro
575 2074 743 2140 indomitis
766 2073 874 2139 habet.
1162 2070 1274 2134 omnia
1294 2077 1423 2137 tentare
1440 2073 1622 2151 conveniet,
1645 2094 1727 2137 num
1749 2092 1913 2138 summam
1930 2072 2051 2156 absque
2067 2092 2145 2156 pro·

214 2167 274 2253 41)
308 2164 414 2249 Quasi
445 2184 522 2231 vero
554 2160 723 2230 vocaverit
755 2180 813 2243 spe
845 2155 1036 2241 colligendi,
1070 2176 1109 2222 ac
1162 2156 1332 2222 vocatione
1358 2165 1556 2240 potestatem
1584 2157 1625 2223 de
1662 2178 1697 2224 se
1726 2179 1765 2225 su
1808 2179 1849 2223 ue
1883 2157 2032 2224 docmina
2057 2157 2144 2224 iudi·

126 2277 195 2323 non
214 2254 327 2341 potius
348 2250 389 2317 de
411 2248 576 2316 industria
597 2254 727 2331 tempus
745 2245 891 2330 clegerit,
913 2241 1001 2326 quod
1022 2250 1110 2308 esset
1162 2240 1259 2306 candi
1272 2245 1394 2309 sanctis
1411 2244 1563 2327 patribus
1574 2243 1770 2310 concedant:
1812 2243 1909 2310 sindo
1919 2265 2002 2309 num
2012 2244 2142 2325 omissa,

128 2343 169 2410 ab
190 2341 282 2408 omni
303 2344 421 2424 pacata
438 2333 678 2403 consultatione
700 2331 949 2396 alienissimum.
995 2326 1108 2409 Quum
1132 2317 1137 2452 1
1161 2347 1261 2408 quam
1280 2329 1368 2412 apud
1386 2351 1421 2396 ss
1438 2331 1505 2396 iam
1526 2330 1738 2397 constitutam
1749 2328 1882 2409 habeut,
1903 2330 2144 2410 reformatione,

127 2430 210 2497 atis
230 2432 436 2510 compertum
456 2421 606 2500 haberet,
628 2418 714 2485 bello
737 2417 888 2484 disdneri
910 2415 991 2480 duos
1012 2433 1108 2498 prae·
1133 2456 1137 2523 Ι
1161 2410 1404 2511 abnegataque,
1432 2437 1531 2499 quam
1559 2415 1704 2500 amplexi
1733 2423 1825 2497 sunt,
1854 2415 2016 2494 docmina,
2043 2415 2146 2481 fidem

127 2516 241 2603 cipnos
269 2509 443 2579 christini
471 2506 560 2574 orbis
581 2503 793 2584 monarchas,
815 2512 849 2568 et
870 2503 936 2567 iam
958 2498 1108 2584 pluribus
1161 2506 1310 2583 utusque
1337 2521 1452 2568 omnes
1481 2509 1615 2569 sanctae
1643 2522 1800 2569 romanae
1824 2501 1910 2569 sedis
1939 2503 2032 2586 quasi
2053 2509 2144 2585 post-

125 2602 209 2670 locis
236 2597 411 2666 classicum
433 2591 670 2679 propemodum
691 2611 823 2670 canere,
851 2588 1026 2655 concilium
1044 2585 1107 2687 lra-
1160 2583 1287 2685 liminio
1315 2587 1481 2671 suscipere
1502 2590 1569 2655 sint
1594 2589 1711 2673 parati.
1756 2589 1797 2654 In
1819 2590 1929 2673 priore
1951 2590 1980 2655 si
2001 2588 2144 2655 baesita-

125 2688 205 2756 bare
231 2707 268 2752 so
296 2683 382 2752 velle
406 2680 584 2750 simulavit
629 2677 713 2760 Quis
743 2682 811 2742 tam
840 2673 980 2742 stultum
1006 2673 1107 2738 fiusse
1161 2680 1287 2751 vermt,
1320 2673 1521 2741 schismatici
1547 2674 1712 2758 extemplo
1741 2675 2061 2758 pronunciabantur:
2090 2695 2142 2742 so-
2182 2709 2197 2736 .

126 2773 255 2852 aedat,
288 2779 329 2836 ut
362 2764 567 2854 speraverit?
612 2763 710 2831 Unde
748 2764 848 2829 etiam
885 2761 1107 2827 coniecturam
1162 2756 1309 2822 eundum
1338 2759 1367 2823 si
1395 2761 1503 2827 lacere
1536 2762 1778 2839 recusaverint,
1813 2763 1880 2827 iam
1909 2761 1960 2827 bis
1986 2760 2144 2828 baeretici

126 2864 234 2929 meere
250 2858 338 2936 licet,
361 2855 444 2922 nihil
458 2874 535 2920 eum
552 2851 616 2918 nisi
638 2871 698 2934 per
713 2848 958 2916 simulationem
980 2865 1105 2931 gerere.
1161 2852 1267 2908 erunt.
1301 2845 1354 2911 De
1374 2845 1510 2912 illorum
1532 2869 1610 2931 ergo
1632 2849 1838 2914 contumacia
1856 2845 2056 2913 vindicanda
2077 2856 2144 2913 sta-

125 2949 216 3016 llam
235 2944 293 3029 qui
321 2944 444 3010 lactum
467 2946 542 3022 [pag.
566 2940 620 3016 77]
644 2944 708 3016 est,
738 2944 777 3001 ut
799 2932 985 3017 tranquillis
1007 2929 1107 2997 rebus
1161 2928 1322 2995 tuendum
1345 2933 1500 2999 continuo
1528 2936 1599 3000 erit.
1645 2931 1837 3017 Quidquam
1866 2935 1956 2998 enim
1978 2933 2143 3017 attingere

126 3032 323 3110 manaverit,
356 3036 391 3096 et
420 3048 522 3111 quum
554 3021 757 3107 aliquamdiu
779 3021 950 3089 volitasset
979 3017 1109 3086 concilii
1160 3016 1254 3081 nefas
1277 3017 1350 3098 erit,
1373 3019 1438 3085 nisi
1460 3020 1598 3087 ecclesia
1624 3020 1662 3085 in
1682 3021 1851 3105 integrum
1876 3020 2039 3085 restituta.
2084 3019 2143 3083 In-

125 3117 301 3188 mautuani
321 3114 472 3193 indictio,
504 3119 538 3177 et
559 3117 674 3194 postea
695 3107 901 3185 veronensis,
930 3112 1108 3188 utrumque
1159 3102 1258 3166 terim
1280 3125 1358 3188 crgo
1381 3104 1461 3171 dum
1482 3106 1639 3174 intestino
1656 3106 1741 3173 bello
1764 3105 1975 3172 distincbitur
1991 3104 2143 3171 christia·

125 3210 162 3274 iu
175 3206 304 3275 bullam
319 3200 502 3279 evanuerit,
525 3218 613 3263 nunc
629 3200 741 3261 autem
758 3194 795 3260 in
814 3192 921 3259 medio
940 3211 1107 3257 armorum
1159 3209 1225 3253 nus
1246 3188 1348 3270 orbis,
1378 3191 1420 3257 ad
1442 3191 1686 3276 persequendos
1707 3190 2003 3275 opprimendosque
2024 3190 2143 3256 Prote-

125 3294 282 3378 strepitu,
304 3299 339 3356 et
359 3296 506 3372 tempore
528 3281 729 3361 turbulento,
752 3303 787 3346 se
808 3287 967 3363 tanquam
989 3279 1025 3342 in
1049 3297 1107 3360 op·
1159 3281 1301 3355 stantes,
1336 3278 1491 3344 ccclesiae
1516 3279 1706 3344 reformatio
1728 3276 1911 3343 differetur.
1955 3277 1988 3342 N
2029 3297 2071 3341 ue
2092 3283 2143 3341 ta-

125 3383 209 3447 tima
228 3375 476 3463 opportunitate
495 3367 723 3438 commoveat?
1159 3382 1238 3425 men
1269 3363 1396 3429 interea
1422 3365 1563 3430 cessabit
1595 3362 1793 3432 venerabilis
1820 3363 1938 3430 clerus.
1982 3362 2012 3428 F
2046 3362 2143 3431 bellis

210 3468 271 3549 42)
294 3461 326 3529 Ο
347 3459 558 3546 prostitutam
581 3453 836 3538 impudentiam!
881 3451 1017 3529 Mirum,
1041 3449 1107 3514 nisi
1160 3447 1249 3546 enim
1276 3448 1391 3515 multis
1413 3449 1455 3515 ad
1484 3451 1596 3534 ignem
1618 3447 1892 3516 inflammandum
1914 3449 2037 3534 passim
2059 3470 2142 3534 opus

126 3553 252 3621 scribae
276 3570 336 3616 suo
363 3544 581 3623 mandaverit,
611 3547 649 3606 ut
671 3542 759 3605 inter
780 3537 990 3606 scribendum
1012 3536 1106 3620 inge·
1159 3539 1231 3596 ent.
1277 3532 1374 3614 Quod
1402 3537 1431 3601 si
1459 3537 1494 3602 in
1521 3536 1735 3622 tranquillam
1768 3535 2007 3620 possessionem
2039 3536 2143 3602 semel

125 3641 289 3717 misceret,
313 3656 351 3702 ac
365 3630 585 3717 lacrymulam
602 3648 704 3692 unam
727 3632 937 3708 extorqueret
952 3623 993 3688 ab
1011 3620 1105 3686 oculo
1158 3616 1327 3701 redierint,
1351 3624 1380 3686 si
1403 3623 1478 3706 quis
1499 3622 1603 3688 ullam
1625 3623 1766 3707 amplius
1789 3620 1990 3689 convocandi
2012 3621 2142 3688 concilii

125 3725 271 3793 sinistra
316 3719 386 3789 Sed
414 3739 483 3783 non
503 3716 615 3782 minus
643 3714 766 3781 stultus
788 3718 839 3776 cst
861 3731 960 3794 quam
982 3710 1105 3806 impr03
1160 3708 1234 3804 [pag.
1257 3711 1311 3787 79]
1333 3709 1538 3774 mentionem
1558 3711 1667 3776 lacera
1692 3707 1841 3775 audebit:
1865 3709 2014 3775 turbator
2036 3717 2070 3774 et
2091 3732 2143 3775 aa·

126 3812 203 3890 bus,
231 3810 291 3896 qui
318 3827 430 3874 coram
453 3803 594 3870 (lassare
623 3802 709 3867 hanc
730 3798 876 3866 fabulam
899 3797 983 3880 agit,
1012 3815 1106 3879 quasi
1159 3789 1312 3872 drtioms,
1341 3803 1376 3860 et
1396 3795 1534 3862 unitatis
1556 3797 1709 3864 inimicus
1730 3817 1798 3862 uno
1820 3795 1968 3862 omnium
1989 3815 2046 3861 ors
2066 3816 2142 3877 pro-

126 3901 171 3967 sit
189 3897 241 3964 illi
261 3893 459 3979 incognitus.
504 3886 651 3969 Quaerat
672 3907 752 3970 ergo
771 3885 996 3969 peregrinum.
1041 3880 1105 3945 'la-
1159 3877 1366 3946 clamabitur.
1412 3880 1527 3962 (lerte,
1556 3892 1671 3949 autore
1694 3882 1869 3961 Frenesio,
1897 3902 1940 3946 ne
1966 3881 2144 3963 imperator

126 3986 226 4052 meisi
245 3984 322 4068 quis
351 3978 536 4062 reperietur
557 3971 599 4039 ab
620 3974 747 4041 oriente
768 3972 805 4035 in
827 3969 1029 4037 occidentem
1051 3988 1106 4032 us-
1159 3963 1290 4047 quidem
1315 3968 1386 4051 ipse
1413 3969 1549 4051 impunc
1576 3969 1611 4034 id
1632 3969 1821 4036 tentaverit.
1866 3968 1991 4032 'lamen
2019 3972 2059 4030 ut
2079 3966 2141 4031 im-

127 4092 207 4156 que,
235 4068 294 4154 qui
321 4087 400 4133 eum
420 4064 493 4130 Deo
520 4061 576 4126 hic
602 4070 636 4126 et
662 4055 853 4124 hominibus
880 4055 1019 4122 illudere
1047 4078 1106 4122 ne·
1157 4053 1302 4133 paratoni
1329 4054 1503 4119 concilium
1524 4056 1650 4140 petenti
1673 4055 1770 4120 detur
1790 4054 1907 4132 venia,
1929 4051 2070 4116 liberum
2090 4059 2141 4118 ta-

125 4156 230 4227 sciat?
276 4152 345 4223 Sed
371 4169 557 4236 pergamus.
601 4147 730 4213 Locum
757 4164 857 4227 quem
885 4142 1001 4209 indicit
1028 4164 1107 4208 con·
1158 4158 1236 4202 men
1257 4139 1322 4204 erit
1342 4160 1448 4224 papae
1468 4163 1630 4208 recusare.
1674 4141 1858 4223 Repulsam
1880 4144 1992 4203 autem
2013 4157 2140 4219 passus,

126 4242 224 4311 cilio?
269 4238 477 4307 Tridentum.
521 4232 631 4299 Valde
668 4238 721 4298 est
751 4229 907 4310 idoneus,
945 4228 1106 4312 siquidem
1159 4222 1300 4288 ulterius
1321 4225 1477 4311 progredi
1499 4237 1629 4307 caveat,
1652 4227 1716 4292 nisi
1738 4226 1833 4304 velit,
1855 4223 1957 4290 Usiae
1979 4224 2140 4308 exemplo,

126 4342 196 4398 tam
217 4326 305 4395 latui
325 4332 425 4392 erunt
446 4321 617 4401 Germani,
639 4326 678 4385 ut
698 4317 736 4382 in
756 4315 883 4382 medias
904 4315 976 4399 lupi
996 4315 1108 4382 fauces
1159 4311 1462 4394 moguntiacense
1478 4335 1619 4398 poenam
1640 4312 1741 4392 luere,
1764 4318 1823 4376 aut
1845 4310 1909 4376 alio
1925 4311 2041 4392 quovis
2062 4309 2141 4375 hor·

125 4416 215 4483 ultro
236 4434 273 4481 se
294 4414 459 4498 ingerant.
503 4405 622 4489 Qualis
640 4405 704 4472 erit
720 4401 916 4470 consessus?
960 4400 1107 4468 Milesio-
1159 4393 1247 4460 ribili
1269 4397 1371 4462 exitio
1392 4399 1510 4482 perire.
1556 4399 1624 4467 Sed
1647 4398 1688 4464 de
1709 4396 1824 4463 ordine
1845 4393 1974 4462 concilii
1998 4395 2089 4476 alias,
2111 4397 2141 4464 si

126 4524 203 4569 rum
219 4498 371 4577 'sufficet
405 4495 462 4580 qui
494 4515 537 4559 ne
564 4493 745 4577 imaginem
778 4488 910 4572 quidem
937 4488 1016 4554 boni
1043 4488 1108 4554 viri
1159 4487 1290 4566 tempus
1312 4482 1454 4550 dabitur.

125 4590 216 4655 inter
254 4607 292 4652 ae
327 4586 415 4650 ferre
454 4578 592 4665 possint.
642 4575 761 4660 Qualis
797 4575 834 4640 in
880 4573 1108 4659 cognoscendo
1246 4571 1304 4655 43)
1326 4569 1411 4652 Quis
1441 4572 1507 4637 iam
1528 4572 1685 4648 mirmur,
1712 4586 1834 4656 popam
1855 4567 1918 4634 sibi
1946 4569 1983 4634 in
2005 4569 2140 4635 univer-

126 4675 278 4760 aequitas
299 4677 358 4737 aut
382 4663 585 4735 moderatio?
629 4665 732 4741 Forte
753 4660 796 4727 ad
817 4659 981 4744 placidam
1002 4661 1107 4744 piam·
1159 4675 1233 4721 sum
1259 4656 1449 4723 mortalium
1476 4679 1581 4742 genus
1607 4657 1789 4740 primatum
1816 4653 2008 4735 vendicare,
2037 4675 2140 4739 quum

126 4782 191 4846 que
223 4756 493 4826 deliberationem
524 4752 663 4838 integri,
696 4769 758 4814 nec
790 4747 867 4812 ullis
897 4745 1107 4831 praeiudiciis
1160 4766 1194 4810 so
1223 4741 1415 4827 angelorum
1443 4765 1571 4828 quoque
1599 4742 1785 4827 praesidem
1818 4741 1873 4808 hic
1905 4741 2024 4809 faciut?
2070 4739 2139 4807 Sed

127 4845 281 4931 occupati
309 4841 474 4909 anement.
517 4837 592 4904 Imo
617 4838 686 4904 iam
713 4833 794 4900 dicit
820 4855 955 4900 causam
980 4833 1107 4900 Frene-
1158 4849 1242 4909 reor,
1255 4830 1281 4912 ¹)
1302 4850 1345 4894 ne
1367 4830 1583 4915 ambiguitate
1604 4827 1748 4895 nominis
1769 4827 1873 4894 luleus
1895 4827 2083 4906 erraverim,
2107 4836 2140 4892 et

126 4934 207 5011 mus,
229 4951 315 5016 quae
335 4929 371 4994 in
392 4923 652 5011 disputationem
661 4926 807 5000 vocatur,
828 4922 895 4985 iam
918 4919 1108 4986 damnatam
1160 4921 1248 4982 certe
1270 4917 1387 4983 erravi.
1433 4914 1525 4997 Quos
1554 4917 1643 4982 enim
1671 4914 1808 5002 angelos
1834 4913 2046 5000 intelligeret,
2074 4913 2140 4979 nisi

286 5206 316 5273 l)
337 5203 385 5259 Sic
401 5200 691 5258 maloniensis.
731 5199 800 5255 Vide
816 5205 907 5253 tamem
924 5215 963 5253 aa
980 5212 1041 5251 eum
1058 5196 1145 5249 Amet.
1164 5193 1305 5262 legendam
1322 5194 1374 5248 sit:
1392 5192 1505 5248 Vereor.
1543 5190 1642 5248 domas
1658 5193 1754 5248 certm-
1771 5192 1795 5247 ie
1814 5193 1897 5246 craia
