4620 5894
212 240 278 303 279
950 234 1098 302 PAULI
1118 234 1183 301 111.
1206 236 1474 307 ADMONITIO
2161 245 2227 308 280

214 427 283 492 ideo
312 447 370 491 uos
397 448 419 491 a
450 425 535 492 vobis
561 431 640 492 reate
669 425 864 502 iudicamur,
892 442 947 488 oos
974 426 1078 488 autem
1094 444 1157 489 uau
1171 426 1303 506 potestis
1331 425 1370 491 ab
1397 427 1573 494 bominibus
1601 427 1755 495 iudicari:
1777 432 1907 510 propter
1934 428 2017 510 quod
2038 426 2104 496 Dei
2124 429 2228 498 soiius

212 512 294 578 inter
316 531 369 577 oos
392 517 562 593 exspectate
582 512 752 592 iudicium,
781 513 932 575 doestm
953 509 1075 593 iurpia,
1098 530 1296 592 quaecunque
1317 511 1395 592 arat,
1419 515 1461 579 ad
1482 513 1564 580 illud
1585 513 1728 579 diuinum
1750 518 1943 578 reserventur
1963 534 2101 579 ananam
2137 514 2228 583 Haec

211 596 266 663 dic
289 595 428 681 Maurius
448 618 509 662 nou
530 603 595 662 tam
616 598 759 679 imperio,
781 596 863 677 quod
884 600 953 661 erat
973 595 1164 678 monimum,
1191 617 1286 678 quam
1302 598 1419 678 pietate
1440 605 1468 665 ct
1489 601 1619 665 saumis
1639 599 1810 665 uirtutibus
1831 600 1928 665 dicit:
1955 601 2007 665 cui
2029 604 2072 680 te,
2097 598 2226 683 Caesar,

214 682 250 748 iu
272 682 415 748 munibus
437 683 634 765 persimilem
656 703 722 747 esse
749 682 894 764 cupimus
917 685 945 746 et
966 685 1119 762 optamus.
1169 683 1257 764 Quod
1279 704 1351 749 ocra
1365 705 1450 766 prae
1471 691 1499 751 te
1518 686 1586 768 fers
1610 686 1749 750 studium
1770 689 1798 750 et
1816 685 2024 765 desiderium,
2051 690 2087 750 ut
2107 706 2228 769 compa·

214 774 333 834 uantur
354 770 579 835 controuersiae
601 770 636 834 iu
657 768 813 852 reiipione,
836 771 917 832 dut
938 766 1049 850 aliqua
1070 768 1243 850 disciplina
1263 789 1385 834 morum
1407 772 1442 854 iu
1458 773 1609 837 urrincrsa
1631 771 1756 836 ecclesia
1772 776 1947 851 renouetur,
1976 771 2060 836 tciu
2079 770 2134 855 hoc
2155 774 2227 856 qui-

215 855 285 920 dem
305 875 490 939 mapuopere
512 855 691 934 laudamus,
714 860 743 920 et
763 854 820 920 abs
842 857 869 918 te
884 854 1033 935 petimus,
1053 859 1088 919 ut
1108 855 1144 918 iu
1164 854 1219 921 icoc
1241 875 1368 936 operam
1391 861 1478 923 tuam
1493 857 1663 939 praebeas,
1685 862 1714 922 ct
1733 857 1787 923 cui
1807 856 1898 922 Deus
1919 877 2028 922 acuam
2048 855 2145 924 buius
2166 860 2228 925 mi-

213 941 340 1008 nisterii
366 941 526 1007 mnunisit.
578 940 619 1007 Ut
646 946 720 1020 [pag.
748 945 802 1019 sa]
831 938 914 1005 cuin
947 943 975 1005 te
1004 944 1155 1021 tanquam
1180 946 1276 1021 caput
1307 942 1343 1006 iu
1371 943 1464 1010 rebus
1490 942 1672 1008 huiusmodi
1699 941 1874 1008 nouandis
1902 943 2032 1008 minime
2057 944 2227 1021 serendum

212 1047 378 1108 memus,
399 1027 447 1092 ita
457 1032 606 1108 tanquam
615 1026 736 1092 bractii
753 1025 1068 1092 accormnodatissimi
1079 1031 1166 1090 mam
1176 1026 1338 1109 inprimis
1350 1047 1438 1110 opem
1448 1029 1674 1095 ἀοείἅονανιννε.
1709 1027 1777 1095 Ηοο
1788 1048 1858 1093 uero
1875 1034 2015 1094 usuam
2031 1029 2227 1097 desiduium

211 1113 292 1196 fuit,
317 1114 390 1199 (38)
407 1118 442 1177 ut
463 1112 506 1178 ad
526 1113 693 1178 minimam
714 1132 869 1195 quamque
896 1131 983 1192 spem
1009 1112 1136 1195 copendi
1163 1112 1289 1186 concilii
1310 1116 1495 1181 oecumenici
1521 1134 1586 1180 uon
1614 1113 1715 1180 solum
1737 1133 1794 1178 uos
1815 1133 1935 1197 semper
1950 1120 2113 1198 promptos
2129 1137 2226 1199 prae·

214 1198 382 1279 bumimus,
405 1199 449 1265 ad
470 1197 552 1264 iliud
574 1199 782 1279 indicendum,
806 1198 862 1263 sed
882 1197 938 1261 ubi
964 1197 1012 1263 uei
1040 1198 1176 1263 miuuna
1197 1199 1265 1279 spei
1286 1200 1425 1267 scintilla
1447 1200 1591 1281 eluxerit,
1614 1200 1680 1282 copi
1696 1220 1807 1283 posse,
1830 1219 1864 1264 eo
1888 1201 1997 1266 statim
2017 1200 2138 1285 lepatos
2160 1204 2222 1269 mi·

212 1285 364 1353 serimus:
386 1285 646 1368 quemadmodum
666 1285 775 1350 uitium
796 1284 861 1350 ioco
884 1283 978 1348 etiam
997 1283 1139 1364 fecimus,
1162 1305 1343 1366 quanquam
1362 1307 1426 1352 uon
1446 1307 1517 1354 aum
1538 1306 1572 1351 eo
1590 1287 1705 1368 fructu,
1728 1305 1818 1367 quem
1839 1287 1969 1352 asuduc
1990 1291 2150 1368 optamus:
2170 1289 2226 1357 sod

211 1371 384 1436 maluimus
405 1391 481 1436 sano
502 1372 608 1437 marcia
630 1375 753 1448 tentare,
773 1390 869 1452 quam
891 1369 939 1434 ool
949 1369 1100 1434 minimae
1120 1371 1273 1436 occasioni
1283 1371 1395 1453 deesse,
1418 1391 1514 1454 quam
1535 1394 1557 1436 a
1573 1372 1684 1438 dimna
1704 1372 1837 1436 bonitate
1859 1392 1979 1454 semper
2000 1377 2224 1454 suspectam.

215 1458 319 1538 Quum
340 1462 444 1522 auum
469 1456 664 1523 uniuersalis
693 1456 838 1522 emlesiae
866 1455 1017 1521 utilitatis
1038 1475 1136 1521 causa
1163 1456 1328 1522 concilium
1353 1458 1427 1541 fieri
1453 1477 1650 1539 summopere
1676 1457 1837 1539 cupimus,
1865 1462 1931 1522 tum
1958 1477 2028 1522 vero
2052 1461 2225 1543 praecipue

210 1541 302 1609 iilius
323 1543 459 1628 inclytae
479 1545 618 1608 nationis
636 1543 842 1625 ammonicae,
863 1561 943 1624 quae
964 1541 1154 1622 iampridem
1174 1542 1353 1625 discordiis,
1383 1546 1457 1624 [pag.
1477 1549 1533 1624 33]
1556 1544 1592 1608 iu
1614 1543 1665 1608 bis
1689 1563 1768 1624 quoae
1795 1543 1838 1610 ad
1858 1543 2040 1627 reiiqionem
2054 1546 2224 1628 pertinent,

203 1629 385 1710 plurimum
412 1633 525 1695 cecata
546 1629 693 1708 dissidet,
721 1628 814 1694 auius
839 1627 937 1692 saluti
960 1625 1009 1710 (ut
1029 1632 1085 1693 tua
1104 1629 1198 1693 etiam
1220 1627 1374 1696 Maiestas
1393 1631 1522 1714 fatetur)
1547 1629 1799 1695 commodissime
1815 1650 1876 1711 ρον
1895 1629 2038 1712 aeneraie
2059 1631 2225 1698 mrcoiiium

211 1713 365 1797 opinari
389 1735 447 1781 uos
467 1734 575 1796 posse,
602 1734 723 1798 suuper
747 1714 953 1795 speraaimus.
998 1712 1206 1798 (39)Hornm
1234 1720 1337 1780 autem
1363 1716 1520 1796 consiliis,
1548 1716 1603 1798 qui
1632 1715 1699 1780 iam
1726 1714 1765 1779 ab
1793 1714 1852 1781 iae
1879 1716 1949 1781 sede
1974 1721 2049 1782 sunt
2069 1717 2222 1801 mutuat,

211 1805 355 1868 tensum
377 1821 441 1867 esse
464 1801 558 1883 (quod
579 1821 662 1866 nunc
684 1799 916 1884 cmmuuimur)
939 1819 1001 1863 uon
1023 1798 1058 1864 ab
1079 1799 1115 1864 id
1136 1801 1264 1882 quidem
1285 1803 1519 1884 conquerimur,
1548 1801 1632 1883 quod
1652 1820 1773 1883 suuper
1794 1800 1852 1866 hos
1873 1806 2003 1867 remotos
2023 1823 2046 1867 a
2067 1807 2122 1869 tua
2143 1805 2224 1871 ami·

209 1889 286 1959 citio
297 1887 545 1970 esscoupiamus,
564 1885 666 1952 autid
676 1905 875 1968 quaeramus,
894 1885 973 1966 quia
983 1885 1232 1952 semeidamuati
1247 1887 1319 1967 siut,
1337 1893 1373 1952 ut
1382 1908 1506 1969 semper
1521 1887 1664 1952 damnati
1673 1891 1828 1952 maneant.
1861 1887 1962 1953 Testis
1978 1889 2060 1953 enirn
2073 1889 2162 1956 uobis
2178 1897 2225 1958 est

207 1975 300 2042 Deus
310 1995 407 2057 quam
415 1972 498 2038 nibil
508 1973 612 2057 mapis
623 1972 658 2036 in
669 1972 749 2036 cotis
758 1970 935 2051 babeamus,
955 1976 1177 2053 quamutooes
1182 1973 1329 2055 perditas
1340 1973 1586 2040 addominiaum
1595 1972 1673 2037 oode
1683 1973 1880 2052 reducamus,
1898 1974 2070 2041 etutillam
2087 1976 2222 2044 nobilem

203 2061 405 2146 prouinciam
425 2061 606 2125 uniomsam
627 2059 663 2122 in
683 2057 745 2138 fide
768 2062 797 2122 et
817 2057 966 2141 redipione
995 2057 1065 2142 (40)
1093 2078 1163 2123 cum
1189 2060 1289 2139 mpc'te
1310 2060 1479 2142 etreliqua
1506 2079 1631 2141 corpore
1657 2059 1693 2123 in
1720 2059 1804 2124 muni
1832 2080 1938 2125 amore
1965 2064 2056 2142 atque
2078 2063 2223 2130 amicitn'a

208 2149 404 2216 coniuratum
423 2147 601 2224 rideamus,
629 2142 725 2226 idque
746 2143 781 2207 ab
802 2163 867 2222 eas,
889 2164 969 2225 quas
991 2143 1142 2222 dimmus,
1165 2164 1288 2210 causas.
1336 2143 1398 2212 Sed
1418 2150 1453 2209 tu
1474 2165 1563 2225 nunc,
1586 2144 1661 2209 dum
1682 2144 1709 2208 ii
1730 2145 1765 2208 in
1787 2144 1957 2210 discordiis
1978 2166 2048 2212 cum
2070 2149 2171 2231 capia
2192 2154 2222 2214 et

208 2235 328 2317 reliquo
350 2238 423 2312 [pag.
443 2238 498 2312 34]
522 2250 645 2312 corpora
665 2232 791 2294 manent
814 2229 865 2310 (dc
886 2230 931 2295 iis
952 2229 1008 2311 qui
1029 2229 1106 2295 tales
1127 2235 1200 2295 sunt
1219 2230 1393 2315 loquimur)
1419 2232 1496 2296 dum
1515 2235 1606 2295 entra
1621 2229 1778 2295 aarum
1795 2235 1876 2310 sunt,
1893 2252 1954 2313 ρον
1976 2232 2109 2297 edictum
2128 2235 2224 2301 etiam

69 2364 73 2370 ›
207 2327 299 2387 tuum
320 2317 476 2398 damnati,
505 2336 610 2382 eorum
638 2315 813 2382 amicitiam
834 2313 945 2395 pluris
971 2335 1068 2397 quam
1088 2337 1156 2397 par
1180 2316 1340 2398 actiacis,
1369 2317 1445 2382 dum
1475 2316 1689 2399 iudrdpentius
1720 2336 1772 2381 cos
1798 2321 1930 2382 mactas:
1952 2338 2051 2400 quum
2070 2318 2145 2386 baec
2167 2326 2224 2386 uu

210 2406 408 2492 induiqmtia
429 2408 457 2469 et
472 2403 717 2487 practmitorum
737 2400 907 2466 aduncum
926 2399 1154 2467 decimationes
1174 2403 1349 2482 separatim
1369 2424 1390 2468 a
1411 2408 1439 2467 tc
1459 2403 1576 2485 sactae,
1598 2421 1661 2465 non
1682 2401 1787 2466 solum
1807 2401 1954 2468 bacunus
1977 2403 2043 2469 iliis
2063 2425 2127 2470 uon
2141 2426 2223 2488 ρνο·

205 2493 337 2578 suerint,
359 2496 393 2556 ut
416 2489 458 2556 ad
480 2489 635 2554 saniorem
655 2491 785 2552 menum
805 2486 952 2565 redirent
973 2484 1029 2552 sed
1042 2487 1160 2570 potius,
1182 2488 1265 2570 quad
1285 2489 1406 2569 reipsa
1430 2494 1616 2570 compertum
1637 2492 1689 2566 est,
1711 2489 1903 2553 occasionem
1922 2490 2065 2555 dedemnt
2085 2495 2122 2556 ut
2138 2493 2225 2559 inso-

94 2618 96 2622 ·
213 2580 357 2646 lentiores
378 2577 442 2642 siut
466 2576 557 2659 facti,
586 2573 679 2639 etad
705 2572 885 2655 occupanda
912 2572 1109 2638 cincinorum
1137 2572 1218 2638 bona
1245 2574 1464 2654 anirnosiores,
1494 2574 1664 2639 dissidium
1693 2578 1771 2637 certe
1798 2573 1904 2653 ipsum
1931 2576 2034 2659 mapis
2053 2575 2109 2641 boc
2129 2579 2223 2645 modo

209 2666 322 2750 focae,
345 2680 441 2746 quom
462 2661 564 2727 tollere
584 2659 712 2726 uideris.
757 2657 821 2723 Sed
840 2656 915 2723 baec
935 2678 1016 2741 quac
1038 2658 1081 2723 ad
1101 2659 1258 2724 meliorem
1277 2660 1430 2742 summ,
1451 2680 1513 2724 uon
1536 2661 1580 2724 iis
1601 2659 1725 2740 quidem
1746 2659 1810 2723 viis
1830 2659 1946 2725 alianis
1968 2661 2008 2726 ab
2029 2663 2115 2727 omui
2135 2684 2221 2731 more

213 2749 487 2817 etconsuctudiuc
514 2747 685 2825 maiorum,
714 2749 807 2827 atque
834 2743 873 2810 ab
900 2743 970 2826 ipso
998 2745 1067 2810 iure
1093 2745 1219 2825 diuino,
1248 2745 1305 2811 sed
1320 2766 1383 2827 ρον
1406 2745 1551 2830 ρονοναῑο
1579 2745 1745 2811 concilium
1774 2746 1886 2826 optime
1908 2747 2044 2828 perduci
2065 2750 2221 2831 potuisse,

211 2923 320 2990 adhuc
340 2921 608 2996 catechumenus,
639 2939 749 2983 errore
770 2916 812 2982 ad
835 2914 1021 2982 sacerdotes
1044 2921 1189 2982 transtu·
1240 2917 1420 2982 Extremae
1442 2936 1485 2982 se·
1500 2915 1703 2982 crudelitatis
1722 2914 1871 2981 damnari
1894 2915 1935 2981 ab
1953 2917 2104 2985 omnibus
2123 2921 2222 2988 intel-

209 3011 257 3076 lin
302 3008 483 3075 Frenesius
502 3004 645 3072 Achillis
667 3003 820 3088 clypeum
840 3022 876 3067 se
897 3001 1064 3069 invenisse
1085 3009 1189 3085 putat,
1241 3001 1330 3086 ligit,
1370 3001 1455 3085 quod
1487 3001 1614 3066 tamdiu
1646 3001 1747 3067 variis
1779 3001 2056 3072 ludificationibus
2089 3013 2221 3092 tempus

210 3096 290 3163 dum
312 3094 390 3160 inde
411 3092 631 3180 patrocinium
648 3095 827 3156 mutuatur.
860 3088 960 3153 Nunc
977 3088 1189 3154 statuendum
1241 3087 1403 3154 extrahat.
1449 3087 1519 3153 Cur
1541 3109 1608 3153 nan
1631 3088 1747 3171 igitur,
1779 3088 1886 3171 quoad
1914 3089 1997 3156 citra
2025 3114 2126 3158 suum
2153 3093 2221 3162 dis-

210 3194 276 3263 eat,
304 3183 371 3248 utri
393 3183 468 3265 plue
490 3177 567 3244 fidei
592 3178 636 3243 sit
657 3174 856 3252 habendum,
880 3174 1010 3253 Deane,
1034 3193 1077 3238 an
1100 3173 1188 3240 Con·
1240 3174 1398 3257 pendium
1419 3181 1535 3257 potest,
1560 3173 1738 3239 satisfaciat
1759 3175 1929 3256 imperitis,
1953 3178 2127 3244 concilium
2143 3182 2222 3248 sub·

208 3269 364 3337 stantiae.
408 3269 461 3334 De
489 3287 588 3331 sensu
621 3263 709 3329 iilius
743 3261 925 3328 sententiaa
956 3259 1085 3343 loquor:
1115 3261 1188 3345 Ego
1240 3260 1317 3325 inde
1348 3259 1536 3339 indicendo,
1570 3258 1657 3342 quod
1688 3281 1858 3342 nunquam
1893 3261 2033 3329 habeat?
2079 3262 2119 3331 Si
2147 3269 2220 3351 quis

209 3355 293 3435 dixi,
325 3353 371 3418 dii
399 3352 489 3419 estis.
533 3351 667 3434 Alioqui
694 3347 875 3432 prudenter
896 3347 1001 3432 egisse
1024 3344 1188 3413 Constan·
1241 3354 1352 3412 autem
1374 3347 1532 3425 miretur,
1556 3367 1615 3411 cur
1637 3352 1808 3429 tantopere
1831 3348 2005 3412 concilium
2028 3351 2220 3420 reformidet

208 3443 318 3506 tinum
344 3440 466 3516 fatear,
493 3438 548 3521 qui
573 3457 676 3519 quum
702 3435 868 3518 episcopos
897 3440 1061 3512 cerneret,
1095 3433 1187 3498 fatali
1238 3433 1476 3516 papamque
1501 3431 1584 3496 nulli
1606 3431 1690 3496 bana
1712 3433 1838 3515 patebit
1853 3433 1953 3511 lacus,
1976 3435 2053 3501 inde
2075 3432 2217 3521 reputet,

209 3526 354 3610 quadam
374 3523 465 3591 rabie
485 3523 521 3588 in
544 3530 694 3587 mutuam
714 3520 948 3585 lacerationem
966 3520 1188 3584 inflammatos
1239 3540 1338 3602 quam
1368 3518 1413 3583 sit
1440 3518 1629 3603 prodigiosa
1652 3519 1838 3602 tyrannidis
1865 3521 2004 3602 species,
2039 3543 2123 3606 quae
2150 3547 2219 3592 non

209 3612 292 3678 Ario
315 3631 463 3694 parcere,
492 3615 525 3673 et
552 3607 702 3673 deserere
724 3605 850 3671 Christi
871 3625 1017 3685 causam,
1046 3613 1085 3670 ut
1107 3625 1187 3671 suae
1238 3604 1304 3672 nisi
1320 3626 1380 3688 per
1401 3613 1560 3671 terrerem
1584 3612 1617 3669 et
1637 3611 1764 3669 metum
1784 3605 1922 3671 retineri
1942 3615 2060 3690 potest

210 3696 382 3781 cupiditati
409 3715 534 3760 morem
562 3699 728 3777 gererent,
759 3689 933 3774 probrosos
956 3710 1069 3755 eorum
1091 3690 1185 3757 libel·
1326 3689 1382 3775 39)
1415 3692 1469 3756 En
1511 3690 1590 3775 quid
1629 3697 1758 3773 premat
1796 3693 2041 3759 sanctissimum
2076 3703 2217 3778 patrem.

208 3784 258 3850 los
287 3779 491 3850 consciderit.
535 3778 712 3846 Caeterum
745 3797 844 3859 qnam
876 3775 989 3859 procul
1023 3798 1043 3841 a
1075 3783 1186 3841 mente
1238 3776 1315 3841 Nan
1337 3773 1500 3842 audiendo
1518 3782 1577 3842 aut
1599 3774 1809 3860 disceptando
1832 3781 1964 3844 tractari
1988 3778 2063 3848 vult
2084 3803 2219 3849 causam

208 3868 362 3938 Frenesii
395 3865 538 3933 abluerit
564 3862 817 3940 Constantinus,
853 3883 894 3926 ne
927 3861 1010 3926 falso
1045 3861 1187 3944 amplius
1239 3862 1516 3941 Proteetantium,
1538 3859 1596 3927 sed
1617 3861 1678 3927 hac
1700 3862 2000 3930 commodissimum
2021 3866 2091 3933 fore
2112 3877 2218 3952 putat,

208 3957 280 4024 eius
310 3975 431 4020 nomen
459 3949 631 4029 obtendat,
667 3970 709 4014 ex
742 3948 832 4014 illius
863 3945 906 4012 ad
932 3945 1187 4014 Nicomedenses
1239 3947 1268 4012 si
1297 3945 1339 4012 ab
1367 3946 1433 4012 illis
1461 3946 1656 4012 damnandis
1686 3947 1884 4015 exordiatur.
1931 3949 2129 4035 Quanquam
2159 3956 2220 4022 vix

208 4042 355 4129 epistula,
378 4060 478 4124 quam
500 4035 717 4104 ruadanus
737 4033 822 4100 libro
842 4033 948 4117 prima
969 4032 1079 4111 refert,
1102 4032 1187 4098 iudi·
1238 4034 1301 4098 ista
1322 4031 1446 4097 honore
1469 4035 1650 4098 etiamnum
1669 4054 1725 4099 eos
1742 4033 1940 4118 dignabitur,
1963 4060 2005 4103 ne
2021 4060 2092 4104 rem
2110 4046 2220 4108 actam

210 4132 298 4199 aium
320 4129 427 4194 facere
450 4133 642 4209 promptum
669 4130 727 4187 est.
774 4118 812 4186 Si
835 4125 957 4198 castos,
979 4118 1103 4202 inquit,
1127 4119 1186 4184 ha·
1239 4139 1337 4204 agere
1358 4118 1480 4184 iterum
1502 4119 1644 4202 incipiat,
1668 4119 1725 4184 sed
1743 4122 1985 4204 exsequendam
2006 4123 2042 4188 in
2063 4145 2120 4192 eoa
2143 4147 2220 4194 sen·

208 4217 333 4296 bemus,
358 4222 391 4279 et
408 4210 608 4278 orthodoxos
626 4216 659 4274 at
680 4206 845 4273 modestos
866 4205 1042 4289 episcopos,
1065 4205 1186 4290 gaude·
1239 4206 1378 4270 tentiam
1400 4205 1578 4272 mandabit.
1611 4205 1659 4270 Et
1681 4212 1769 4272 certe
1791 4228 1856 4272 non
1879 4208 1966 4274 male
1988 4211 2132 4277 consulit
2149 4214 2219 4280 stis

209 4323 294 4367 mue.
339 4297 494 4382 Quodsi
523 4295 596 4381 quis
623 4292 779 4361 audacter
805 4314 843 4358 ac
865 4291 1048 4357 inconsulte
1076 4290 1117 4356 ad
1139 4292 1187 4356 fo-
1239 4291 1438 4371 rationibus,
1468 4291 1560 4370 dum,
1591 4312 1633 4356 ne
1657 4313 1756 4358 causa
1777 4300 1847 4357 tam
1869 4292 1969 4360 dubia
1986 4303 2020 4360 ct
2046 4297 2109 4363 sibi
2129 4301 2219 4382 peri-

208 4386 333 4454 vendas
354 4393 464 4471 pestes
486 4381 657 4457 exarserit,
680 4379 770 4445 illius
791 4377 928 4444 audacia
946 4377 1090 4443 ministri
1112 4378 1186 4459 Dei,
1239 4377 1351 4445 culosa
1378 4385 1589 4459 retractetur,
1624 4378 1762 4444 sollicite
1789 4387 1893 4445 caret
1939 4379 2030 4462 Quid
2058 4403 2155 4468 ergo,
2190 4386 2220 4452 ei

209 4473 273 4539 hoc
295 4479 354 4552 est,
376 4493 451 4537 mea
473 4467 710 4554 exaequatione
732 4465 943 4532 coercebitur.
989 4461 1130 4545 Quando
1150 4465 1188 4529 in
1240 4463 1403 4543 audiatur,
1420 4465 1687 4531 Protestantibus
1705 4463 1868 4548 reliquum
1886 4474 1944 4547 est,
1967 4469 2032 4533 nisi
2050 4475 2088 4534 ut
2098 4491 2220 4538 musae

209 4555 362 4625 omnibus
405 4556 623 4624 Constantino
666 4550 868 4638 persimilem
914 4570 985 4616 esee
1030 4548 1188 4615 Carolum
1241 4572 1319 4617 suae
1338 4551 1527 4617 defensione
1542 4552 1672 4630 omissa,
1695 4570 1730 4614 se
1748 4549 1797 4614 illi
1814 4573 1939 4635 suaque
1950 4554 2060 4620 omnia
2070 4553 2218 4623 dedant?

210 4642 386 4711 Caesarem
413 4652 506 4726 optat
532 4641 727 4720 Frenesius,
759 4659 862 4703 manu
895 4637 965 4702 eius
993 4656 1060 4701 non
1095 4657 1188 4703 suam
1328 4642 1402 4717 [pag.
1432 4643 1486 4716 76]
1510 4638 1573 4719 ’40)
1601 4636 1738 4703 Utinam
1768 4635 1900 4720 quidem
1928 4660 2005 4707 vere
2032 4641 2221 4710 coalescant

212 4728 394 4805 audaciam,
418 4728 476 4793 sed
499 4729 670 4793 efferatam
687 4725 812 4792 rabiem
835 4721 976 4790 coerceri
997 4723 1153 4804 patiatur.
1241 4721 1403 4788 Germani
1425 4744 1539 4788 omnes
1560 4723 1596 4786 in
1620 4744 1734 4788 verum
1757 4720 1834 4787 fidei
1857 4745 2068 4806 consensum,
2091 4727 2220 4814 sibique

299 4815 353 4896 38)
367 4811 520 4896 Speciem
537 4813 670 4896 quidem
687 4809 825 4897 cogendi
843 4807 1050 4896 conciliiiam
1062 4807 1188 4891 aliquo-
1239 4816 1355 4873 mutua
1382 4809 1444 4874 snb
1467 4828 1534 4872 uno
1556 4808 1661 4891 capite
1684 4808 1902 4890 adhaereant,
1930 4832 2049 4898 nempe
2072 4810 2218 4883 Christo.

210 4902 274 4969 ties
292 4906 367 4983 [pag.
380 4902 434 4978 75]
448 4897 600 4982 praebuit
608 4899 797 4978 Frenesius,
814 4895 871 4963 sed
882 4895 939 4979 qui
949 4895 1034 4961 serio
1046 4915 1188 4960 eumcu-
1240 4893 1313 4959 Ima
1340 4900 1430 4958 totus
1455 4894 1491 4958 in
1521 4894 1607 4961 hanc
1635 4894 1798 4961 unitatem
1820 4894 1997 4962 reducatur
2018 4899 2124 4980 orbis,
2154 4923 2219 4986 quo

213 4989 337 5074 misses
359 5003 507 5067 unquam
535 4983 575 5048 de
596 4983 747 5049 habendo
771 4981 905 5050 concilio
927 4986 1039 5065 putat,
1068 4980 1188 5045 micam
1239 4979 1418 5062 impleatur
1443 4979 1539 5058 illud,
1568 5001 1632 5064 qua
1659 4989 1786 5047 certum
1814 4988 1865 5048 est
1893 4981 2032 5050 solidam
2060 4986 2220 5055 ecclesiae

212 5075 288 5140 sani
314 5071 439 5140 cerebri
462 5067 658 5134 nonhabet
694 5069 860 5135 Mundum
883 5068 979 5151 quasi
999 5065 1189 5136 famelicum
1240 5065 1473 5148 perfectionem
1495 5067 1665 5146 mutinen,
1688 5066 1749 5133 hac
1771 5076 1830 5147 est,
1853 5075 1892 5133 ut
1913 5070 1971 5134 fiat
1992 5091 2098 5137 unum
2119 5074 2219 5153 ovile,

210 5160 340 5247 ingenti
374 5154 505 5224 concilii
538 5152 699 5235 desiderio
732 5154 824 5220 hiare
857 5151 1050 5219 iamdudum
1084 5151 1187 5220 novit.
1241 5157 1276 5216 et
1297 5172 1385 5218 unus
1407 5159 1532 5237 pastor:
1562 5151 1620 5221 sed
1641 5152 1799 5221 reclamat
1820 5174 1919 5239 papa,
1949 5156 2006 5240 qui
2030 5178 2091 5241 pro
2113 5158 2218 5226 nihile
