4620 5894
144 206 209 270 483
887 190 1155 261 sarusarlo
1177 188 1411 258 ERRORCN
2096 192 2159 257 484

143 396 285 455 mortem
306 384 412 450 crucis
433 381 534 468 (Phil.
557 385 586 461 2,
611 382 655 464 6).
699 380 794 465 Nego
812 377 935 462 aliquid
956 376 997 444 de
1019 376 1124 463 gloria
1174 398 1238 462 que
1259 378 1329 444 eius
1347 389 1467 443 natura
1487 376 1608 460 pendet
1629 396 1668 441 ao
1684 375 1892 443 aestimanda
1909 384 2024 443 estex
2040 388 2158 443 natura

145 472 328 541 divinitatis
356 469 457 536 fuisse
486 468 714 533 imminutum:
748 464 808 531 sed
839 466 916 548 quia
947 466 983 529 in
1014 463 1123 529 carnis
1174 463 1408 547 promissionis.
1434 463 1639 551 ⁸Promissio
1669 460 1827 545 baptismi
1853 469 1922 528 est:
1966 462 2038 528 Ero
2067 461 2157 529 Deus

144 558 338 625 infirmitate
360 556 499 621 obseura
520 562 554 618 et
577 557 764 634 contempta
791 549 937 627 delituit,
968 547 1123 615 Christus
1176 557 1262 627 tuus,
1285 549 1422 614 otDeus
1442 549 1576 613 seminis
1599 549 1647 612 tui
1670 546 1770 624 (Gen
1785 553 1834 627 17,
1858 553 1903 624 7).
1916 548 1943 631 ¹)
1977 548 2157 615 Promissio

145 645 157 709 i
181 664 226 723 se,
249 643 305 726 qui
327 662 414 707 unus
431 647 482 705 cst
502 637 600 703 homo
621 638 768 715 etDeus,
792 635 912 701 dicitur
933 635 1124 701 exinanitus
1175 655 1294 701 coenae
1316 643 1382 699 est:
1411 633 1569 716 Quisquis
1591 632 1696 699 ederit
1717 655 1835 716 panem
1858 633 1962 709 huno,
1985 642 2019 699 et
2041 634 2159 701 biberit

186 729 193 743 ’
231 750 258 794 e.
302 726 417 810 Neque
439 725 527 790 enim
550 723 613 789 hoc
634 722 750 788 referri
779 721 830 787 vel
851 719 893 786 ad
916 718 1123 787 divinitatem
1175 742 1219 786 ox
1247 719 1348 785 calice
1376 717 1544 785 celebrans
1577 718 1768 784 memoriam
1800 720 1917 785 mortis
1945 718 2092 797 Christi,
2123 731 2159 785 ιιι

146 815 201 881 vel
220 813 262 879 ad
278 812 521 877 humanitatem
542 808 710 874 commode
732 816 848 891 potest,
871 806 928 872 sed
950 813 1124 889 utramque
1175 804 1284 885 decet,
1317 805 1483 888 particeps
1516 805 1579 869 erit
1611 805 1757 888 corporis
1789 805 1893 888 ipsias
1919 811 1957 869 et
1985 807 2158 889 sanguinis

146 899 245 966 simul
267 897 391 964 Paulus
418 894 662 978 complectitur,
691 894 768 976 quia
796 913 862 958 non
890 891 1054 974 duplicem
1075 891 1123 955 fa·
1176 891 1304 975 (Ioann.
1327 891 1358 970 6,
1382 891 1448 971 54).
1492 890 1632 955 Nullum
1660 891 1728 955 fore
1755 888 1910 973 baptismi
1933 912 2035 956 usum
2058 892 2157 956 senti·

73 1052 76 1057 ,
146 985 240 1052 ciunt
271 981 459 1059 Christum,
492 980 550 1045 sed
582 1000 687 1044 unum
718 976 878 1044 duntaxat
908 978 1122 1043 constituunt.
1176 998 1258 1057 mus,
1282 976 1384 1042 donec
1404 975 1468 1041 fide
1486 975 1752 1058 apprehendatur
1768 976 1850 1042 haee
1867 976 2058 1059 promissio.
2093 975 2157 1040 Ve-

143 1069 216 1150 -Qui
244 1067 453 1133 mediocriter
479 1064 605 1131 versati
633 1072 712 1130 sunt
733 1065 768 1129 in
790 1063 975 1147 seripturis,
1005 1081 1123 1146 agnos·
1175 1083 1251 1126 rum
1279 1084 1345 1128 non
1375 1061 1438 1127 sibi
1466 1062 1604 1145 quisque
1633 1069 1779 1141 tantum,
1811 1060 1869 1127 sed
1898 1063 2029 1146 pariter
2056 1061 2158 1127 soboli

6 1200 10 1207 -
96 1199 100 1205 ·
147 1161 227 1221 cunt
252 1152 340 1219 hane
369 1152 548 1236 genuinam
583 1172 654 1216 esse
680 1150 818 1234 phrasin
846 1149 981 1232 spiritus
1009 1147 1124 1213 sancti.
1177 1168 1258 1213 suae
1279 1146 1511 1231 apprehendit:
1536 1149 1603 1212 imo
1623 1167 1737 1212 omnes
1759 1148 1795 1212 in
1816 1167 1995 1213 commune
2017 1148 2159 1231 amplec-

148 1238 214 1320 Qui
236 1237 387 1322 religiose
416 1237 565 1321 cogitant
595 1235 635 1301 de
663 1234 897 1319 redemptionis
918 1242 1050 1299 nostrae
1072 1254 1126 1297 ar·
1177 1234 1279 1298 timur
1307 1233 1448 1317 gratiam
1477 1233 1571 1297 illam
1597 1232 1753 1298 ecelesiae
1780 1233 1933 1299 oblatam.
1983 1232 2025 1299 si
2059 1252 2158 1317 neges

146 1344 244 1402 cano,
273 1323 503 1389 suavissimam
531 1321 787 1387 consolationem
815 1319 1003 1403 percipiunt
1024 1339 1126 1401 quum
1176 1319 1278 1384 talem
1304 1319 1554 1402 promissionem
1580 1319 1739 1397 inveniri,
1772 1339 1856 1402 quae
1888 1320 1925 1383 in
1952 1319 2160 1402 baptismum

148 1408 288 1475 audiunt
316 1407 488 1474 Christum
515 1405 644 1472 duabus
670 1406 718 1470 ita
744 1405 873 1471 natiuis
899 1412 1064 1482 constare,
1091 1409 1126 1467 et
1178 1414 1356 1486 competat:
1379 1403 1463 1468 mihi
1485 1403 1615 1469 abunde
1638 1405 1759 1469 sufficit
1780 1425 1867 1469 unus
1889 1403 1991 1484 locus,
2017 1404 2077 1469 ubi
2099 1405 2159 1469 Pe·

146 1494 280 1579 quidem
310 1493 490 1571 distinctis,
520 1499 559 1556 ut
584 1502 696 1557 tamen
725 1513 811 1556 unus
840 1491 897 1556 sit:
930 1498 1027 1573 atque
1049 1510 1126 1554 eum
1177 1496 1250 1555 trus
1272 1510 1344 1554 eam
1367 1511 1452 1573 quae
1476 1488 1631 1554 Abrahae
1656 1492 1691 1553 in
1720 1490 1971 1557 circumcisione
1998 1489 2080 1555 data
2101 1490 2160 1554 fuit

148 1581 204 1662 qui
220 1580 310 1645 filius
328 1586 378 1644 sst
388 1578 525 1656 Mariae,
548 1577 647 1642 simul
664 1586 698 1642 et
714 1576 915 1643 coniunctim
932 1597 1003 1641 esse
1019 1574 1126 1640 filium
1178 1574 1327 1640 extendit
1354 1575 1395 1639 ad
1423 1588 1555 1657 tempus
1577 1576 1654 1640 novi
1682 1577 1880 1640 testamenti.
1926 1574 1982 1640 Ad
2005 1596 2083 1650 vos,
2111 1576 2159 1639 in·

110 1734 114 1741 ,
146 1666 227 1731 Dei:
249 1672 283 1729 et
304 1664 359 1747 qui
381 1663 470 1729 filius
491 1671 542 1728 est
562 1664 637 1741 Dei,
665 1661 773 1728 filium
795 1682 866 1727 esse
888 1661 1030 1726 eundem
1052 1661 1125 1725 Ma·
1177 1661 1262 1743 quit,
1298 1667 1332 1725 et
1357 1660 1442 1725 filios
1477 1669 1605 1726 vestros
1633 1661 1776 1744 pertinet
1809 1661 1892 1726 hacc
1920 1662 2049 1744 gratia:
2085 1661 2159 1726 estis

147 1751 226 1830 riae,
248 1757 287 1812 ut
308 1750 411 1814 frater
433 1757 545 1813 noster
567 1749 620 1826 sit,
644 1769 682 1814 ac
704 1768 778 1813 caro
803 1752 928 1813 nostra:
958 1766 1019 1811 nos
1048 1766 1126 1812 vero
1177 1746 1265 1810 onim
1289 1745 1447 1811 haeredes
1472 1747 1696 1829 promissionis
1727 1749 1812 1827 (Act
1833 1752 1862 1825 2,
1885 1750 1951 1821 39).
1998 1746 2067 1812 Cui
2088 1768 2159 1812 sen·

145 1855 207 1918 per
229 1838 303 1913 [pag.
326 1838 380 1913 40]
401 1835 510 1917 ipsum
528 1833 592 1901 filii
614 1834 688 1898 Dei.
1177 1831 1302 1896 tentiae
1323 1832 1526 1915 suffragatur
1544 1832 1608 1896 ista
1629 1832 1727 1897 Pauli
1749 1832 1857 1910 (Rom.
1882 1838 1931 1907 lc,
1951 1835 2003 1915 8):
2048 1831 2158 1898 Chris·

1178 1925 1233 1981 tus
1252 1917 1404 1982 minister
1430 1926 1481 1982 est
1501 1917 1771 1995 circumcisionis,
1800 1917 1842 1980 ad
1869 1918 2061 2001 implendas
2087 1940 2158 2002 pro-

1177 2003 1350 2068 missiones
1372 2023 1454 2085 quae
1475 2003 1622 2085 patribus
1648 2001 1743 2068 datas
1764 2004 1902 2068 fuerant.
1950 2003 2082 2070 Gentes
2104 2025 2158 2068 au·

232 2090 388 2175 Regnum
417 2090 480 2155 Dei
509 2090 653 2172 incipere
682 2089 718 2153 in
746 2087 935 2153 hominibus
964 2087 1126 2152 sentimus
1177 2094 1244 2151 tem
1267 2108 1367 2171 super
1389 2088 1613 2154 misericordia
1631 2089 1810 2172 glorificate
1821 2090 1941 2153 Deum.
1975 2091 2158 2173 Postquam

146 2176 277 2260 quando
305 2183 553 2259 regenerantur.
598 2175 692 2240 runs
723 2182 834 2237 autem
857 2171 1048 2257 regenerari
1075 2169 1125 2235 di·
1177 2172 1311 2238 Iudaeis
1339 2174 1498 2239 stabilivit
1525 2194 1618 2238 suam
1650 2175 1904 2257 possessionem,
1934 2186 2055 2256 gentes
2082 2197 2158 2257 quo-

146 2264 260 2338 cimus,
283 2260 414 2344 quando
435 2260 667 2324 illuminantur
689 2259 725 2323 in
747 2259 874 2324 Christi
894 2258 1004 2338 fidem,
1022 2258 1125 2323 refor·
1177 2281 1240 2342 que
1263 2260 1300 2322 in
1322 2260 1510 2324 societatem
1532 2260 1597 2324 illis
1620 2260 1778 2345 adiungit.
1824 2260 1866 2323 In
1887 2281 1993 2326 coena
2016 2261 2158 2345 exigitur

146 2354 282 2412 mantur
308 2346 346 2410 in
375 2344 594 2410 obedientiam
616 2345 682 2408 Dei
713 2345 859 2424 ipsorum
887 2343 1000 2427 corda,
1030 2350 1063 2407 et
1090 2344 1125 2407 in
1178 2344 1358 2429 asingulis
1380 2347 1548 2428 proprium
1577 2366 1717 2411 examen
1746 2358 1779 2411 et
1800 2347 1934 2428 propria
1955 2346 2051 2412 fides.
2096 2347 2157 2411 Ne

147 2452 284 2508 summa,
307 2429 436 2514 quando
454 2431 491 2494 in
509 2430 589 2513 ipsis
607 2429 811 2494 instauratur
822 2427 888 2494 Dei
905 2431 1022 2513 imago.
1057 2426 1125 2494 sed
1177 2452 1241 2513 que
1273 2452 1353 2496 vero
1386 2431 1477 2496 aliud
1510 2430 1608 2496 hodie
1637 2432 1836 2497 discriminis
1864 2432 2047 2498 statuimus
2075 2433 2158 2496 inter

145 2517 429 2602 regenerationem
457 2537 541 2599 nego
568 2524 733 2579 momento
762 2514 889 2596 perfici:
922 2516 1001 2579 satis
1024 2522 1075 2580 est
1096 2515 1126 2581 si
1178 2516 1260 2581 haec
1282 2515 1346 2580 duo
1365 2527 1578 2596 sacramenta,
1601 2519 1800 2601 baptismum
1818 2517 1942 2583 scilicet
1960 2526 1997 2582 ct
2015 2539 2155 2593 coenam,

148 2601 354 2686 quotidianos
379 2601 478 2666 faciat
498 2620 692 2685 progressus
715 2621 816 2683 usque
836 2600 878 2665 ad
899 2608 1054 2666 mortem:
1088 2608 1126 2665 ut
1178 2622 1276 2685 quam
1298 2602 1386 2667 inter
1408 2604 1689 2669 circumcisionem
1707 2613 1740 2667 et
1762 2603 1864 2686 pesah
1882 2603 1962 2667 olim
1984 2605 2060 2669 fuit.
2095 2602 2155 2669 Sed

147 2709 278 2754 summa
311 2685 505 2752 excellentia
536 2687 572 2750 in
600 2684 662 2751 hoe
689 2686 813 2750 mundo
840 2687 883 2750 sit
909 2692 1019 2751 tamen
1050 2706 1126 2751 cum
1178 2686 1255 2751 nolo
1278 2707 1349 2753 esse
1367 2689 1534 2770 prolixior.
1571 2688 1638 2769 Qui
1657 2691 1745 2753 enim
1762 2689 1944 2773 prudenter
1963 2690 2154 2773 analogiam,

170 2774 295 2839 rofeotu
322 2773 503 2839 coniuncta
549 2771 639 2836 Hinc
661 2770 762 2836 etiam
785 2772 948 2854 sequitur,
976 2771 1125 2838 inchoari
1179 2794 1278 2854 quam
1311 2773 1395 2851 dixi,
1424 2775 1511 2839 inter
1537 2773 1637 2839 fidem
1663 2782 1697 2838 ιι
1718 2776 1952 2858 promissiones
1987 2774 2154 2859 expendet,

146 2795 313 2924 Cuntaxat
333 2878 474 2942 regnum
497 2859 560 2923 Dei
589 2858 625 2921 in
646 2857 757 2922 nobis:
786 2856 941 2940 quamdiu
963 2858 1018 2922 hic
1040 2858 1125 2922 vivi·
1180 2863 1254 2938 [pag.
1279 2865 1333 2939 42]
1362 2859 1439 2924 huie
1467 2858 1636 2924 doctrinae
1664 2881 1731 2924 non
1753 2861 1929 2925 difficulter
1951 2863 2154 2927 assentietur.

381 1970 436 2036 Ad
457 1969 636 2036 secundam
658 1969 892 2052 quaestionem.

146 2965 221 3009 mus
238 2944 333 3009 novis
350 2943 494 3026 quotidie
511 2943 723 3009 incrementis
743 2943 871 3026 augeri:
894 2944 1126 3025 perfectionem
1180 2944 1277 3024 Quod
1294 2954 1406 3010 autom
1425 2945 1542 3010 deiude
1562 2963 1672 3029 rogas,
1690 2967 1844 3028 quorsum
1862 2949 2020 3012 instituta
2042 2948 2155 3012 fuerint

146 3037 255 3095 autem
282 3029 354 3095 eius
386 3029 441 3095 hic
471 3050 537 3092 non
562 3036 700 3093 exstare.
744 3028 850 3093 Plena
880 3038 930 3093 est
964 3028 1127 3111 scriptura
1179 3031 1327 3114 symbola
1349 3032 1503 3114 baptismi
1525 3042 1559 3095 et
1580 3051 1701 3095 coenae
1723 3033 1757 3095 in
1779 3031 1909 3096 foedere
1932 3055 2031 3111 nove,
2054 3032 2155 3097 brevi·

146 3115 342 3180 testimoniis
364 3112 406 3179 ad
432 3113 519 3199 hano
546 3135 616 3178 rom
644 3112 862 3195 probandam:
891 3113 1049 3197 aquibus
1072 3135 1126 3178 su·
1178 3124 1230 3179 ter
1251 3116 1446 3198 respondeo:
1475 3117 1637 3198 baptismo
1665 3116 1757 3182 nobis
1779 3118 1992 3200 adoptionem
2016 3131 2155 3185 nostram

145 3200 312 3283 persedco,
335 3220 377 3265 ne
398 3198 575 3264 laborando
593 3200 629 3262 in
651 3201 699 3264 rei
721 3199 827 3265 clarae
849 3200 1042 3283 probatione
1063 3200 1126 3264 sim
1178 3201 1357 3285 obsignari,
1375 3211 1413 3265 ut
1431 3224 1625 3267 censeamur
1642 3204 1729 3267 iuter
1746 3204 1810 3267 Dei
1826 3204 1927 3269 filios:
1947 3225 2046 3270 saera
2063 3224 2154 3271 coena

146 3284 312 3351 ridiculus.
365 3284 481 3368 Neque
518 3286 553 3349 in
590 3285 730 3371 singulis
768 3294 899 3351 tantum
938 3284 1126 3350 hominibus
1178 3287 1287 3351 Deum
1317 3286 1391 3351 boni
1428 3287 1673 3369 patrisfamilias
1708 3289 1852 3354 officium
1884 3311 2063 3374 peragere,
2102 3310 2154 3353 nos

147 3371 312 3453 scriptura
333 3391 474 3454 regnum
496 3371 561 3435 Dei
583 3371 770 3454 promoveri
793 3370 900 3436 docet:
930 3371 988 3437 sed
1010 3371 1125 3436 astati—
1179 3371 1309 3447 alendo,
1345 3381 1518 3455 postquam
1553 3374 1588 3438 in
1616 3374 1687 3438 eius
1717 3373 1849 3438 domum
1883 3396 2001 3442 sumus
2031 3377 2152 3458 recepti.

146 3456 208 3520 bus
226 3458 326 3520 etiam
349 3455 498 3520 attribuit
520 3466 704 3540 augmenta.
740 3455 1025 3536 Quemadmodum
1036 3458 1125 3522 Pau·
1179 3458 1294 3540 Neque
1317 3480 1369 3524 me
1393 3459 1472 3523 latet
1494 3480 1578 3541 quae
1599 3459 1751 3524 obiectari
1775 3468 1888 3524 contra
1911 3462 2051 3526 soleant.
2094 3458 2153 3527 Sed

146 3541 208 3618 lus,
231 3539 310 3605 dum
332 3549 478 3606 veterem
499 3543 657 3624 populum
679 3541 848 3607 nobiseum
870 3554 1049 3625 comparat,
1076 3542 1125 3606 di·
1180 3545 1256 3626 quia
1276 3544 1359 3608 mihi
1380 3544 1496 3610 videor
1518 3545 1670 3610 omnibus
1693 3547 1826 3612 obiectis
1849 3546 1928 3611 alibi
1952 3548 2153 3622 satisfecisse,

148 3625 193 3691 oit
214 3647 273 3690 nos
294 3626 476 3691 adolevisse
497 3628 672 3692 iniustam
693 3636 848 3704 aetatem,
878 3649 995 3710 pueros
1024 3628 1125 3692 fuisse
1179 3631 1334 3694 firsiorem
1364 3631 1614 3713 explicationem
1642 3631 1719 3695 inde
1748 3632 1816 3713 pet-i
1843 3633 1970 3696 malim.
2019 3632 2058 3699 Si
2085 3630 2153 3716 quid

148 3713 204 3794 qui
234 3712 295 3776 sub
323 3711 396 3794 lege
423 3714 579 3777 vixerunt
605 3713 695 3797 (Gal.
715 3716 745 3790 4,
767 3716 781 3775 1
801 3715 914 3795 seqq).
958 3714 1126 3794 Utrosquc
1180 3715 1281 3795 deest,
1304 3724 1439 3799 paratus
1460 3738 1534 3781 sum
1556 3716 1706 3795 adiicere,
1729 3719 1756 3781 si
1779 3717 1871 3781 fuero
1895 3717 2096 3785 admonitus.

147 3806 258 3861 tamen
280 3795 365 3861 filios
388 3819 458 3863 esse
481 3807 623 3862 testatur
645 3807 678 3861 et
699 3796 866 3875 haeredes,
886 3810 919 3861 et
940 3799 1069 3875 liberos,
1093 3811 1126 3862 ct

147 3883 266 3964 spiritu
284 3882 446 3948 libertatis
464 3882 639 3966 praeditos,
663 3883 755 3948 ouius
777 3884 930 3965 auspiciis
952 3885 1126 3950 inchoatur

148 3978 181 4032 et
202 3967 361 4051 impletur
381 3968 417 4032 in
440 3969 534 4032 nobis
557 3969 621 4032 Dei
642 3990 791 4052 regnum.
836 3969 965 4034 Deinde
988 3970 1125 4034 alteram
1201 3983 1530 4073 'SOLUTIOWM
1552 4006 1820 4072 REFUTATIO
1843 4008 1875 4071 A
1898 4006 2116 4075 SERVETO

147 4073 274 4135 quoque
286 4055 510 4136 exceptionem
523 4053 724 4131 adhibemus,
744 4054 830 4137 quod
849 4076 937 4119 nunc
955 4078 1013 4139 per
1032 4076 1126 4139 spem
1427 4056 1441 4070 ⁴
1591 4091 1732 4157 MISSA

146 4139 288 4222 ingressi
309 4139 347 4202 in
367 4159 505 4223 regnum
529 4138 603 4215 Dei,
627 4140 758 4218 realem,
782 4162 879 4223 quam
904 4151 1028 4218 arceant,
1052 4164 1125 4224 pos·
1736 4143 1743 4157 ’

147 4225 325 4289 sessionem
346 4224 424 4289 olim
447 4246 633 4290 cernemus:
666 4225 727 4290 hoe
750 4238 815 4303 est,
846 4226 930 4309 quod
955 4249 1044 4292 nune
1067 4248 1125 4309 spe

147 4308 348 4388 obtinemus,
383 4333 419 4375 rc
451 4312 524 4393 ipsa
559 4311 713 4376 Christus
744 4312 923 4376 fruendum
957 4312 1125 4377 exhibebit

148 4395 263 4460 ultimo
290 4417 348 4460 suo
378 4397 531 4462 adventu.
566 4397 680 4479 Neque
701 4397 762 4461 hoc
783 4398 968 4462 membrum
992 4398 1128 4463 dubium
1266 4399 1435 4463 Hecataeus
1464 4400 1570 4463 [ream
1599 4402 1783 4481 crucifixa-at
1809 4422 1929 4465 arcerem
1953 4404 2070 4483 sir-teris
2096 4422 2151 4467 esse

148 4502 218 4546 esse
241 4481 337 4546 debet
365 4483 453 4547 inter
480 4502 536 4547 eos
563 4483 617 4564 qui
641 4504 676 4548 se
698 4484 819 4565 aliquid
841 4484 876 4546 in
900 4485 1000 4549 sacris
1021 4484 1125 4548 literis
1177 4485 1281 4565 filictia
1292 4485 1364 4549 Dei.
1400 4485 1588 4551 Flacciana
1610 4488 1879 4551 retrocessionem
1901 4509 1961 4552 ιιιι
1984 4491 2066 4553 dieis
2087 4506 2150 4560 esse,

146 4565 265 4649 legisse
286 4570 490 4650 profitentur.
524 4569 641 4651 Itaque
664 4570 832 4634 nonsatis
855 4591 1126 4653 assequorquor·
1179 4573 1261 4652 qaod
1283 4570 1370 4635 llorere
1399 4573 1467 4651 ipse
1494 4574 1536 4635 sit
1556 4575 1681 4655 cerritus
1706 4597 1726 4638 c.
1749 4573 1832 4651 llec,
1863 4574 1919 4637 sed
1941 4577 2026 4655 qued
2047 4577 2088 4638 sit
2109 4591 2151 4636 res

148 4673 220 4715 sum
244 4659 320 4731 [pag.
341 4661 394 4732 41]
414 4653 529 4719 tendat
551 4655 633 4721 haec
655 4657 810 4738 quaestio.
1178 4659 1247 4721 alto
1267 4658 1386 4739 pertita,
1415 4680 1493 4739 qaae
1520 4679 1646 4723 caraem
1672 4659 1786 4724 arasa-ir.
1832 4660 1887 4723 Ad
1911 4662 2068 4741 casuarpti
2089 4679 2150 4738 pru¹

530 4793 583 4857 Ad
607 4793 737 4858 tertiam
1179 4743 1330 4806 dationem
1351 4745 1451 4808 solaro
1473 4746 1551 4809 ellos
1572 4746 1772 4828 allecoricam
1794 4745 1912 4809 iliatam
1929 4747 1967 4810 de
1991 4746 2148 4829 Sapientia

235 4908 309 4971 Non
331 4932 490 4995 negamus
519 4914 598 4994 quin
626 4914 808 4996 baptismus
838 4913 937 4976 fidem
964 4913 1124 4994 requirat:

148 4992 205 5058 sed
234 5015 300 5091 {³⁰¹¹
328 4997 433 5077 qualis
468 4998 648 5098 requiritur
675 5000 710 5062 ln
730 5019 851 5097 ,009Πᾶ
902 4996 1002 5062 Fides
1037 5000 1125 5063 enim
1249 5033 1276 5099 1)
1297 5034 1333 5087 Οι·
1351 5051 1385 5087 au
1405 5035 1550 5102 Baptesme
1569 5034 1637 5088 Dieu
1662 5036 1803 5103 promota
1826 5049 1870 5088 ses
1895 5033 1990 5089 fideles
2014 5035 2075 5104 qu’il
2092 5044 2145 5086 sera

147 5078 341 5145 relationem
360 5103 489 5165 semper
506 5083 547 5148 ad
559 5086 622 5149 Del
634 5104 882 5167 promlsfflonem
894 5084 1002 5150 habet.
1030 5083 1126 5150 Ideo·
1179 5103 1203 5155 le
1223 5102 1344 5157 Sauveur
1362 5111 1389 5156 et
1408 5120 1473 5171 pere
1492 5102 1570 5158 d’eux
1589 5103 1666 5157 etde
1685 5103 1744 5157 leur
1763 5116 1897 5157 semence.

1308 4263 1361 4326 Ad
1384 4264 1524 4345 primam
1542 4265 1769 4345 quaestionem
1791 4265 1830 4328 de
1853 4265 1921 4328 filio
1944 4266 2034 4331 lesu.
