4620 5894
147 218 213 285 598
897 214 1167 289 hammo
1188 214 1424 285 ERRORUM
2111 214 2165 279 itt

146 406 253 473 uictas
272 422 373 488 quam
394 400 555 470 Servetm
577 400 714 469 dissolvi
735 400 858 486 negat?
902 402 949 467 Et
969 401 1025 467 hie
1046 400 1135 467 seili-
1185 400 1276 467 idem
1302 408 1353 469 est
1373 401 1468 469 Deus
1495 404 1531 467 in
1558 422 1659 467 carne
1679 398 1933 467 manifestatus?
1978 398 2084 483 Atqui
2104 397 2166 464 dia·

147 498 202 557 eet
222 510 278 555 me
299 488 463 567 hortatur,
485 510 528 553 ne
548 508 604 553 me
624 496 805 570 torqueam,
850 486 957 555 Sicuti
978 486 1135 553 ludibun·
1185 486 1327 553 belicum
1354 488 1403 553 illi
1431 487 1598 571 sophisma
1625 496 1678 551 est
1702 486 1781 551 talis
1805 486 2008 552 idiomatum
2028 504 2167 551 commn-

149 574 214 641 dus
248 574 390 641 salutem
418 574 556 639 humani
625 574 715 639 neris
743 593 880 657 prorsus
907 571 1060 655 dissipat,
1088 574 1136 638 sie
1186 574 1316 639 nicetio.
1361 574 1515 656 Denique
1542 574 1570 639 si
1601 574 1689 637 inter
1715 571 1799 637 duas
1824 580 1967 637 naeuus
1989 567 2167 655 disdngnit,

148 661 283 725 ruinam
304 659 405 739 hane,
426 660 524 743 quasi
543 658 581 723 lu
604 660 722 738 cram,
750 678 865 724 secure
892 658 966 723 vult
994 679 1015 723 a
1040 657 1137 723 nobis
1187 658 1330 723 fateatur
1363 668 1531 725 aeternam
1571 658 1673 723 fuisse
1705 658 1799 723 verbi
1831 655 2034 723 essentiam:
2066 656 2169 721 carnia

149 746 267 830 excipi.
302 744 410 823 Itane,
432 744 513 809 dum
534 752 633 828 rupto
653 744 821 809 fraternae
841 742 981 809 unitatis
1001 742 1136 809 vinculo
1187 744 1364 808 essentiam
1386 766 1407 809 a
1427 754 1577 827 tempere
1596 744 1750 826 coepisse,
1772 763 1875 825 quum
1896 742 1933 806 in
1950 748 2051 807 utere
2072 740 2168 825 virgi·

148 831 292 915 eripitur
324 829 419 896 nobie
447 830 649 914 redemptor,
685 838 726 895 ut
758 828 852 895 taciti
879 828 1046 895 feramus?
1087 828 1137 893 Ut
1186 828 1240 891 nis
1261 840 1371 894 ereata
1392 840 1450 894 est.
1487 831 1614 895 Verum
1631 848 1765 894 earnem
1786 848 1829 893 ex
1847 828 2009 893 increatis
2029 826 2169 892 elemen-

149 916 270 983 frivola
297 918 340 982 sit
366 916 533 999 fatigatio,
569 916 598 981 si
625 914 760 981 unicum
789 914 973 997 adoptionis
1001 925 1136 979 nostrae
1187 912 1231 978 tis
1261 916 1437 980 conflatam
1475 917 1620 999 fingens,
1654 913 1883 979 aeternitatem
1921 912 1975 977 illi
2007 912 2168 977 vendicat

149 1004 274 1086 pignus
295 1002 380 1066 tueri
402 1000 581 1067 conemur?
626 1001 748 1065 Frater
775 1010 900 1077 noster,
930 1008 1013 1065 teste
1040 1018 1135 1082 apos·
1187 998 1276 1079 Quid
1299 998 1386 1081 quod
1407 1002 1584 1067 essentiam
1606 1000 1752 1081 corporis
1773 1006 1807 1064 et
1827 998 1960 1063 animae
1982 1016 2061 1063 oum
2080 998 2169 1063 verbi

150 1088 233 1165 tolo,
260 1086 335 1151 ideo
362 1092 517 1151 censetur
538 1086 708 1165 Christus,
738 1086 815 1168 quia
843 1094 980 1168 excepto
1001 1094 1135 1168 peccato
1186 1094 1220 1148 et
1241 1086 1378 1166 spiritus
1400 1088 1527 1151 unitate
1548 1084 1733 1161 confundit,
1755 1106 1857 1149 unam
1879 1092 1915 1147 et
1936 1082 2083 1149 eandem
2104 1104 2169 1147 rem

149 1171 246 1238 nobis
265 1193 326 1255 per
347 1172 459 1237 omnia
480 1171 599 1237 similis
618 1172 727 1237 faetus
747 1179 806 1235 est.
842 1170 993 1254 Exponit
1013 1168 1134 1235 Serve-
1187 1190 1259 1233 esse
1286 1190 1452 1249 asserens,
1482 1178 1516 1237 et
1537 1170 1708 1236 Christum
1735 1170 1776 1236 ab
1808 1169 1905 1234 initio
1934 1168 2040 1234 fauisse
2063 1168 2168 1233 dicens

148 1264 214 1337 tus,
237 1257 323 1341 quod
341 1258 456 1323 omnia
475 1255 570 1323 nobis
591 1256 713 1322 similia
729 1257 899 1339 acceperit.
922 1255 1050 1321 Verum
1066 1254 1135 1321 illie
1187 1255 1333 1337 corporis
1354 1266 1389 1321 ot
1416 1258 1548 1321 animae
1574 1254 1746 1339 respectu?
1789 1254 1888 1321 Nune
1908 1252 2094 1321 cavillatur
2114 1254 2168 1320 hee

149 1342 191 1410 de
213 1352 352 1409 naturae
373 1341 590 1408 similitudine
612 1340 745 1407 disserit
763 1342 937 1424 apostolus.
973 1342 1020 1405 Et
1037 1348 1135 1419 certe,
1187 1341 1258 1403 fieri
1280 1340 1414 1405 deitatis
1436 1342 1577 1419 ratione,
1600 1362 1685 1425 quae
1706 1349 1759 1407 est
1778 1341 1814 1405 in
1836 1360 1976 1423 corpore
1996 1348 2034 1405 et
2055 1338 2168 1405 anina

149 1434 190 1495 ut
210 1449 271 1493 nos
292 1428 520 1495 reconciliaret
546 1428 635 1492 filius
657 1428 738 1507 Dei,
772 1428 808 1491 in
836 1448 936 1491 carne
964 1428 1036 1491 eius
1058 1447 1135 1491 vere
1187 1424 1291 1505 Quasi
1314 1446 1408 1505 vere,
1430 1429 1459 1492 si
1481 1427 1585 1493 deitas
1608 1435 1659 1491 cst
1678 1426 1789 1509 ipsum
1810 1446 1948 1509 corpus,
1977 1424 2169 1509 ambagibus

152 1513 316 1591 humana,
344 1535 413 1579 nen
434 1514 565 1593 divina,
595 1520 728 1577 terrena
748 1533 817 1577 nen
838 1512 988 1591 coelesti,
1020 1508 1136 1576 mundi
1186 1508 1259 1575 istis
1280 1510 1371 1577 locus
1390 1512 1541 1660 supersit.
1585 1512 1633 1577 Et
1652 1518 1766 1577 terren
1787 1508 1969 1577 Servatum
1990 1510 2169 1576 bestialiter

148 1608 285 1683 peccata
306 1600 434 1683 expiari
454 1604 529 1679 [pag.
550 1604 626 1679 187]
647 1597 802 1683 oportuit,
824 1606 864 1661 ut
885 1599 920 1661 iu
942 1596 1057 1663 eadem
1074 1618 1136 1661 na·
1185 1596 1231 1659 tis
1258 1616 1351 1661 meae
1376 1616 1421 1679 pu
1445 1606 1495 1677 et,
1523 1598 1601 1681 quia
1626 1596 1780 1662 iniuriam
1813 1597 1888 1661 fieri
1913 1596 1991 1661 Deo
2026 1594 2168 1675 ostendo,

149 1694 225 1751 tura
245 1686 390 1749 offensae
407 1685 587 1749 satisfactio
604 1690 779 1749 constaret.
814 1682 966 1747 Pretium
983 1682 1135 1765 redemp-
1186 1700 1288 1762 quum
1311 1682 1467 1749 tristitiae
1488 1692 1522 1749 et
1543 1682 1659 1748 mortis
1676 1682 1841 1748 doloribus
1862 1681 2053 1747 subiicitur.
2083 1680 2169 1747 Haec

148 1770 249 1835 tionis
266 1780 400 1835 nostrae
417 1770 453 1833 in
471 1790 571 1836 earne
588 1791 650 1835 sue
667 1768 766 1835 solvit
777 1767 942 1833 Christus.
963 1765 1003 1831 Si
1022 1766 1135 1832 divina
1187 1765 1278 1829 enim
1298 1776 1377 1831 sunt
1398 1770 1469 1834 eius
1491 1768 1610 1847 verba,
1632 1766 1719 1851 quod
1740 1768 1834 1835 Deus
1854 1767 2000 1833 verbum
2023 1776 2061 1833 et
2081 1766 2168 1849 spiri·

149 1862 221 1920 erat
242 1876 280 1921 ac
301 1855 450 1921 eoelestis
478 1856 550 1920 eius
572 1874 664 1933 care,
692 1852 771 1937 quid
797 1852 861 1918 sibi
887 1854 952 1917 ista
981 1873 1134 1935 compen·
1186 1858 1260 1914 tum
1291 1852 1326 1915 in
1366 1871 1485 1935 corpus
1518 1863 1552 1919 et
1584 1854 1729 1918 animam
1759 1852 1886 1919 Christi
1919 1850 2167 1936 dispensaverit

147 1942 231 2006 satio
253 1940 374 2005 vellet?
420 1939 562 2021 Quaerit
580 1938 752 2017 Servatus,
776 1960 819 2003 an
842 1946 1010 2021 expertem
1031 1937 1134 2002 deita-
1186 1934 1363 2001 Caeterum
1393 1936 1433 2003 de
1460 1948 1594 2004 aeterna
1617 1947 1652 2003 ct
1674 1938 1786 2004 divina
1808 1938 1937 2003 Christi
1964 1938 2168 2003 humanitate

145 2028 191 2091 tis
211 2026 314 2091 fuisse
337 2026 478 2092 arbitrer
495 2026 639 2090 hominis
659 2032 822 2089 naturam.
858 2024 980 2089 Facilis
997 2043 1133 2106 respen-
1184 2028 1253 2085 tam
1286 2025 1461 2105 magnifiee
1498 2026 1534 2089 in
1566 2026 1707 2107 speciem
1741 2024 1911 2106 loquutus,
1953 2042 2037 2088 mox
2069 2024 2168 2106 ipsam

145 2112 195 2179 sio
213 2120 272 2187 cst,
296 2111 456 2177 adeitate
472 2112 576 2177 fluere
592 2108 752 2193 quidquid
770 2116 822 2174 est
838 2111 873 2173 in
889 2108 1015 2173 Christi
1035 2128 1133 2173 earne
1188 2106 1278 2172 verbi
1305 2110 1482 2174 essentiam
1510 2111 1544 2175 in
1566 2124 1792 2175 creaturarum
1820 2108 1972 2173 ordinem
1994 2108 2096 2193 cogit,
2117 2130 2168 2173 cx-

146 2196 327 2263 vivifieum.
371 2194 441 2262 Sed
469 2195 559 2261 aliud
589 2202 639 2259 cst
667 2195 746 2259 unio
774 2216 871 2277 quam
894 2195 1014 2259 unitas.
1058 2194 1133 2258 Etsi
1184 2212 1312 2274 ponens
1345 2195 1541 2276 sapientiam
1575 2194 1640 2260 Dei
1673 2194 1798 2273 vocari,
1838 2194 1936 2259 sicuti
1969 2194 2037 2259 hcc
2070 2192 2120 2259 elo
2143 2192 2168 2258 ’c

148 2282 236 2347 enim
257 2284 366 2347 carnis
389 2289 543 2347 naturam
565 2280 676 2345 induit
695 2280 798 2357 Deus,
820 2288 858 2343 ιιι
879 2300 967 2344 unus
990 2288 1077 2343 esset
1097 2280 1132 2341 in
1157 2286 1160 2319 ¹
1184 2278 1342 2361 quidquid
1361 2282 1519 2345 eximium
1542 2287 1601 2357 est,
1625 2300 1744 2345 ornare
1765 2279 1872 2345 solent
1883 2278 2047 2345 Hebraei.
2055 2283 2084 2356 2)
2153 2314 2167 2329 ·

146 2366 214 2431 Dei
242 2378 276 2431 et
302 2367 446 2431 hominis
474 2386 617 2448 persona
644 2365 849 2447 redemptor,
882 2384 951 2427 non
982 2365 1133 2447 protinus
1185 2383 1334 2441 numera,
1357 2365 1474 2447 inquit,
1498 2367 1631 2431 nomina
1652 2364 1740 2447 apud
1762 2386 1819 2431 eos
1834 2364 1993 2430 desinunt
2016 2365 2054 2431 in
2077 2360 2120 2443 brt
2137 2370 2169 2429 et

148 2453 299 2535 sequitur
331 2451 419 2534 quod
452 2450 613 2516 Servatus
644 2449 817 2527 blatterat,
850 2449 1000 2515 deificam
1032 2450 1133 2514 titisse
1184 2448 1219 2511 in
1242 2470 1285 2525 ῃι,
1309 2460 1442 2533 accepta
1463 2452 1577 2517 eedem
1600 2473 1708 2517 sensa.
1743 2450 1814 2515 Nec
1834 2471 1913 2516 vero
1937 2451 2039 2517 aliter
2060 2464 2167 2536 postea

147 2538 320 2602 unitatem.
365 2537 419 2601 Ita
446 2536 586 2600 solvitur
607 2534 744 2617 puerilis
766 2535 836 2599 eius
858 2535 1012 2614 obicetie,
1046 2534 1132 2617 quod
1185 2532 1307 2599 definit.
1352 2535 1444 2619 Ergo
1468 2542 1543 2615 [pag.
1563 2542 1637 2617 189]
1667 2544 1835 2619 utcunque
1868 2544 2034 2619 queratur
2061 2539 2108 2603 ini
2129 2556 2166 2601 ne

147 2643 224 2689 earo
243 2620 368 2685 Christi
390 2622 426 2685 in
448 2621 598 2703 sepulcro
617 2621 728 2685 iacens
748 2640 808 2685 sua
827 2626 937 2683 tamen
960 2620 1133 2685 divinitate
1184 2640 1295 2684 seeum
1323 2621 1393 2703 agi,
1423 2643 1593 2704 nunquam
1622 2644 1657 2687 se
1685 2621 1725 2686 ab
1755 2622 1816 2687 hoc
1842 2621 1962 2704 laqueo
1985 2560 2165 2699 extricabit,

114 2768 117 2774 .
146 2708 285 2773 minime
303 2708 434 2790 privata
454 2706 569 2771 fuerit:
592 2726 721 2788 nempe,
745 2706 821 2788 qnia
842 2704 1010 2770 hominem
1030 2705 1133 2771 semel
1185 2706 1265 2787 quin
1294 2714 1408 2771 sancta
1432 2707 1558 2773 Christi
1586 2710 1741 2772 maiestas
1772 2727 1890 2789 parum
1918 2707 2106 2776 honorifice
2130 2706 2166 2773 ab

146 2800 353 2875 assumptum
387 2812 558 2874 nunquam
588 2790 740 2873 deposuit
766 2790 874 2868 Deus,
908 2811 1014 2874 neque
1041 2810 1132 2855 mors
1185 2812 1224 2855 eo
1245 2789 1370 2856 deiecta
1387 2794 1494 2857 fuerit.

145 2898 255 2961 neque
286 2878 477 2961 sepulerum
509 2876 618 2958 potuit
651 2877 762 2940 unitas
794 2886 931 2941 naturas
968 2876 1131 2942 dirimere.
1269 2876 1502 2959 Superioribus
1552 2878 1695 2943 concinit
1742 2874 1937 2943 duodecima
1978 2878 2164 2962 propositio,

143 2964 275 3029 Verum
308 2964 371 3029 liae
398 2963 526 3027 ratione
560 2982 628 3025 non
661 2960 788 3026 tollitur
813 2980 928 3026 earum
955 2959 1130 3026 distinctio.
1184 2957 1356 3026 Christum
1384 2961 1551 3027 hominem
1580 2963 1621 3027 ab
1648 2962 1743 3027 initio
1765 2963 1799 3026 in
1827 2962 1963 3045 propria
1985 2964 2165 3029 substantia

144 3048 300 3115 Placavit
326 3048 421 3113 nobis
448 3054 578 3130 patrem
600 3046 755 3111 Christus
782 3066 843 3110 sua
871 3044 1067 3112 obedientia:
1095 3048 1130 3111 in
1182 3044 1293 3110 fuisse.
1330 3046 1428 3127 Quod
1450 3049 1615 3113 siveram
1638 3055 1697 3125 cst,
1719 3049 1879 3112 mentitur
1902 3055 1974 3112 teta
1996 3050 2164 3133 scriptura,

143 3135 289 3201 essentia
316 3135 382 3199 Dei
415 3132 576 3217 quomedo
603 3130 735 3197 obedire
762 3132 835 3197 Deo
864 3132 993 3214 potuit?
1008 3136 1032 3210 ¹)
1075 3132 1130 3199 Ad
1182 3130 1293 3213 ipsum
1320 3152 1434 3198 semen
1455 3134 1611 3199 Abrahae
1638 3146 1671 3197 et
1698 3133 1803 3197 filium
1823 3132 1967 3199 Davidis
1990 3134 2162 3218 appellans

145 3218 236 3297 hacc,
259 3240 360 3301 quam
380 3216 560 3285 absurdum
581 3218 645 3283 erit
665 3217 821 3283 humanis
838 3217 1009 3283 affectibus
1031 3218 1130 3283 subii·
1182 3216 1346 3281 Mentitur
1374 3218 1541 3301 apostolus
1574 3240 1677 3301 qaum
1704 3240 1746 3283 ex
1777 3218 1916 3282 muliere
1944 3220 2075 3285 factum
2099 3240 2164 3285 ease

145 3324 220 3371 cere
241 3304 308 3369 Dei
330 3302 573 3369 substantiam?
609 3304 679 3368 Nee
696 3323 775 3369 vero
798 3301 856 3367 abs
878 3312 1046 3368 renotata
1068 3304 1130 3369 hoe
1183 3300 1277 3379 dicit,
1299 3323 1382 3385 quae
1411 3304 1471 3369 sub
1492 3304 1731 3388 plenitudinem
1755 3304 1913 3387 temporis
1935 3312 2019 3369 nata
2041 3314 2105 3383 est,
2130 3314 2164 3368 ιιι

144 3391 215 3455 1888
237 3410 257 3453 a
279 3390 374 3454 nobis
396 3390 458 3453 fuit
475 3388 697 3471 repugnantia
713 3388 749 3453 in
767 3388 878 3453 verbis
896 3387 1036 3454 Servati.
1064 3390 1131 3453 'Per
1183 3407 1225 3450 ex
1247 3407 1287 3453 ea
1314 3398 1508 3454 nasceretur
1529 3389 1698 3465 Christus,
1722 3396 1757 3453 et
1779 3388 1842 3455 hoe
1863 3389 1963 3454 mode
1989 3390 2163 3474 temporale

144 3496 199 3540 me
219 3474 352 3539 mentiri
375 3476 506 3551 clamat,
527 3474 605 3555 quia
626 3474 736 3539 hrcose
753 3472 895 3538 dixerim
917 3474 1065 3538 simulari
1088 3474 1129 3539 ab
1182 3472 1381 3555 principium
1402 3472 1546 3539 haberet.
1591 3476 1727 3540 Partem
1754 3473 1847 3539 illam
1869 3483 1985 3539 tamen
2009 3474 2161 3543 Servatus

144 3562 217 3641 ipso
234 3568 403 3624 aeternam
423 3558 549 3623 Christi
567 3560 825 3643 generationem,
849 3580 949 3641 quam
970 3581 1037 3624 non
1058 3582 1129 3625 cre·
1182 3559 1389 3623 verissimam
1411 3581 1484 3625 esse
1502 3559 1658 3639 defendit,
1680 3560 1758 3642 quia
1774 3559 1943 3626 Iohannes
1966 3581 2006 3625 se
2024 3561 2111 3645 qued
2126 3560 2161 3626 ab

146 3644 203 3709 dit.
249 3642 352 3724 Quasi
385 3666 465 3709 vero
499 3665 567 3708 non
600 3645 644 3708 sit
671 3643 734 3709 hoe
755 3664 860 3707 unum
882 3664 924 3708 ex
946 3646 1130 3728 praecipuis
1180 3643 1276 3707 initio
1310 3652 1362 3708 est
1391 3644 1516 3711 vidisse
1547 3646 1634 3711 dicit.
1680 3644 1786 3726 Quasi
1818 3665 1898 3710 vcro
1932 3646 1974 3710 eb
2011 3666 2161 3730 personae

147 3730 353 3813 dogmatibus
376 3729 494 3812 quibus
521 3728 690 3793 ecelesiam
716 3728 879 3805 turbavit,
907 3740 1035 3811 patrem
1062 3751 1130 3793 non
1181 3729 1344 3793 unitatem
1371 3731 1462 3796 visus
1491 3751 1558 3796 non
1590 3731 1691 3795 fucrit
1718 3732 1812 3795 Deus
1839 3732 1874 3794 in
1908 3730 2056 3798 homine.
2101 3729 2162 3797 Sed

144 3835 217 3881 8888
239 3816 364 3892 Deum,
395 3815 458 3878 nisi
486 3814 605 3878 matris
636 3819 805 3895 respectu:
833 3834 894 3879 nec
928 3835 1008 3879 vere
1037 3815 1129 3899 gigni
1154 3804 1157 3871 l
1182 3812 1261 3895 quid
1290 3814 1351 3879 hoe
1379 3815 1420 3879 ad
1443 3814 1576 3881 Servati
1602 3816 1769 3893 delirium,
1792 3822 1962 3880 fleternam
1987 3817 2090 3883 fuisse
2109 3816 2162 3881 11⁰·

144 3901 290 3985 potuisse
312 3920 507 3975 sermonem,
531 3900 596 3965 uisi
618 3900 652 3963 in
676 3912 778 3963 utero.
824 3901 1005 3964 Aeternam
1027 3902 1129 3983 igitur
1154 3892 1157 3979 l
1180 3899 1281 3963 minis
1310 3901 1486 3965 naturam?
1531 3900 1763 3966 calumniatur
1791 3910 1902 3964 tamen
1930 3922 1993 3966 nos
2027 3924 2070 3967 ex
2096 3900 2161 3965 Dec

143 3994 284 4050 matrem
314 3985 453 4049 fabricet
474 4006 607 4049 neeesse
629 3993 693 4062 cst,
718 3994 756 4047 ιιι
776 3984 939 4049 mendacii
962 4006 1014 4048 me
1037 4007 1127 4050 cear-
1181 3982 1266 4047 nihil
1286 3985 1397 4063 citare,
1420 4006 1521 4069 quum
1543 3985 1637 4050 nulla
1658 3984 1839 4052 seeundum
1860 3985 2049 4068 scripturas
2069 4008 2160 4071 geue-

143 4078 233 4156 guat.
277 4070 423 4135 Naturae
442 4069 606 4150 confundi,
629 4070 658 4135 si
680 4070 821 4152 ipsamet
838 4067 964 4135 Christi
981 4092 1057 4135 caro
1079 4079 1129 4135 est
1181 4068 1265 4133 rat-io
1292 4070 1345 4136 vel
1375 4072 1533 4137 nativitas
1559 4070 1688 4136 Christi
1721 4071 1816 4137 nobis
1843 4078 1991 4148 constet,
2027 4073 2092 4137 nisi
2123 4094 2160 4137 ex

143 4157 245 4231 Deus,
268 4176 366 4220 nemo
387 4164 438 4221 est
459 4155 517 4236 qui
537 4176 605 4220 non
624 4153 742 4220 videat
774 4154 871 4220 Nunc
888 4153 1128 4239 hypostaticam
1181 4152 1308 4233 Adam,
1336 4155 1454 4221 deinde
1481 4178 1523 4221 ex
1548 4157 1720 4221 Abraham
1745 4165 1779 4221 et
1803 4156 1950 4228 Davide.
1985 4176 2160 4241 eorumque

143 4242 239 4307 verbi
260 4242 418 4306 unionem
440 4240 599 4317 obtendit,
622 4260 707 4322 quae
729 4260 864 4304 caruem
886 4238 1024 4306 deificat.
1053 4246 1127 4321 [pag.
1180 4241 1322 4321 posteris
1342 4243 1497 4306 continua
1519 4244 1605 4307 serie
1621 4242 1783 4325 originem
1805 4243 1954 4307 manarit
1992 4242 2072 4326 Ipse
2089 4262 2159 4309 vero

148 4332 220 4405 188]
257 4325 362 4407 Quasi
387 4348 465 4391 vero
483 4326 691 4410 hypostatica
712 4326 757 4389 sit
774 4325 861 4401 unio,
879 4347 983 4407 quum
1000 4348 1019 4391 e
1036 4326 1127 4391 coelo
1180 4325 1214 4387 in
1248 4328 1382 4409 propria
1412 4348 1553 4409 persona
1591 4338 1625 4392 ct
1661 4325 1846 4393 substantia
1881 4335 2058 4393 aeternum
2093 4326 2159 4393 vult

144 4409 287 4476 detrahit
307 4412 491 4477 increatum
513 4410 606 4475 verbi
628 4431 757 4492 corpus,
781 4410 866 4492 qued
888 4414 921 4474 in
943 4418 1038 4476 utero
1060 4412 1128 4476 vir·
1179 4410 1289 4475 fuisse.
1335 4411 1512 4476 Caeterum
1535 4434 1594 4477 cur
1616 4410 1656 4477 de
1677 4411 1820 4479 secunda
1841 4420 1936 4493 parte
1957 4419 2057 4491 tacet,
2079 4409 2159 4497 qued

144 4499 232 4579 ginis
259 4518 334 4562 earo
364 4499 485 4563 fectum
509 4497 616 4560 fuerit.
662 4494 786 4561 Obiieit
811 4495 894 4560 illud
916 4497 1022 4573 Pauli,
1051 4518 1127 4562 san·
1181 4496 1264 4560 duae
1287 4498 1356 4562 sint
1377 4496 1503 4561 Christi
1525 4497 1706 4579 personae?
1742 4497 1808 4562 Hie
1828 4497 1878 4561 illi
1899 4498 1988 4563 mira
2009 4498 2158 4583 exprimi·

144 4582 243 4664 gaino
265 4583 331 4646 Dei
359 4582 564 4664 redemptam
592 4582 693 4646 fuisse
714 4581 894 4645 ecelesiam.
939 4580 979 4645 Si
1001 4583 1127 4647 sineere
1180 4591 1236 4644 tur
1258 4584 1433 4660 confessio,
1461 4584 1496 4646 in
1519 4583 1654 4648 Christo
1676 4604 1748 4648 esse
1769 4583 1894 4661 Deum,
1930 4585 1990 4666 qui
2019 4598 2072 4649 est
2096 4595 2157 4649 tres

144 4668 265 4732 fatetur
288 4666 459 4733 distinctas
486 4686 559 4732 esse
585 4674 737 4743 naturas,
766 4686 824 4730 eur
853 4688 919 4731 non
943 4667 1030 4749 quod
1051 4688 1127 4749 pre-
1151 4698 1154 4755 ι
1180 4688 1346 4749 personae.
1387 4668 1456 4733 Cur
1474 4688 1552 4752 crgo
1570 4668 1730 4752 triplicem
1747 4667 1884 4733 Christo
1901 4670 2080 4751 personam
2098 4688 2156 4734 nen

143 4751 255 4834 prium
283 4760 354 4816 erat
380 4754 496 4831 unius,
530 4751 571 4815 ad
599 4753 739 4816 alt-eram
768 4754 941 4817 transferri
969 4754 1126 4836 agnoscit,
1151 4758 1154 4791 ¹
1180 4753 1357 4835 imposuit?
1402 4754 1524 4817 Annon
1552 4754 1610 4817 illa
1637 4753 1760 4837 gloriae
1788 4754 1859 4819 eius
1885 4754 1952 4819 fuit
1979 4755 2153 4829 diminutio,

143 4842 183 4899 ut
202 4835 327 4902 Christi
357 4838 499 4904 hominis
527 4839 661 4920 sanguis
689 4836 818 4901 dicatur
846 4839 940 4903 fusus
962 4859 1049 4913 esse,
1071 4839 1127 4919 qui
1151 4814 1155 4913 l
1179 4838 1233 4902 vel
1254 4838 1373 4903 mutila
1400 4838 1603 4905 substantiae
1630 4839 1819 4921 descriptio,
1850 4860 1954 4922 quum
1984 4863 2027 4907 ex
2059 4841 2154 4905 tribus

1151 5086 1155 5167 l

214 5104 245 5175 1)
262 5104 340 5167 aad.
355 5123 408 5165 ven
426 5108 489 5177 qu’il
506 5107 596 5165 n'eust
613 5124 664 5178 pas
682 5110 741 5165 este
758 5106 895 5165 inferiem.
1249 5110 1278 5175 1)
1297 5112 1466 5179 l’Escriture,
1484 5111 1593 5166 emicem
1609 5126 1679 5181 puae
1694 5112 1821 5178 proxime
1837 5119 2001 5183 sequuntur.
