4620 5894
213 235 371 304 XLVIII
801 233 1076 304 amaremus
1098 232 1639 306 66606661616616666.

210 445 329 510 petua,
351 425 468 510 inquit,
490 425 573 492 ultro
593 425 728 509 auoque
743 425 901 508 priuatim
922 425 997 491 haec
1018 425 1157 507 66666116
1178 424 1299 508 aqitata
1318 423 1431 506 fuerat.
1479 424 1582 507 96666
1604 423 1732 495 Farello
1757 431 1862 495 uestro
1887 447 1960 512 6666
1985 426 2137 494 iniecerat
2156 446 2227 495 ccu-

210 536 351 616 cordiae,
379 537 594 620 6111616666
614 536 829 620 6661616666
855 555 962 603 coram
989 542 1130 616 6616666,
1158 535 1291 601 subinde
1316 535 1438 603 hortari
1465 556 1528 603 666
1548 537 1671 604 16611111
1717 538 1799 623 Epo,
1827 539 1885 622 qui
1912 539 1959 604 uel
1982 543 2117 606 acturae
2137 539 2224 620 61116,

212 649 261 714 661
286 648 416 731 1666616
442 648 565 714 tardior
594 667 680 727 sum,
710 668 771 714 666
798 652 870 713 aute
890 648 984 729 potui
1012 648 1128 715 adduci
1152 647 1284 712 616166
1309 649 1437 714 6661116
1465 648 1657 731 obsequerer,
1686 670 1782 732 quara
1807 649 1876 716 alia
1903 670 1936 715 sc
1962 650 2081 717 occasio
2095 654 2226 733 6666166

212 760 390 841 6616166666
413 759 529 825 6116111.
575 758 642 824 Iter
662 759 763 825 661116
784 759 914 842 arripui
934 759 972 824 de
994 779 1053 841 quo
1074 757 1156 824 61111
1176 757 1270 823 hiduo
1291 763 1365 823 auto
1385 759 1600 843 eoqitaocram.
1647 759 1774 827 Norunt
1794 761 1901 826 intimi
1920 761 2105 843 familiares
2126 781 2227 844 quam

211 871 406 954 repentinum
427 871 592 937 musilium
612 870 719 954 fuerit.
763 870 830 936 Iter
852 871 962 937 1616616
986 870 1135 937 Neocomo
1161 870 1290 953 1661666,
1312 891 1375 936 uou
1395 869 1566 953 difficulter
1588 871 1715 938 Farelto
1735 872 1887 956 66666661
1905 878 1942 938 ut
1955 873 2138 957 perieulum
2158 878 2228 958 ipse

210 1001 330 1048 6666666
338 982 459 1064 smeret,
477 1002 689 1064 capessamus
699 983 735 1048 16
744 988 885 1048 sanctam
894 983 1089 1049 concordiam
1098 981 1271 1049 coalescere.
1307 981 1457 1049 Primum
1466 989 1610 1050 nostrum
1619 1003 1823 1068 muqressum,
1845 985 1928 1066 quod
1940 985 2070 1051 minime
2080 1005 2226 1068 speraue-

212 1114 292 1174 ram,
314 1098 342 1158 et
365 1094 447 1175 quod
465 1113 553 1159 uuna
576 1114 614 1158 66
635 1095 719 1176 16616
732 1094 924 1178 primordiis
944 1099 1110 1175 sperasset,
1132 1093 1224 1160 Deus
1241 1093 1414 1173 1666611611,
1441 1099 1477 1159 61
1503 1095 1695 1162 1616661666
1722 1095 1830 1189 horas·
1845 1096 2044 1162 coustitutum
2065 1098 2147 1163 iuter
2168 1117 2227 1165 666

215 1205 315 1289 suerit
335 1205 417 1289 quad
438 1225 520 1271 uuuc
543 1206 654 1289 1661116.
698 1205 785 1290 Erqo
806 1207 900 1272 616611
923 1204 1072 1271 Fardlus
1098 1206 1169 1272 iuro
1192 1206 1330 1289 ploriari
1351 1210 1466 1288 potest,
1495 1227 1528 1272 se
1548 1227 1648 1272 uuum
1672 1206 1768 1272 huius
1797 1207 1929 1273 66116616
1952 1208 2055 1291 ruisse
2076 1213 2226 1292 autorum

213 1315 394 1382 6111661111
415 1316 478 1382 tale
499 1317 699 1397 6666616166,
728 1318 775 1382 116
795 1319 937 1398 culpam,
964 1317 995 1381 si
1021 1338 1085 1399 qua
1107 1321 1166 1396 est,
1195 1316 1281 1383 66166
1307 1317 1460 1383 sustineat
1484 1324 1581 1384 caett.
1626 1318 1770 1404 Legitur
1796 1318 1896 1384 huius
1925 1319 2084 1404 epistolae
2110 1339 2227 1387 mense

211 1426 393 1494 Novembri
414 1427 556 1513 scriptae
578 1428 808 1512 autographon
829 1429 864 1493 in
876 1428 1033 1494 Archiris
1055 1429 1211 1495 ecclesiae
1231 1429 1422 1495 'Iuriosnsis
1444 1429 1639 1512 11661661.
1660 1428 1722 1508 VI,
1744 1436 1828 1513 part.
1846 1429 1874 1509 I,
1896 1431 1950 1496 iol.
1979 1434 2070 1497 1462.
2104 1431 2227 1498 Exstat

211 1560 340 1624 qnoque
361 1538 518 1607 Genavae
545 1540 582 1605 in
604 1538 684 1606 Ood.
716 1543 775 1605 107
809 1560 838 1620 a,
870 1540 1000 1606 16118.
1045 1539 1144 1622 Quod
1171 1538 1331 1606 06161666
1357 1539 1411 1606 hic
1438 1547 1621 1606 conventus
1649 1542 1826 1608 turicensis
1854 1542 1925 1609 sive
1953 1542 2126 1622 honorem,
2155 1544 2227 1612 sive

213 1650 345 1736 eulpam
368 1651 403 1716 in
426 1650 598 1716 Farellum
622 1650 735 1730 defert,
759 1659 799 1716 61
820 1673 855 1718 se
877 1651 966 1736 apud
987 1651 1196 1718 Basileenees
1223 1658 1372 1730 excuset,
1402 1653 1465 1719 hoc
1488 1672 1589 1736 penes
1608 1653 1717 1736 ipsum
1739 1659 1818 1719 esto.
1865 1653 1992 1719 Verum
2020 1654 2057 1719 in
2078 1654 2229 1739 eoquod

214 1761 255 1829 de
275 1763 397 1828 itinere
420 1783 462 1827 ex
490 1763 670 1845 improviso
693 1771 844 1848 suscepto
871 1765 1029 1842 affirmat,
1058 1762 1194 1829 minime
1221 1784 1242 1828 a
1267 1783 1346 1829 vero
1373 1763 1504 1830 resedit.
1548 1764 1671 1830 Exstat
1698 1764 1787 1829 enim
1808 1764 1998 1850 Bullingeri
2025 1764 2163 1848 epistola
2184 1765 2228 1832 ad

211 1873 391 1941 Oalvinum
413 1873 490 1939 data
512 1872 543 1938 d.
568 1877 619 1938 21.
634 1874 718 1940 Maii
740 1873 857 1960 (Aroh.
880 1874 957 1942 6661.
981 1874 1185 1958 ’1661611666
1199 1874 1236 1940 Il.
1249 1874 1365 1953 XXX,
1389 1896 1420 1958 p.
1444 1878 1523 1960 230)
1544 1875 1579 1940 in
1602 1895 1668 1958 qua
1685 1875 1742 1940 ille
1763 1875 1825 1942 sibi
1847 1875 2044 1960 gratulatur,
2066 1876 2228 1943 haetenus

214 1991 330 2052 mutua
346 1986 470 2069 scripta
480 1985 602 2069 optime
624 1986 770 2065 cessisse,
792 1987 860 2051 imo
882 1987 1004 2053 rectius
1025 2007 1097 2053 rem
1118 1985 1321 2052 intellectam
1342 2006 1441 2069 quam
1459 2006 1566 2052 eoram
1579 1985 1689 2052 verbis
1703 1986 1858 2070 utrinque
1868 1987 2043 2070 propositis
2056 1988 2226 2071 potuisset.

216 2095 363 2176 Praiude,
388 2094 488 2177 addit,
511 2117 573 2162 666
595 2098 743 2180 estquod
764 2097 891 2164 61666666
911 2096 1070 2164 6661661666
1091 2103 1180 2164 tuam
1201 2098 1237 2163 iu
1257 2096 1340 2164 11666
1361 2098 1470 2177 turbis,
1493 2118 1532 2163 ac
1552 2097 1596 2163 ad
1609 2117 1657 2162 me
1674 2097 1830 2178 66666166,
1852 2118 1981 2182 maquos
1992 2100 2066 2166 1166
2082 2104 2228 2183 sumptus

209 2207 472 2292 1661666116661
493 2208 601 2289 ipsum
621 2206 762 2275 66166116
783 2210 908 2275 itineris
927 2209 1050 2294 fatiqes.
1097 2208 1172 2290 Quo
1194 2215 1341 2294 tempore
1363 2208 1428 2275 hae
1450 2209 1566 2275 literae
1588 2208 1763 2276 Generum
1785 2209 2038 2293 perveniebant,
2062 2210 2226 2296 Calvinus

211 2321 282 2386 sine
304 2319 404 2385 dnbio
426 2320 492 2384 iam
514 2318 593 2385 inde
617 2320 752 2387 abierat
796 2320 885 2386 Nam
906 2319 937 2385 d.
961 2322 992 2385 2.
1015 2321 1120 2399 Iunii,
1150 2341 1230 2405 ergo
1258 2319 1365 2386 altera
1393 2319 1598 2386 hebdomade
1625 2319 1773 2386 nondum
1795 2319 1921 2404 elapsa,
1949 2321 2138 2390 Beruenses
2159 2323 2228 2389 iam

211 2430 447 2499 'Iuncensibus
469 2431 510 2496 de
533 2431 756 2498 consensionis
777 2432 920 2498 formula
940 2433 1075 2498 interim
1097 2432 1160 2498 sibi
1181 2432 1283 2499 missa
1302 2431 1554 2516 responderunt,
1578 2431 1831 2498 declarationem
1843 2431 1949 2515 ipsam
1961 2432 2093 2516 quidem
2109 2454 2229 2519 appro-

210 2545 336 2623 bantes,
359 2549 397 2608 61
419 2543 687 2627 exoptatissimae
710 2543 901 2610 concordiae
918 2545 1154 2624 testimonium,
1175 2543 1233 2610 sed
1254 2543 1361 2610 eidem
1383 2543 1512 2628 publice
1532 2543 1668 2609 nomina
1689 2541 1768 2608 dare
1789 2549 1990 2610 recusantes.
2029 2543 2119 2627 Quid
2140 2544 2229 2630 quod

211 2655 274 2722 sibi
297 2654 401 2721 videri
424 2654 612 2720 consultum
633 2656 741 2735 aiunt,
772 2665 811 2721 61
833 2656 896 2722 hac
917 2655 1049 2739 quidem
1078 2661 1273 2740 tempestate
1295 2656 1453 2722 confessio
1475 2656 1540 2721 ista
1562 2655 1696 2720 omnino
1724 2655 1759 2719 in
1781 2654 1889 2722 lucem
1912 2676 1978 2720 non
2000 2663 2104 2722 exeat.
2148 2655 2228 2723 ocl-

211 2768 329 2832 rinum
351 2774 386 2831 61
406 2765 577 2832 Farellum
598 2767 761 2851 plerisque
782 2768 964 2834 Bernensis
985 2767 1182 2851 reipublicae
1199 2767 1406 2834 senatoribus
1428 2773 1462 2833 61
1482 2774 1577 2832 66166
1599 2774 1632 2831 61
1655 2773 1823 2851 suspectos
1846 2787 1927 2847 6666,
1951 2772 1984 2832 61
2005 2766 2226 2850 perniciosam

217 2885 345 2944 motum
368 2878 408 2943 iri
430 2878 632 2944 camarinam
655 2880 683 2944 si
705 2877 884 2963 quidquam
905 2879 946 2944 de
968 2880 1031 2946 hac
1050 2899 1088 2946 re
1109 2878 1152 2945 ad
1173 2885 1324 2944 senatum
1346 2879 1532 2944 referretur.
1577 2876 1722 2943 Proinde
1744 2900 1780 2944 66
1801 2877 1900 2944 malle
1927 2876 2110 2961 prudenter
2131 2877 2229 2944 dissi·

216 2988 373 3056 mulando
385 2991 441 3074 pia
453 2989 626 3056 concordia
644 2990 719 3070 frui,
743 3012 842 3076 quam
864 2989 1066 3076 divulgando
1088 2989 1317 3074 imprudenter
1337 3011 1397 3074 pro
1419 2988 1591 3057 concordia
1611 2995 1815 3055 commutare
1827 2988 2024 3056 discordiam
2035 2990 2226 3057 mammam

210 3101 305 3169 Haec
326 3101 428 3168 semel
462 3109 496 3167 61
517 3101 637 3167 iterum
659 3102 817 3169 Hallerus
838 3109 872 3169 et
891 3101 1064 3170 Masculus
1085 3109 1155 3167 tam
1175 3103 1332 3186 privatim
1357 3101 1399 3167 ad
1418 3100 1662 3186 Bullingerum,
1686 3121 1785 3184 quam
1806 3101 1939 3166 nomine
1961 3099 2163 3186 collegarum
2184 3100 2229 3168 ed

211 3220 414 3301 symmystas
426 3214 622 3281 'luticensee
644 3234 758 3280 omnes
779 3215 992 3298 scripserunt,
1015 3234 1121 3298 neque
1142 3220 1180 3278 61
1201 3235 1237 3279 66
1256 3213 1324 3278 11116
1345 3213 1448 3280 socios
1469 3215 1706 3297 profiterentur
1725 3218 1906 3295 potuerunt
1927 3212 2055 3278 adduci.
2087 3211 2184 3279 Idem
2195 3218 2230 3279 61

210 3323 351 3392 Calvino
373 3333 486 3408 postea
504 3325 663 3393 Hallerus
683 3325 891 3412 significarit.
935 3325 1031 3409 Quae
1051 3325 1202 3392 hocloco
1222 3325 1327 3391 fusius
1344 3331 1377 3391 et
1398 3324 1568 3410 sigillatim
1589 3343 1759 3390 recensere
1781 3323 2045 3406 supersedemus,
2068 3324 2230 3408 plurimas

215 3435 294 3502 olim
312 3442 346 3502 et
370 3443 503 3503 mutuas
529 3436 710 3503 illustrium
739 3439 885 3505 virorum
913 3437 1067 3522 epistolas
1093 3434 1135 3502 de
1162 3436 1226 3503 hoc
1253 3437 1382 3522 negotio
1404 3437 1543 3522 scriptas
1564 3434 1694 3502 edituri.

367 3547 497 3613 Verum
518 3549 632 3631 utique
654 3549 696 3614 ad
717 3548 891 3615 historiam
913 3548 1099 3615 documenti
1122 3550 1225 3615 nostri
1247 3549 1428 3615 literarium
1453 3548 1624 3633 pertinent
1651 3568 1735 3630 quae
1757 3545 1954 3613 Tundeness
1976 3547 2018 3613 ad
2040 3546 2221 3615 Oalrinum

214 3661 420 3743 scripserunt
438 3657 467 3723 d.
491 3659 627 3739 116111,
651 3680 796 3743 quaeque
819 3659 1042 3744 depromimus
1064 3681 1106 3725 ex
1128 3660 1228 3727 Arch.
1252 3661 1328 3727 6661
1341 3661 1448 3726 Turio.
1461 3660 1649 3744 Eppfflom.
1663 3658 1689 3736 I,
1712 3680 1744 3742 p.
1767 3661 1830 3722 409
1853 3664 1887 3723 61
1909 3659 1946 3724 Τ.
1959 3657 2075 3738 XXX,
2098 3680 2130 3743 p.
2155 3663 2229 3726 215.

216 3771 320 3840 (16166
342 3769 499 3855 epistolae
520 3777 625 3850 tenor,
648 3772 817 3837 nonnullis
838 3773 976 3851 omissis,
999 3771 1054 3838 hic
1076 3778 1139 3838 eet:

371 3881 444 3947 Nou
465 3886 571 3947 uestra
593 3883 718 3964 quidem
738 3883 830 3967 66166
849 3884 968 3967 factum
988 3889 1034 3949 est
1057 3933 1064 3948 .
1088 3933 1094 3947 .
1118 3933 1125 3947 .
1149 3933 1155 3947 .
1177 3884 1258 3965 quod
1280 3884 1383 3947 serius
1409 3902 1505 3965 quam
1531 3881 1598 3963 ipsi
1620 3885 1846 3963 putaveramus
1867 3881 1910 3945 ad
1938 3886 1966 3946 16
1993 3880 2086 3947 hasce
2112 3881 2228 3949 damus

219 3997 337 4063 literas.
373 3992 514 4058 Suadet
535 3995 648 4059 iterum
669 3995 853 4077 smpsimus
867 3995 1025 4078 fratribus
1044 3995 1162 4060 metris
1173 3993 1345 4059 Berueusis
1366 3993 1510 4060 6661661616
1530 3991 1695 4072 6616161616,
1717 3995 1808 4073 atque
1827 3991 1862 4056 lri
1883 3991 1972 4058 uallis
1992 3993 2224 4076 responderunt.

216 4108 270 4173 Ita
289 4108 410 4190 factum
432 4110 478 4171 est
498 4110 533 4169 ut
554 4105 681 4170 tardius
697 4108 884 4187 processerit
904 4108 1066 4191 ueqotium.
1113 4105 1330 4188 Eaposroimus
1352 4105 1419 4170 dlis
1439 4104 1603 4189 1111666166
1624 4103 1701 4185 quid
1729 4103 1811 4166 iuter
1831 4108 1860 4168 te
1880 4108 1910 4168 et
1930 4100 2098 4170 Farellum
2120 4108 2147 4169 61
2169 4124 2227 4171 uas

213 4223 257 4286 sit
278 4225 388 4285 actum.
432 4217 654 4284 Adiuuaimus
680 4218 866 4298 expositioni
891 4219 1058 4299 66616166,
1085 4219 1121 4281 16
1142 4217 1223 4298 quad
1252 4215 1292 4282 ah
1319 4217 1465 4298 utrisque
1486 4221 1532 4281 est
1560 4234 1741 4280 caucasum
1764 4261 1935 4280 .......
1985 4213 2228 4298 Respondeant

213 4331 265 4396 illi
286 4332 385 4397 amice
405 4335 434 4395 et
454 4329 581 4413 copiose,
603 4347 649 4408 aa,
670 4349 709 4395 66
730 4331 836 4395 omuia
858 4350 965 4395 eorum
985 4347 1260 4408 muuuemoremus,
1282 4329 1387 4394 uisum
1407 4334 1452 4394 est
1473 4327 1540 4393 illis
1560 4327 1710 4408 scriptum
1732 4325 2075 4412 hmuastrumlouqius
2090 4328 2228 4409 66111661

214 4441 539 4523 161666616616166
561 4461 598 4506 aa
619 4439 845 4507 conclusionem
865 4461 928 4507 666
947 4441 1118 4507 admodum
1138 4442 1350 4507 uecessariam
1372 4445 1400 4506 et
1415 4439 1550 4522 proirute
1570 4438 1680 4504 multis
1693 4438 1942 4521 improbandam.
1978 4437 2021 4502 Iu
2041 4438 2126 4519 ipsis
2147 4441 2227 4505 arti·

215 4553 295 4620 66116
315 4552 400 4618 milit
419 4551 645 4634 1666616666.
690 4550 734 4616 16
749 4551 993 4633 pirtluaticuem
1013 4573 1085 4620 cero
1105 4558 1160 4618 aut
1181 4553 1434 4635 subsumptiouom
1454 4551 1540 4616 uullo
1567 4551 1655 4616 orado
1677 4553 1893 4615 consenserunt
1911 4599 2111 4615 ........
2152 4550 2228 4616 Iam

73 4749 77 4755 ι
213 4685 286 4731 uero
306 4683 368 4728 666
383 4667 537 4744 putamus
557 4663 731 4729 6666611666
751 4668 786 4728 ut
807 4663 980 4745 quidquam
992 4663 1189 4746 publicemus
1209 4664 1278 4728 illis
1299 4663 1410 4727 insitis
1437 4668 1466 4727 et
1486 4661 1743 4739 redamantibus,
1771 4681 1818 4740 ue,
1846 4662 1923 4727 dum
1944 4678 2127 4727 consensum
2146 4680 2226 4727 6666-

214 4796 338 4842 muuem
365 4773 510 4840 omuibus
537 4774 699 4840 6166166666
725 4775 881 4854 uolumus,
910 4794 1023 4839 uouam
1051 4775 1277 4842 dissensionem
1306 4778 1362 4838 aut
1388 4772 1564 4838 simultates
1591 4773 1671 4836 iuter
1696 4792 1753 4838 uos
1780 4773 2068 4853 166666661166666.
2117 4771 2227 4856 Neque

209 4893 365 4970 66166666
386 4890 414 4950 16
434 4885 594 4952 diuersum
615 4906 637 4950 a
656 4884 747 4950 66116
766 4887 895 4966 sortire,
923 4906 1013 4968 quem
1034 4888 1191 4952 suasimus
1211 4883 1357 4950 16616666
1373 4884 1450 4964 6661
1477 4889 1506 4948 61
1526 4884 1706 4949 6666661166
1726 4883 1850 4948 stadum
1871 4903 1911 4948 66
1932 4883 2046 4948 661666.
2093 4882 2228 4950 Interim

215 4999 412 5066 6666116166
421 4995 669 5064 committendum
690 5000 725 5060 ut
745 4999 903 5065 66666666
924 4997 983 5063 illa
1005 5001 1113 5064 metra
1134 4995 1302 5075 6611616611,
1325 4993 1373 5059 cel
1394 4994 1540 5060 6166116
1560 4996 1731 5078 66666166.
1768 4992 1948 5079 (1661166666
1970 4995 2077 5077 itaque
2098 4994 2137 5061 de
2158 4995 2228 5062 alia

212 5111 318 5194 famosa
339 5130 404 5193 qua
419 5107 606 5191 6611166166,
627 5105 723 5188 idque
742 5128 810 5174 oum
827 5108 907 5174 hora
925 5108 1067 5190 fratrum
1080 5106 1294 5173 Berueusium
1312 5106 1429 5190 qratia.
1466 5104 1627 5173 Fortassis
1647 5124 1711 5170 666
1731 5107 1791 5172 erit
1812 5107 1863 5173 tis
1882 5128 1979 5193 66666
1999 5107 2171 5174 6666661166
2191 5109 2229 5173 16
