4620 5894
116 213 193 283 x11
713 160 1552 287 66166166666666666666666666.

278 406 413 474 'Pontiae
433 376 587 474 6111116616
608 406 744 472 unicum
762 406 941 490 exemplar,
962 405 1051 491 quod
1071 407 1203 491 quidem
1225 409 1321 474 nobis
1339 408 1494 489 innotuit,
1516 408 1661 491 possidet
1678 406 2148 513 bibliotheoatarmamentarii

117 517 329 587 Parisiensis.
374 517 485 600 Quam
504 519 568 602 ipsi
589 539 657 583 non
680 518 834 597 vidimus,
856 517 1017 585 habemus
1039 525 1152 585 166666
1173 541 1257 603 quae
1279 519 1320 586 ad
1344 539 1416 585 earn
1440 520 1625 585 accuratius
1648 516 1884 585 recensendam
1906 511 2085 599 sufficiant,
2108 520 2154 585 in:

121 630 253 697 schedis
286 629 555 715 bibliographicis
587 630 666 696 olim
697 652 718 695 a
749 629 926 715 Rudolpho
947 631 1090 697 Reussio
1123 630 1274 697 Eduardi
1302 631 1369 698 filio
1392 631 1531 697 Parisiis
1562 633 1597 696 in
1627 652 1725 697 usum
1758 639 1911 698 nostrum
1935 631 2146 715 conscriptis.

120 741 254 808 ’1116166
275 748 341 809 est:

278 864 397 950 Dus
423 863 602 950 SOAN-
621 871 625 969 Ι
647 877 804 945 DALES
828 877 913 960 QVI
934 878 1109 946 suffue-
1128 878 1134 966 Ι
1154 888 1277 945 eunus
1298 889 1543 944 auovaonvu
1562 877 1567 962 Ι
1586 878 1754 962 beaucoup
1777 857 1923 963 (lesgans
1945 878 1987 944 de
2008 880 2149 945 venire

32 1004 35 1013 ·
122 989 157 1055 la
178 1009 261 1072 pure
283 987 339 1055 do·
359 989 365 1074 Ι
384 989 489 1055 otriue
516 989 557 1055 de
583 990 787 1074 l’Euangile,
820 998 855 1057 et
885 1011 929 1057 en
954 990 1200 1076 desbauchontl
1221 989 1402 1076 (16616661
1593 992 1776 1076 ΙΑ6116666
1803 991 1849 1056 Μ.
1877 991 1960 1056 1666
1981 990 2146 1072 06161631

125 1100 353 1185 (Embleme
374 1101 419 1166 de
442 1100 741 1185 l'imprimeur)
761 1105 767 1183 Ι
786 1111 948 1168 IMPRIME
966 1113 1040 1167 PAR
1056 1112 1149 1167 IEAN
1169 1113 1234 1167 BA·
1253 1102 1259 1188 Ι
1278 1110 1409 1167 PTISTE
1426 1111 1614 1167 PINEREVL
1634 1111 1638 1178 Ι
1663 1111 1752 1168 1560.

276 1212 401 1277 Forma
422 1215 592 1280 octonaria
613 1214 731 1278 minor.
776 1212 1020 1295 Quaternioncs
1041 1212 1228 1297 quindecim
1248 1213 1394 1294 (A-P).
1440 1213 1538 1278 Folia
1563 1216 1622 1275 124
1650 1233 1718 1277 non
1739 1221 1921 1279 numerata.
1966 1213 2146 1280 Emblema

53 1390 67 1417 Ι
124 1323 339 1410 hypographi
360 1332 588 1408 repraesentat
609 1325 833 1391 struthionem
854 1326 1000 1392 extensis
1022 1325 1084 1391 alis
1104 1323 1313 1391 incedentem
1334 1323 1523 1407 etpedibus
1544 1323 1732 1408 praeditum
1754 1324 1791 1388 in
1808 1325 1968 1410 ungulam
1985 1326 2144 1409 equinam

119 1433 361 1516 desinentibus,
384 1458 462 1502 omn
480 1436 611 1521 adagio:
651 1446 716 1501 NIL
739 1444 867 1503 ΡΕΝΝΔ
888 1447 958 1503 SED
983 1446 1083 1502 VSVS.
1125 1438 1301 1502 Tractatus
1323 1437 1426 1518 ipsius
1448 1436 1627 1520 epigraphe
1655 1458 1696 1501 ex
1719 1435 1863 1503 secunda
1885 1436 1927 1501 ad
1949 1435 2144 1504 Corinthios
2212 1506 2215 1515 ,

116 1547 223 1632 petita
243 1547 366 1632 legitur
386 1547 517 1613 infolio
539 1549 645 1632 primo
662 1570 767 1615 verso.
798 1546 906 1615 Adest
927 1549 1068 1614 alterum
1085 1568 1229 1626 carmen,
1250 1555 1289 1612 ut
1309 1548 1346 1612 in
1368 1548 1584 1631 praecedente
1606 1546 1758 1612 editione.
1786 1547 1907 1612 Finem
1928 1548 2057 1614 faciunt
2077 1548 2142 1616 loci
2204 1600 2211 1615 .

115 1656 238 1726 biblici.
369 1666 375 1673 '

272 1769 368 1836 Idem
390 1780 440 1837 est
462 1770 517 1838 hio
538 1770 585 1837 Io.
606 1770 763 1855 Baptista
783 1770 942 1837 Pinereul
967 1792 1010 1835 ex
1033 1771 1127 1837 cuius
1149 1771 1280 1837 officina
1301 1769 1426 1854 prodiit
1447 1776 1522 1853 post
1545 1769 1677 1836 (1616161
1699 1769 1825 1835 obitum
1855 1771 1965 1854 prima
1985 1770 2138 1856 Opuseu·

116 1882 226 1948 lorum
247 1881 347 1949 editio
368 1881 490 1967 gallica
516 1905 546 1949 a.
567 1888 666 1962 1566,
699 1882 756 1948 ubi
788 1889 948 1950 tractatus
982 1883 1022 1948 dc
1048 1882 1212 1948 scandalis
1239 1882 1361 1966 legitur
1389 1903 1463 1967 pag.
1491 1885 1710 1948 ileo-1219.
1756 1881 1798 1946 In
1823 1881 1944 1949 Stoerii
1966 1883 2136 1950 volumine

116 1999 227 2061 exstet
247 2015 323 2078 pag.
350 1997 572 2060 1307-1394.

271 2103 423 2185 Quartae
438 2104 592 2173 editionis
614 2107 792 2189 separatim
814 2126 964 2184 excusae,
986 2125 1068 2189 quae
1089 2111 1165 2188 post
1187 2104 1310 2169 autoris
1332 2105 1459 2170 obitum
1476 2103 1585 2169 lucem
1607 2103 1698 2182 vidit,
1729 2104 1864 2170 titulum
1882 2105 1976 2171 nobis
1994 2105 2136 2191 descrip-

115 2213 159 2281 sit
181 2237 223 2281 ex
245 2236 304 2280 suo
326 2216 523 2299 exemplari,
554 2224 594 2283 ut
620 2217 754 2283 videtur
775 2217 886 2295 unico,
915 2215 955 2282 Ο.
975 2215 1206 2295 Bourohenin‚
1236 2215 1289 2282 vir
1310 2215 1585 2294 humanissimus,
1614 2217 1755 2300 pastoris
1776 2239 1914 2282 munere
1935 2218 2080 2302 fungens
2100 2218 2133 2283 in

114 2326 235 2411 oppido
256 2328 371 2413 Lezay
394 2329 430 2392 in
450 2326 573 2393 finibus
593 2328 823 2395 Pictavornm:

268 2421 479 2525 TRAITTI'ij
504 2437 597 2505 Dus
621 2437 825 2505 SOANDA·
847 2438 850 2521 Ι
869 2438 960 2514 Lus,
989 2439 1062 2514 QVI
1081 2439 1254 2521 nurus-1
1280 2448 1403 2502 CHENT
1431 2437 1606 2525 61105111
1634 2438 1738 2523 d’huy
1765 2439 1933 2523 beaucoup
1961 2437 2027 2517 (161
2054 2461 2132 2526 gens

36 2550 42 2563 '
115 2548 156 2614 de
177 2551 275 2616 venir
297 2558 318 2616 t
338 2550 372 2614 la
390 2550 396 2634 Ι
414 2571 497 2633 pure
520 2549 639 2616 doetri-
660 2558 665 2625 Ι
683 2573 727 2615 66
749 2550 789 2616 (16
809 2558 814 2627 Ι
832 2549 1028 2634 l'Euangile,
1049 2557 1082 2615 et
1102 2558 1107 2627 Ι
1125 2572 1168 2616 66
1190 2549 1413 2616 desbauchent
1428 2548 1578 2614 d'autres.
1599 2552 1604 2634 Ι
1624 2551 1720 2616 PAR
1736 2551 1782 2616 M.
1800 2551 1915 2616 IEAN
1926 2551 2130 2635 ΟΑΙΝΙΝΙ

117 2663 209 2747 [treis
229 2660 418 2748 oete'riqaee]
441 2669 446 2739 Ι
466 2676 493 2726 2.
513 2670 590 2726 COR.
606 2675 661 2758 =11.
680 2669 685 2737 Ι
709 2661 772 2742 Qui
793 2667 837 2726 est
857 2661 1045 2740 (6666161166,
1068 2683 1128 2745 pac
1147 2663 1177 2727 ie
1198 2663 1268 2727 a'eu
1286 2669 1290 2738 Ι
1311 2681 1381 2743 eope
1404 2660 1558 2737 16661591
1580 2665 1619 2726 Μ.
1646 2664 1683 2726 D.
1707 2663 1802 2723 LXV.

271 2773 432 2857 Plagulae
454 2780 533 2839 sunt
555 2773 693 2856 triginta
712 2779 746 2838 et
767 2773 920 2856 quinque,
943 2794 1082 2856 quarum
1100 2772 1185 2839 duae
1206 2773 1332 2856 primae
1350 2770 1588 2837 dedicationem
1607 2781 1642 2836 et
1658 2775 1894 2856 praefationem
1909 2775 1986 2841 novi
2003 2774 2135 2842 editoris

15 2878 22 2887 ’
116 2885 294 2963 continent,
318 2893 466 2952 caeterae
488 2892 619 2950 textum
637 2887 701 2948 264
722 2885 854 2969 paginis
874 2883 1069 2951 absolutum.

271 2995 325 3062 De
347 2998 530 3063 Laurentio
551 2996 755 3062 Normandio
776 2997 830 3063 oui
855 2995 1016 3063 Calvinus
1037 2995 1185 3061 libellum
1208 2995 1298 3062 huno
1321 2995 1457 3074 dicavit,
1488 2996 1669 3078 praemissa
1691 2996 1830 3079 epistola
1852 3016 1917 3080 qua
1938 2997 2084 3065 nobilem
2104 3006 2136 3065 et

116 3107 354 3174 amicissimum
370 3108 630 3175 iureconsultum
649 3108 772 3193 insigni
791 3108 831 3174 ob
853 3109 957 3174 vitata
978 3106 1132 3173 scandala
1154 3115 1188 3173 et
1209 3108 1353 3173 fideliter
1370 3116 1535 3173 servatam
1553 3107 1651 3173 fidem
1669 3108 1766 3174 laude
1784 3108 1939 3189 cumulat,
1960 3109 2037 3176 vide
2055 3131 2137 3194 quae

115 3220 308 3285 monuimus
331 3241 432 3304 supra
452 3221 489 3284 in
510 3219 752 3305 prolegomenis
774 3219 817 3284 ad
839 3227 1019 3286 tractatum
1042 3219 1082 3284 de
1104 3218 1293 3303 Astrologia
1314 3218 1416 3284 latine
1439 3241 1583 3285 versum.

911 3616 1116 3703 CAPUT
1149 3616 1343 3700 XXVII.

162 3837 257 3934 DE
285 3835 966 3935 PRAEDESTINATIONE
994 3837 1079 3932 ET
1105 3833 1574 3931 PROVIDENTIA
1601 3836 1721 3930 DEI
1748 3835 2093 3941 LIBELLUS.

374 3980 469 4079 DE
495 3980 874 4078 LIBERTATE
902 3978 1312 4079 CHRISTIANA
1340 3978 1678 4078 LIBELLUS.
1722 3973 1872 4075 1550.

269 4204 392 4268 Exstat
415 4203 450 4267 in
478 4200 649 4267 nonnullis
671 4201 876 4267 bibliothecis
903 4200 1035 4266 libellus
1063 4197 1194 4264 Caluini
1224 4196 1264 4262 de
1290 4196 1685 4263 Praedostinatione
1712 4201 1901 4269 rarissimus
1927 4226 2029 4288 quem
2056 4231 2137 4278 cave

114 4335 191 4380 cum
213 4314 285 4379 aliis
308 4313 455 4379 eiusdem
480 4313 533 4378 vel
564 4313 709 4379 nominis
729 4313 784 4378 vel
805 4311 993 4396 argumenti
1014 4309 1195 4376 confundas
1219 4330 1302 4392 quos
1329 4310 1416 4373 infra
1436 4310 1688 4375 recensebimus.
1732 4311 1849 4377 Edidit
1870 4336 1948 4380 eum
1974 4317 2137 4388 160616-

114 4424 212 4507 pinus
233 4426 460 4510 typographus
483 4425 680 4509 genevensis
701 4425 932 4491 celeberrimus
950 4443 1036 4488 anno
1062 4426 1154 4485 1550.
1200 4421 1302 4485 Tituli
1320 4421 1420 4486 facies
1441 4420 1522 4486 haec
1543 4428 1607 4485 eet:

270 4549 355 4630 Du
385 4549 697 4653 Pennus-1
726 4550 952 4633 stinaeione
984 4559 1029 4631 ec
1058 4545 1202 4658 proui—
1231 4546 1237 4648 Ι
1265 4524 1443 4621 onaan
1465 4558 1562 4637 666,
1592 4557 1838 4626 umectus.
1867 4561 1872 4647 Ι
1898 4573 1944 4630 10.
1972 4576 2137 4639 616666

28 4712 32 4720 .
115 4678 298 4734 1666666.
332 4680 528 4746 (austeus
548 4684 750 4749 officinae).
786 4683 1054 4748 6666616116.
1078 4680 1110 4733 6.
1134 4680 1165 4733 6.

268 4782 392 4846 Forma
412 4784 515 4850 libelli
537 4785 707 4851 octonaria
727 4786 844 4865 minor,
868 4784 1101 4868 quaterniones
1123 4789 1248 4863 septem
1273 4779 1419 4863 (el-G),
1439 4781 1578 4864 paginae
1602 4783 1669 4846 112.
1710 4781 1885 4849 Emblema
1906 4802 2136 4874 repraesentat

113 4891 242 4976 prelum
265 4894 542 4977 typographicam
566 4917 644 4962 cum
664 4880 844 4983 epigniphe
865 4896 903 4962 in
919 4895 1042 4962 circulo
1064 4891 1239 4974 descripta:
1263 4899 1303 4953 IN
1322 4899 1466 4956 SVDORE
1485 4901 1628 4956 VVLTVS
1651 4903 1713 4958 TVI
1735 4904 1911 4963 VESCERIS
1934 4913 2035 4968 PANE
2053 4916 2133 4972 TVO.

112 5003 154 5068 In
176 5005 242 5069 fine
263 5003 402 5089 legitur:
436 5015 611 5072 Excvsvm
633 5017 825 5089 GENEVAE‚
852 5016 952 5075 APVD
970 5016 976 5087 Ι
1001 5013 1174 5072 IOANNEM
1197 5009 1427 5081 6616616661(
1448 5011 1611 5068 CONRADI
1632 5014 1734 5068 BADII
1755 5014 1885 5088 OPERA,
1906 5011 1910 5095 Ι
1930 5024 2027 5081 PRID.
2049 5027 2132 5083 NON.

109 5124 183 5181 IVL.
216 5125 255 5180 M.
277 5125 310 5180 D.
332 5124 367 5180 Ia
