<?xml version="1.0" encoding="UTF-8"?>
<!DOCTYPE html PUBLIC "-//W3C//DTD XHTML 1.0 Transitional//EN"
    "http://www.w3.org/TR/xhtml1/DTD/xhtml1-transitional.dtd">
<html xmlns="http://www.w3.org/1999/xhtml" xml:lang="en" lang="en">
 <head>
  <title>
</title>
<meta http-equiv="Content-Type" content="text/html;charset=utf-8" />
  <meta name='ocr-system' content='tesseract 3.04.00' />
  <meta name='ocr-capabilities' content='ocr_page ocr_carea ocr_par ocr_line ocrx_word'/>
</head>
<body>
  <div class='ocr_page' id='page_1' title='image "./ioanniscalvinio14calvgoog_0389.png"; bbox 0 0 4620 5894; ppageno 0'>
   <div class='ocr_carea' id='block_1_1' title="bbox 148 226 2165 297">
    <p class='ocr_par' dir='ltr' id='par_1_1' title="bbox 148 226 2165 297">
     <span class='ocr_line' id='line_1_1' title="bbox 148 226 2165 297; baseline 0 -1"><span class='ocrx_word' id='word_1_1' title='bbox 148 231 212 296; x_wconf 79' lang='lat' dir='ltr'>bbb</span> <span class='ocrx_word' id='word_1_2' title='bbox 948 227 1078 294; x_wconf 81' lang='lat' dir='ltr'>VERA</span> <span class='ocrx_word' id='word_1_3' title='bbox 1100 226 1363 296; x_wconf 79' lang='lat' dir='ltr'>EOOLESIAE</span> <span class='ocrx_word' id='word_1_4' title='bbox 1418 240 1424 249; x_wconf 84' lang='lat'>‘</span> <span class='ocrx_word' id='word_1_5' title='bbox 2099 231 2165 297; x_wconf 81' lang='lat' dir='ltr'>too</span> 
     </span>
    </p>
   </div>
   <div class='ocr_carea' id='block_1_2' title="bbox 30 406 2166 503">
    <p class='ocr_par' dir='ltr' id='par_1_2' title="bbox 30 406 2166 503">
     <span class='ocr_line' id='line_1_2' title="bbox 30 406 2166 503; baseline 0 -19"><span class='ocrx_word' id='word_1_6' title='bbox 30 446 33 451; x_wconf 94' lang='lat'>·</span> <span class='ocrx_word' id='word_1_7' title='bbox 145 420 193 486; x_wconf 87' lang='lat' dir='ltr'>ita</span> <span class='ocrx_word' id='word_1_8' title='bbox 214 406 433 502; x_wconf 88' lang='lat' dir='ltr'>reperiemus,</span> <span class='ocrx_word' id='word_1_9' title='bbox 463 418 610 501; x_wconf 89' lang='lat' dir='ltr'>quisquis</span> <span class='ocrx_word' id='word_1_10' title='bbox 632 416 714 482; x_wconf 89' lang='lat' dir='ltr'>alios</span> <span class='ocrx_word' id='word_1_11' title='bbox 739 417 802 483; x_wconf 87' lang='lat' dir='ltr'>sibi</span> <span class='ocrx_word' id='word_1_12' title='bbox 823 424 981 502; x_wconf 87' lang='lat' dir='ltr'>patronos</span> <span class='ocrx_word' id='word_1_13' title='bbox 1004 416 1055 482; x_wconf 88' lang='lat' dir='ltr'>vel</span> <span class='ocrx_word' id='word_1_14' title='bbox 1077 417 1129 481; x_wconf 90' lang='lat' dir='ltr'>in·</span> <span class='ocrx_word' id='word_1_15' title='bbox 1182 416 1248 482; x_wconf 84' lang='lat' dir='ltr'>illis</span> <span class='ocrx_word' id='word_1_16' title='bbox 1265 416 1357 483; x_wconf 91' lang='lat' dir='ltr'>locus</span> <span class='ocrx_word' id='word_1_17' title='bbox 1379 415 1551 501; x_wconf 76' lang='lat' dir='ltr'>refrigerii,</span> <span class='ocrx_word' id='word_1_18' title='bbox 1574 416 1656 483; x_wconf 86' lang='lat' dir='ltr'>lucis</span> <span class='ocrx_word' id='word_1_19' title='bbox 1675 425 1710 482; x_wconf 91' lang='lat' dir='ltr'>et</span> <span class='ocrx_word' id='word_1_20' title='bbox 1733 419 1831 501; x_wconf 83' lang='lat' dir='ltr'>pacis.</span> <span class='ocrx_word' id='word_1_21' title='bbox 1876 419 1952 483; x_wconf 91' lang='lat' dir='ltr'>Non</span> <span class='ocrx_word' id='word_1_22' title='bbox 1970 440 2057 503; x_wconf 90' lang='lat' dir='ltr'>nego</span> <span class='ocrx_word' id='word_1_23' title='bbox 2076 416 2166 485; x_wconf 88' lang='lat' dir='ltr'>banc</span> 
     </span>
    </p>
   </div>
   <div class='ocr_carea' id='block_1_3' title="bbox 143 501 2168 3165">
    <p class='ocr_par' dir='ltr' id='par_1_3' title="bbox 143 501 2168 3165">
     <span class='ocr_line' id='line_1_3' title="bbox 145 501 2165 588; baseline -0 -16"><span class='ocrx_word' id='word_1_24' title='bbox 145 512 342 572; x_wconf 87' lang='lat' dir='ltr'>tereessores</span> <span class='ocrx_word' id='word_1_25' title='bbox 364 505 536 587; x_wconf 77' lang='lat' dir='ltr'>quaeritat,</span> <span class='ocrx_word' id='word_1_26' title='bbox 560 524 627 568; x_wconf 90' lang='lat' dir='ltr'>nou</span> <span class='ocrx_word' id='word_1_27' title='bbox 643 523 716 568; x_wconf 90' lang='lat' dir='ltr'>esse</span> <span class='ocrx_word' id='word_1_28' title='bbox 737 501 837 568; x_wconf 88' lang='lat' dir='ltr'>huius</span> <span class='ocrx_word' id='word_1_29' title='bbox 851 502 1033 586; x_wconf 89' lang='lat' dir='ltr'>patrocinio</span> <span class='ocrx_word' id='word_1_30' title='bbox 1051 524 1129 568; x_wconf 90' lang='lat' dir='ltr'>eon·</span> <span class='ocrx_word' id='word_1_31' title='bbox 1181 503 1282 568; x_wconf 74' lang='lat' dir='ltr'>firisse</span> <span class='ocrx_word' id='word_1_32' title='bbox 1311 503 1568 568; x_wconf 89' lang='lat' dir='ltr'>vetustissimam</span> <span class='ocrx_word' id='word_1_33' title='bbox 1607 503 1894 570; x_wconf 73' lang='lat' dir='ltr'>consuetudinem:</span> <span class='ocrx_word' id='word_1_34' title='bbox 1936 514 1969 569; x_wconf 92' lang='lat' dir='ltr'>et</span> <span class='ocrx_word' id='word_1_35' title='bbox 2007 504 2165 588; x_wconf 87' lang='lat' dir='ltr'>queniam</span> 
     </span>
     <span class='ocr_line' id='line_1_4' title="bbox 144 587 2165 672; baseline -0.001 -15"><span class='ocrx_word' id='word_1_36' title='bbox 144 599 283 657; x_wconf 89' lang='lat' dir='ltr'>tentum.</span> <span class='ocrx_word' id='word_1_37' title='bbox 329 588 479 655; x_wconf 79' lang='lat' dir='ltr'>Sollicite</span> <span class='ocrx_word' id='word_1_38' title='bbox 499 609 577 672; x_wconf 92' lang='lat' dir='ltr'>ergo</span> <span class='ocrx_word' id='word_1_39' title='bbox 600 587 799 667; x_wconf 87' lang='lat' dir='ltr'>cavendum,</span> <span class='ocrx_word' id='word_1_40' title='bbox 822 611 864 654; x_wconf 92' lang='lat' dir='ltr'>ne</span> <span class='ocrx_word' id='word_1_41' title='bbox 886 589 997 672; x_wconf 91' lang='lat' dir='ltr'>plures</span> <span class='ocrx_word' id='word_1_42' title='bbox 1019 589 1129 655; x_wconf 86' lang='lat' dir='ltr'>aditus</span> <span class='ocrx_word' id='word_1_43' title='bbox 1181 610 1305 672; x_wconf 91' lang='lat' dir='ltr'>magna</span> <span class='ocrx_word' id='word_1_44' title='bbox 1332 598 1384 655; x_wconf 91' lang='lat' dir='ltr'>est</span> <span class='ocrx_word' id='word_1_45' title='bbox 1410 589 1461 655; x_wconf 91' lang='lat' dir='ltr'>vis</span> <span class='ocrx_word' id='word_1_46' title='bbox 1488 587 1750 667; x_wconf 87' lang='lat' dir='ltr'>consuetudinis,</span> <span class='ocrx_word' id='word_1_47' title='bbox 1787 601 1846 654; x_wconf 89' lang='lat' dir='ltr'>aut</span> <span class='ocrx_word' id='word_1_48' title='bbox 1870 592 2028 672; x_wconf 90' lang='lat' dir='ltr'>potiusr</span> <span class='ocrx_word' id='word_1_49' title='bbox 2095 610 2165 669; x_wconf 88' lang='lat' dir='ltr'>um,</span> 
     </span>
     <span class='ocr_line' id='line_1_5' title="bbox 145 673 2165 762; baseline -0.001 -18"><span class='ocrx_word' id='word_1_50' title='bbox 145 676 308 760; x_wconf 85' lang='lat' dir='ltr'>captando</span> <span class='ocrx_word' id='word_1_51' title='bbox 335 676 469 741; x_wconf 88' lang='lat' dir='ltr'>ianuam</span> <span class='ocrx_word' id='word_1_52' title='bbox 494 674 586 740; x_wconf 89' lang='lat' dir='ltr'>illam</span> <span class='ocrx_word' id='word_1_53' title='bbox 615 675 709 741; x_wconf 92' lang='lat' dir='ltr'>nobis</span> <span class='ocrx_word' id='word_1_54' title='bbox 739 674 948 754; x_wconf 88' lang='lat' dir='ltr'>claudamus,</span> <span class='ocrx_word' id='word_1_55' title='bbox 975 697 1041 757; x_wconf 90' lang='lat' dir='ltr'>qua</span> <span class='ocrx_word' id='word_1_56' title='bbox 1060 675 1129 740; x_wconf 88' lang='lat' dir='ltr'>sola</span> <span class='ocrx_word' id='word_1_57' title='bbox 1180 674 1254 740; x_wconf 91' lang='lat' dir='ltr'>ideo</span> <span class='ocrx_word' id='word_1_58' title='bbox 1275 673 1435 740; x_wconf 91' lang='lat' dir='ltr'>eiusmodi</span> <span class='ocrx_word' id='word_1_59' title='bbox 1447 696 1560 758; x_wconf 90' lang='lat' dir='ltr'>preces</span> <span class='ocrx_word' id='word_1_60' title='bbox 1577 675 1680 741; x_wconf 82' lang='lat' dir='ltr'>fateor</span> <span class='ocrx_word' id='word_1_61' title='bbox 1693 674 1939 760; x_wconf 84' lang='lat' dir='ltr'>Ohrysostcmo,</span> <span class='ocrx_word' id='word_1_62' title='bbox 1961 677 2051 762; x_wconf 82' lang='lat' dir='ltr'>Epip</span> <span class='ocrx_word' id='word_1_63' title='bbox 2126 676 2165 755; x_wconf 88' lang='grc' dir='ltr'>ὀ,</span> 
     </span>
     <span class='ocr_line' id='line_1_6' title="bbox 145 759 2166 845; baseline -0.001 -14"><span class='ocrx_word' id='word_1_64' title='bbox 145 783 295 831; x_wconf 74' lang='lat' dir='ltr'>moestus</span> <span class='ocrx_word' id='word_1_65' title='bbox 316 761 359 826; x_wconf 89' lang='lat' dir='ltr'>ad</span> <span class='ocrx_word' id='word_1_66' title='bbox 381 760 493 826; x_wconf 91' lang='lat' dir='ltr'>Deum</span> <span class='ocrx_word' id='word_1_67' title='bbox 510 768 610 844; x_wconf 91' lang='lat' dir='ltr'>patet.</span> <span class='ocrx_word' id='word_1_68' title='bbox 1179 761 1369 844; x_wconf 78' lang='lat' dir='ltr'>Augustino</span> <span class='ocrx_word' id='word_1_69' title='bbox 1391 768 1425 825; x_wconf 92' lang='lat' dir='ltr'>et</span> <span class='ocrx_word' id='word_1_70' title='bbox 1445 759 1607 826; x_wconf 80' lang='lat' dir='ltr'>similibus</span> <span class='ocrx_word' id='word_1_71' title='bbox 1628 762 1783 844; x_wconf 90' lang='lat' dir='ltr'>probatas</span> <span class='ocrx_word' id='word_1_72' title='bbox 1803 762 1914 840; x_wconf 88' lang='lat' dir='ltr'>fuisse,</span> <span class='ocrx_word' id='word_1_73' title='bbox 1941 761 2030 845; x_wconf 92' lang='lat' dir='ltr'>quod</span> <span class='ocrx_word' id='word_1_74' title='bbox 2052 782 2073 828; x_wconf 92' lang='lat' dir='ltr'>a</span> <span class='ocrx_word' id='word_1_75' title='bbox 2094 783 2166 829; x_wconf 88' lang='lat' dir='ltr'>ma·</span> 
     </span>
     <span class='ocr_line' id='line_1_7' title="bbox 204 844 2167 930; baseline 0.002 -21"><span class='ocrx_word' id='word_1_76' title='bbox 204 844 376 926; x_wconf 66' lang='lat' dir='ltr'>Senties,</span> <span class='ocrx_word' id='word_1_77' title='bbox 400 848 427 912; x_wconf 91' lang='lat' dir='ltr'>si</span> <span class='ocrx_word' id='word_1_78' title='bbox 448 848 520 911; x_wconf 89' lang='lat' dir='ltr'>fieri</span> <span class='ocrx_word' id='word_1_79' title='bbox 543 856 653 930; x_wconf 91' lang='lat' dir='ltr'>queat,</span> <span class='ocrx_word' id='word_1_80' title='bbox 674 847 855 912; x_wconf 83' lang='lat' dir='ltr'>moriamur</span> <span class='ocrx_word' id='word_1_81' title='bbox 878 848 999 930; x_wconf 91' lang='lat' dir='ltr'>potius,</span> <span class='ocrx_word' id='word_1_82' title='bbox 1030 867 1128 928; x_wconf 88' lang='lat' dir='ltr'>quam</span> <span class='ocrx_word' id='word_1_83' title='bbox 1179 845 1304 912; x_wconf 91' lang='lat' dir='ltr'>icribus</span> <span class='ocrx_word' id='word_1_84' title='bbox 1325 846 1419 928; x_wconf 89' lang='lat' dir='ltr'>quasi</span> <span class='ocrx_word' id='word_1_85' title='bbox 1439 867 1499 930; x_wconf 93' lang='lat' dir='ltr'>per</span> <span class='ocrx_word' id='word_1_86' title='bbox 1520 868 1639 911; x_wconf 91' lang='lat' dir='ltr'>manus</span> <span class='ocrx_word' id='word_1_87' title='bbox 1666 845 1806 913; x_wconf 82' lang='lat' dir='ltr'>traditae</span> <span class='ocrx_word' id='word_1_88' title='bbox 1834 856 1954 915; x_wconf 90' lang='lat' dir='ltr'>essent.</span> <span class='ocrx_word' id='word_1_89' title='bbox 1998 848 2076 914; x_wconf 83' lang='lat' dir='ltr'>Etsi</span> <span class='ocrx_word' id='word_1_90' title='bbox 2096 869 2167 913; x_wconf 90' lang='lat' dir='ltr'>non</span> 
     </span>
     <span class='ocr_line' id='line_1_8' title="bbox 145 933 2165 1018; baseline 0 -18"><span class='ocrx_word' id='word_1_91' title='bbox 145 945 184 1000; x_wconf 90' lang='lat' dir='ltr'>ut</span> <span class='ocrx_word' id='word_1_92' title='bbox 203 942 317 1001; x_wconf 81' lang='lat' dir='ltr'>nostro</span> <span class='ocrx_word' id='word_1_93' title='bbox 339 953 501 1000; x_wconf 90' lang='lat' dir='ltr'>consensu</span> <span class='ocrx_word' id='word_1_94' title='bbox 522 933 558 996; x_wconf 91' lang='lat' dir='ltr'>in</span> <span class='ocrx_word' id='word_1_95' title='bbox 579 940 820 998; x_wconf 88' lang='lat' dir='ltr'>sacrosanctam</span> <span class='ocrx_word' id='word_1_96' title='bbox 844 933 970 999; x_wconf 73' lang='lat' dir='ltr'>Christi</span> <span class='ocrx_word' id='word_1_97' title='bbox 993 952 1129 999; x_wconf 90' lang='lat' dir='ltr'>coenam</span> <span class='ocrx_word' id='word_1_98' title='bbox 1180 933 1342 1010; x_wconf 84' lang='lat' dir='ltr'>existimo,</span> <span class='ocrx_word' id='word_1_99' title='bbox 1366 933 1470 997; x_wconf 94' lang='lat' dir='ltr'>multo</span> <span class='ocrx_word' id='word_1_100' title='bbox 1488 939 1564 997; x_wconf 91' lang='lat' dir='ltr'>ante</span> <span class='ocrx_word' id='word_1_101' title='bbox 1575 954 1689 998; x_wconf 91' lang='lat' dir='ltr'>eorum</span> <span class='ocrx_word' id='word_1_102' title='bbox 1711 940 1863 1013; x_wconf 88' lang='lat' dir='ltr'>aetatem,</span> <span class='ocrx_word' id='word_1_103' title='bbox 1885 954 1968 1018; x_wconf 91' lang='lat' dir='ltr'>quos</span> <span class='ocrx_word' id='word_1_104' title='bbox 1982 933 2165 1013; x_wconf 85' lang='lat' dir='ltr'>nominavi,</span> 
     </span>
     <span class='ocr_line' id='line_1_9' title="bbox 144 1017 2166 1104; baseline 0 -18"><span class='ocrx_word' id='word_1_105' title='bbox 144 1020 309 1104; x_wconf 87' lang='lat' dir='ltr'>irrumpat</span> <span class='ocrx_word' id='word_1_106' title='bbox 330 1019 406 1085; x_wconf 88' lang='lat' dir='ltr'>talis</span> <span class='ocrx_word' id='word_1_107' title='bbox 427 1018 619 1101; x_wconf 81' lang='lat' dir='ltr'>profanatio.</span> <span class='ocrx_word' id='word_1_108' title='bbox 665 1018 779 1083; x_wconf 91' lang='lat' dir='ltr'>Nihilo</span> <span class='ocrx_word' id='word_1_109' title='bbox 802 1019 903 1084; x_wconf 89' lang='lat' dir='ltr'>etiam</span> <span class='ocrx_word' id='word_1_110' title='bbox 926 1019 1032 1103; x_wconf 88' lang='lat' dir='ltr'>magis</span> <span class='ocrx_word' id='word_1_111' title='bbox 1052 1038 1129 1083; x_wconf 91' lang='lat' dir='ltr'>ocu·</span> <span class='ocrx_word' id='word_1_112' title='bbox 1179 1018 1361 1102; x_wconf 87' lang='lat' dir='ltr'>obrepsisse</span> <span class='ocrx_word' id='word_1_113' title='bbox 1389 1019 1424 1083; x_wconf 96' lang='lat' dir='ltr'>in</span> <span class='ocrx_word' id='word_1_114' title='bbox 1450 1039 1558 1084; x_wconf 89' lang='lat' dir='ltr'>usum.</span> <span class='ocrx_word' id='word_1_115' title='bbox 1603 1017 1671 1085; x_wconf 85' lang='lat' dir='ltr'>Sed</span> <span class='ocrx_word' id='word_1_116' title='bbox 1697 1018 1784 1102; x_wconf 91' lang='lat' dir='ltr'>quod</span> <span class='ocrx_word' id='word_1_117' title='bbox 1810 1019 1904 1087; x_wconf 92' lang='lat' dir='ltr'>brevi</span> <span class='ocrx_word' id='word_1_118' title='bbox 1930 1028 2083 1104; x_wconf 90' lang='lat' dir='ltr'>tempore</span> <span class='ocrx_word' id='word_1_119' title='bbox 2109 1028 2166 1087; x_wconf 89' lang='lat' dir='ltr'>ut-</span> 
     </span>
     <span class='ocr_line' id='line_1_10' title="bbox 145 1102 2166 1188; baseline -0 -16"><span class='ocrx_word' id='word_1_120' title='bbox 145 1105 328 1173; x_wconf 88' lang='lat' dir='ltr'>cedendum</span> <span class='ocrx_word' id='word_1_121' title='bbox 349 1112 414 1183; x_wconf 91' lang='lat' dir='ltr'>est,</span> <span class='ocrx_word' id='word_1_122' title='bbox 442 1103 529 1188; x_wconf 88' lang='lat' dir='ltr'>quod</span> <span class='ocrx_word' id='word_1_123' title='bbox 549 1105 642 1170; x_wconf 90' lang='lat' dir='ltr'>festis</span> <span class='ocrx_word' id='word_1_124' title='bbox 671 1102 786 1170; x_wconf 91' lang='lat' dir='ltr'>diebus</span> <span class='ocrx_word' id='word_1_125' title='bbox 814 1105 877 1171; x_wconf 92' lang='lat' dir='ltr'>coli</span> <span class='ocrx_word' id='word_1_126' title='bbox 904 1112 1049 1170; x_wconf 90' lang='lat' dir='ltr'>mortuos</span> <span class='ocrx_word' id='word_1_127' title='bbox 1071 1125 1128 1169; x_wconf 94' lang='lat' dir='ltr'>vo·</span> <span class='ocrx_word' id='word_1_128' title='bbox 1180 1124 1309 1186; x_wconf 89' lang='lat' dir='ltr'>cunque</span> <span class='ocrx_word' id='word_1_129' title='bbox 1330 1104 1526 1183; x_wconf 89' lang='lat' dir='ltr'>invaluerat,</span> <span class='ocrx_word' id='word_1_130' title='bbox 1549 1104 1653 1169; x_wconf 85' lang='lat' dir='ltr'>nimia</span> <span class='ocrx_word' id='word_1_131' title='bbox 1674 1105 1838 1184; x_wconf 87' lang='lat' dir='ltr'>facilitate,</span> <span class='ocrx_word' id='word_1_132' title='bbox 1861 1107 1932 1171; x_wconf 89' lang='lat' dir='ltr'>sine</span> <span class='ocrx_word' id='word_1_133' title='bbox 1953 1107 2084 1172; x_wconf 86' lang='lat' dir='ltr'>ratione</span> <span class='ocrx_word' id='word_1_134' title='bbox 2106 1118 2166 1172; x_wconf 88' lang='lat' dir='ltr'>aut</span> 
     </span>
     <span class='ocr_line' id='line_1_11' title="bbox 144 1189 2166 1277; baseline 0.001 -21"><span class='ocrx_word' id='word_1_135' title='bbox 144 1192 234 1270; x_wconf 89' lang='lat' dir='ltr'>lunt,</span> <span class='ocrx_word' id='word_1_136' title='bbox 264 1199 304 1255; x_wconf 93' lang='lat' dir='ltr'>ut</span> <span class='ocrx_word' id='word_1_137' title='bbox 327 1191 396 1255; x_wconf 91' lang='lat' dir='ltr'>suis</span> <span class='ocrx_word' id='word_1_138' title='bbox 422 1211 481 1255; x_wconf 90' lang='lat' dir='ltr'>uos</span> <span class='ocrx_word' id='word_1_139' title='bbox 511 1191 636 1256; x_wconf 89' lang='lat' dir='ltr'>meritis</span> <span class='ocrx_word' id='word_1_140' title='bbox 660 1191 836 1268; x_wconf 74' lang='lat' dir='ltr'>associent,</span> <span class='ocrx_word' id='word_1_141' title='bbox 867 1211 991 1274; x_wconf 89' lang='lat' dir='ltr'>suaque</span> <span class='ocrx_word' id='word_1_142' title='bbox 1012 1191 1130 1256; x_wconf 89' lang='lat' dir='ltr'>iuvent</span> <span class='ocrx_word' id='word_1_143' title='bbox 1181 1190 1309 1269; x_wconf 91' lang='lat' dir='ltr'>iudicio,</span> <span class='ocrx_word' id='word_1_144' title='bbox 1344 1191 1474 1272; x_wconf 90' lang='lat' dir='ltr'>sequuti</span> <span class='ocrx_word' id='word_1_145' title='bbox 1505 1202 1593 1255; x_wconf 90' lang='lat' dir='ltr'>sunt.</span> <span class='ocrx_word' id='word_1_146' title='bbox 1650 1189 1787 1269; x_wconf 63' lang='lat' dir='ltr'>Verum</span> <span class='ocrx_word' id='word_1_147' title='bbox 1827 1192 1905 1274; x_wconf 90' lang='lat' dir='ltr'>quia</span> <span class='ocrx_word' id='word_1_148' title='bbox 1936 1193 2166 1277; x_wconf 85' lang='lat' dir='ltr'>Augustinum</span> 
     </span>
     <span class='ocr_line' id='line_1_12' title="bbox 144 1275 2167 1362; baseline 0 -19"><span class='ocrx_word' id='word_1_149' title='bbox 144 1276 378 1343; x_wconf 84' lang='lat' dir='ltr'>intercessione</span> <span class='ocrx_word' id='word_1_150' title='bbox 401 1275 489 1358; x_wconf 90' lang='lat' dir='ltr'>apud</span> <span class='ocrx_word' id='word_1_151' title='bbox 500 1277 617 1342; x_wconf 87' lang='lat' dir='ltr'>Deum</span> <span class='ocrx_word' id='word_1_152' title='bbox 652 1277 706 1340; x_wconf 86' lang='lat' dir='ltr'>En</span> <span class='ocrx_word' id='word_1_153' title='bbox 729 1276 911 1342; x_wconf 87' lang='lat' dir='ltr'>christiana</span> <span class='ocrx_word' id='word_1_154' title='bbox 932 1276 1127 1355; x_wconf 84' lang='lat' dir='ltr'>reformatio,</span> <span class='ocrx_word' id='word_1_155' title='bbox 1180 1275 1442 1342; x_wconf 86' lang='lat' dir='ltr'>moderatoribus</span> <span class='ocrx_word' id='word_1_156' title='bbox 1462 1275 1560 1340; x_wconf 93' lang='lat' dir='ltr'>libuit</span> <span class='ocrx_word' id='word_1_157' title='bbox 1572 1275 1673 1340; x_wconf 85' lang='lat' dir='ltr'>citare</span> <span class='ocrx_word' id='word_1_158' title='bbox 1689 1284 1823 1342; x_wconf 90' lang='lat' dir='ltr'>testem:</span> <span class='ocrx_word' id='word_1_159' title='bbox 1845 1276 1981 1342; x_wconf 89' lang='lat' dir='ltr'>audiant</span> <span class='ocrx_word' id='word_1_160' title='bbox 2001 1286 2167 1362; x_wconf 88' lang='lat' dir='ltr'>quantum</span> 
     </span>
     <span class='ocr_line' id='line_1_13' title="bbox 144 1361 2167 1448; baseline -0 -18"><span class='ocrx_word' id='word_1_161' title='bbox 144 1362 239 1431; x_wconf 79' lang='lat' dir='ltr'>arnus</span> <span class='ocrx_word' id='word_1_162' title='bbox 261 1382 354 1446; x_wconf 90' lang='lat' dir='ltr'>spem</span> <span class='ocrx_word' id='word_1_163' title='bbox 375 1362 500 1427; x_wconf 85' lang='lat' dir='ltr'>faciunt</span> <span class='ocrx_word' id='word_1_164' title='bbox 527 1362 698 1444; x_wconf 85' lang='lat' dir='ltr'>imperitis.</span> <span class='ocrx_word' id='word_1_165' title='bbox 743 1361 781 1427; x_wconf 93' lang='lat' dir='ltr'>Si</span> <span class='ocrx_word' id='word_1_166' title='bbox 804 1363 903 1428; x_wconf 84' lang='lat' dir='ltr'>festos</span> <span class='ocrx_word' id='word_1_167' title='bbox 931 1361 1001 1427; x_wconf 90' lang='lat' dir='ltr'>dies</span> <span class='ocrx_word' id='word_1_168' title='bbox 1029 1382 1128 1444; x_wconf 88' lang='lat' dir='ltr'>quee-</span> <span class='ocrx_word' id='word_1_169' title='bbox 1179 1363 1250 1444; x_wconf 92' lang='lat' dir='ltr'>ipse</span> <span class='ocrx_word' id='word_1_170' title='bbox 1272 1361 1360 1427; x_wconf 92' lang='lat' dir='ltr'>idem</span> <span class='ocrx_word' id='word_1_171' title='bbox 1382 1361 1460 1426; x_wconf 88' lang='lat' dir='ltr'>alibi</span> <span class='ocrx_word' id='word_1_172' title='bbox 1482 1361 1519 1425; x_wconf 93' lang='lat' dir='ltr'>in</span> <span class='ocrx_word' id='word_1_173' title='bbox 1540 1362 1740 1428; x_wconf 89' lang='lat' dir='ltr'>contrariam</span> <span class='ocrx_word' id='word_1_174' title='bbox 1761 1363 1962 1429; x_wconf 88' lang='lat' dir='ltr'>sententiam</span> <span class='ocrx_word' id='word_1_175' title='bbox 1983 1365 2092 1448; x_wconf 85' lang='lat' dir='ltr'>magle</span> <span class='ocrx_word' id='word_1_176' title='bbox 2112 1365 2167 1429; x_wconf 91' lang='lat' dir='ltr'>in·</span> 
     </span>
     <span class='ocr_line' id='line_1_14' title="bbox 146 1445 2086 1532; baseline 0 -18"><span class='ocrx_word' id='word_1_177' title='bbox 146 1447 222 1514; x_wconf 87' lang='lat' dir='ltr'>dam</span> <span class='ocrx_word' id='word_1_178' title='bbox 245 1448 348 1515; x_wconf 91' lang='lat' dir='ltr'>veluti</span> <span class='ocrx_word' id='word_1_179' title='bbox 370 1448 589 1514; x_wconf 88' lang='lat' dir='ltr'>invitamenta</span> <span class='ocrx_word' id='word_1_180' title='bbox 610 1468 684 1513; x_wconf 89' lang='lat' dir='ltr'>esse</span> <span class='ocrx_word' id='word_1_181' title='bbox 706 1445 869 1526; x_wconf 91' lang='lat' dir='ltr'>dicerent,</span> <span class='ocrx_word' id='word_1_182' title='bbox 894 1447 937 1513; x_wconf 89' lang='lat' dir='ltr'>ad</span> <span class='ocrx_word' id='word_1_183' title='bbox 958 1445 1128 1514; x_wconf 89' lang='lat' dir='ltr'>colendam</span> <span class='ocrx_word' id='word_1_184' title='bbox 1180 1448 1290 1513; x_wconf 89' lang='lat' dir='ltr'>olinet.</span> <span class='ocrx_word' id='word_1_185' title='bbox 1335 1448 1475 1530; x_wconf 84' lang='lat' dir='ltr'>Recepti</span> <span class='ocrx_word' id='word_1_186' title='bbox 1502 1455 1583 1512; x_wconf 88' lang='lat' dir='ltr'>sunt</span> <span class='ocrx_word' id='word_1_187' title='bbox 1603 1447 1638 1510; x_wconf 95' lang='lat' dir='ltr'>in</span> <span class='ocrx_word' id='word_1_188' title='bbox 1661 1469 1758 1531; x_wconf 89' lang='lat' dir='ltr'>paee,</span> <span class='ocrx_word' id='word_1_189' title='bbox 1785 1448 1907 1532; x_wconf 90' lang='lat' dir='ltr'>inquit,</span> <span class='ocrx_word' id='word_1_190' title='bbox 1923 1450 1948 1530; x_wconf 93' lang='lat'>¹)</span> <span class='ocrx_word' id='word_1_191' title='bbox 1977 1450 2086 1517; x_wconf 88' lang='lat' dir='ltr'>saneti</span> 
     </span>
     <span class='ocr_line' id='line_1_15' title="bbox 145 1471 2167 1618; baseline 0 -16"><span class='ocrx_word' id='word_1_192' title='bbox 145 1535 308 1602; x_wconf 88' lang='lat' dir='ltr'>virtutum</span> <span class='ocrx_word' id='word_1_193' title='bbox 330 1534 533 1611; x_wconf 82' lang='lat' dir='ltr'>memoriam,</span> <span class='ocrx_word' id='word_1_194' title='bbox 556 1553 640 1616; x_wconf 90' lang='lat' dir='ltr'>quae</span> <span class='ocrx_word' id='word_1_195' title='bbox 661 1554 722 1600; x_wconf 92' lang='lat' dir='ltr'>nos</span> <span class='ocrx_word' id='word_1_196' title='bbox 742 1533 784 1598; x_wconf 90' lang='lat' dir='ltr'>ad</span> <span class='ocrx_word' id='word_1_197' title='bbox 805 1534 1026 1599; x_wconf 89' lang='lat' dir='ltr'>imitationem</span> <span class='ocrx_word' id='word_1_198' title='bbox 1052 1553 1128 1616; x_wconf 89' lang='lat' dir='ltr'>pro·</span> <span class='ocrx_word' id='word_1_199' title='bbox 1180 1533 1353 1612; x_wconf 85' lang='lat' dir='ltr'>triarchas,</span> <span class='ocrx_word' id='word_1_200' title='bbox 1372 1533 1561 1616; x_wconf 83' lang='lat' dir='ltr'>prophetae,</span> <span class='ocrx_word' id='word_1_201' title='bbox 1584 1533 1731 1616; x_wconf 88' lang='lat' dir='ltr'>apostoli,</span> <span class='ocrx_word' id='word_1_202' title='bbox 1754 1543 1928 1618; x_wconf 81' lang='lat' dir='ltr'>martyres,</span> <span class='ocrx_word' id='word_1_203' title='bbox 1951 1533 2030 1600; x_wconf 91' lang='lat' dir='ltr'>boni</span> <span class='ocrx_word' id='word_1_204' title='bbox 2041 1471 2167 1603; x_wconf 41' lang='lat' dir='ltr'>fidoi&amp;</span> 
     </span>
     <span class='ocr_line' id='line_1_16' title="bbox 145 1617 2168 1705; baseline -0 -17"><span class='ocrx_word' id='word_1_205' title='bbox 145 1629 249 1699; x_wconf 88' lang='lat' dir='ltr'>vocet,</span> <span class='ocrx_word' id='word_1_206' title='bbox 270 1619 389 1704; x_wconf 89' lang='lat' dir='ltr'>aliquis</span> <span class='ocrx_word' id='word_1_207' title='bbox 412 1639 491 1685; x_wconf 91' lang='lat' dir='ltr'>sane</span> <span class='ocrx_word' id='word_1_208' title='bbox 503 1628 592 1684; x_wconf 92' lang='lat' dir='ltr'>esset</span> <span class='ocrx_word' id='word_1_209' title='bbox 612 1620 717 1686; x_wconf 89' lang='lat' dir='ltr'>color:</span> <span class='ocrx_word' id='word_1_210' title='bbox 740 1620 798 1685; x_wconf 89' lang='lat' dir='ltr'>sed</span> <span class='ocrx_word' id='word_1_211' title='bbox 809 1620 934 1686; x_wconf 92' lang='lat' dir='ltr'>cultum</span> <span class='ocrx_word' id='word_1_212' title='bbox 956 1625 1030 1699; x_wconf 81' lang='lat' dir='ltr'>[pag.</span> <span class='ocrx_word' id='word_1_213' title='bbox 1052 1624 1127 1697; x_wconf 84' lang='lat'>174]</span> <span class='ocrx_word' id='word_1_214' title='bbox 1181 1617 1307 1685; x_wconf 90' lang='lat' dir='ltr'>Omnes</span> <span class='ocrx_word' id='word_1_215' title='bbox 1335 1628 1448 1685; x_wconf 89' lang='lat' dir='ltr'>tamen</span> <span class='ocrx_word' id='word_1_216' title='bbox 1475 1618 1584 1685; x_wconf 89' lang='lat' dir='ltr'>adhue</span> <span class='ocrx_word' id='word_1_217' title='bbox 1612 1620 1648 1682; x_wconf 92' lang='lat' dir='ltr'>iu</span> <span class='ocrx_word' id='word_1_218' title='bbox 1675 1619 1743 1684; x_wconf 90' lang='lat' dir='ltr'>fine</span> <span class='ocrx_word' id='word_1_219' title='bbox 1769 1622 1934 1704; x_wconf 84' lang='lat' dir='ltr'>recepturi</span> <span class='ocrx_word' id='word_1_220' title='bbox 1956 1631 2051 1700; x_wconf 90' lang='lat' dir='ltr'>sunt,</span> <span class='ocrx_word' id='word_1_221' title='bbox 2078 1620 2168 1705; x_wconf 88' lang='lat' dir='ltr'>quod</span> 
     </span>
     <span class='ocr_line' id='line_1_17' title="bbox 144 1704 2167 1790; baseline 0.001 -18"><span class='ocrx_word' id='word_1_222' title='bbox 144 1706 276 1772; x_wconf 90' lang='lat' dir='ltr'>institui</span> <span class='ocrx_word' id='word_1_223' title='bbox 304 1727 347 1771; x_wconf 84' lang='lat' dir='ltr'>ex</span> <span class='ocrx_word' id='word_1_224' title='bbox 375 1704 503 1770; x_wconf 90' lang='lat' dir='ltr'>dierum</span> <span class='ocrx_word' id='word_1_225' title='bbox 532 1707 774 1782; x_wconf 89' lang='lat' dir='ltr'>observatione,</span> <span class='ocrx_word' id='word_1_226' title='bbox 810 1706 845 1770; x_wconf 93' lang='lat' dir='ltr'>id</span> <span class='ocrx_word' id='word_1_227' title='bbox 873 1706 959 1790; x_wconf 89' lang='lat' dir='ltr'>quod</span> <span class='ocrx_word' id='word_1_228' title='bbox 991 1705 1127 1783; x_wconf 87' lang='lat' dir='ltr'>faciunt,</span> <span class='ocrx_word' id='word_1_229' title='bbox 1178 1705 1330 1789; x_wconf 90' lang='lat' dir='ltr'>promisit</span> <span class='ocrx_word' id='word_1_230' title='bbox 1358 1706 1460 1771; x_wconf 90' lang='lat' dir='ltr'>Deus.</span> <span class='ocrx_word' id='word_1_231' title='bbox 1515 1706 1686 1771; x_wconf 90' lang='lat' dir='ltr'>Promissa</span> <span class='ocrx_word' id='word_1_232' title='bbox 1718 1707 1808 1771; x_wconf 91' lang='lat' dir='ltr'>enim</span> <span class='ocrx_word' id='word_1_233' title='bbox 1839 1713 1889 1772; x_wconf 92' lang='lat' dir='ltr'>est</span> <span class='ocrx_word' id='word_1_234' title='bbox 1922 1708 2033 1773; x_wconf 88' lang='lat' dir='ltr'>earnis</span> <span class='ocrx_word' id='word_1_235' title='bbox 2065 1708 2167 1775; x_wconf 77' lang='lat' dir='ltr'>stem</span> 
     </span>
     <span class='ocr_line' id='line_1_18' title="bbox 143 1791 2167 1876; baseline 0.001 -19"><span class='ocrx_word' id='word_1_236' title='bbox 143 1792 245 1857; x_wconf 89' lang='lat' dir='ltr'>nimis</span> <span class='ocrx_word' id='word_1_237' title='bbox 276 1791 421 1857; x_wconf 83' lang='lat' dir='ltr'>deforme</span> <span class='ocrx_word' id='word_1_238' title='bbox 449 1799 509 1856; x_wconf 90' lang='lat' dir='ltr'>est.</span> <span class='ocrx_word' id='word_1_239' title='bbox 553 1792 746 1876; x_wconf 86' lang='lat' dir='ltr'>Negabunt,</span> <span class='ocrx_word' id='word_1_240' title='bbox 777 1793 858 1871; x_wconf 90' lang='lat' dir='ltr'>scio,</span> <span class='ocrx_word' id='word_1_241' title='bbox 888 1791 950 1858; x_wconf 91' lang='lat' dir='ltr'>hoc</span> <span class='ocrx_word' id='word_1_242' title='bbox 972 1793 1033 1858; x_wconf 89' lang='lat' dir='ltr'>sibi</span> <span class='ocrx_word' id='word_1_243' title='bbox 1057 1812 1128 1857; x_wconf 92' lang='lat' dir='ltr'>esse</span> <span class='ocrx_word' id='word_1_244' title='bbox 1180 1792 1393 1870; x_wconf 89' lang='lat' dir='ltr'>resurrectio,</span> <span class='ocrx_word' id='word_1_245' title='bbox 1422 1791 1538 1856; x_wconf 89' lang='lat' dir='ltr'>mortis</span> <span class='ocrx_word' id='word_1_246' title='bbox 1566 1792 1789 1874; x_wconf 87' lang='lat' dir='ltr'>consumptio,</span> <span class='ocrx_word' id='word_1_247' title='bbox 1818 1793 1888 1858; x_wconf 90' lang='lat' dir='ltr'>vita</span> <span class='ocrx_word' id='word_1_248' title='bbox 1910 1801 2061 1871; x_wconf 89' lang='lat' dir='ltr'>aeterna,</span> <span class='ocrx_word' id='word_1_249' title='bbox 2089 1814 2167 1860; x_wconf 92' lang='lat' dir='ltr'>eum</span> 
     </span>
     <span class='ocr_line' id='line_1_19' title="bbox 145 1877 2167 1962; baseline 0 -17"><span class='ocrx_word' id='word_1_250' title='bbox 145 1878 335 1945; x_wconf 89' lang='lat' dir='ltr'>eonsilium:</span> <span class='ocrx_word' id='word_1_251' title='bbox 365 1877 423 1944; x_wconf 93' lang='lat' dir='ltr'>sed</span> <span class='ocrx_word' id='word_1_252' title='bbox 453 1899 494 1942; x_wconf 87' lang='lat' dir='ltr'>ex</span> <span class='ocrx_word' id='word_1_253' title='bbox 521 1878 658 1960; x_wconf 84' lang='lat' dir='ltr'>reipsa</span> <span class='ocrx_word' id='word_1_254' title='bbox 684 1878 841 1943; x_wconf 88' lang='lat' dir='ltr'>iudicium</span> <span class='ocrx_word' id='word_1_255' title='bbox 868 1880 935 1943; x_wconf 90' lang='lat' dir='ltr'>fiat.</span> <span class='ocrx_word' id='word_1_256' title='bbox 979 1879 1022 1943; x_wconf 93' lang='lat' dir='ltr'>In</span> <span class='ocrx_word' id='word_1_257' title='bbox 1044 1897 1128 1941; x_wconf 89' lang='lat' dir='ltr'>uua·</span> <span class='ocrx_word' id='word_1_258' title='bbox 1180 1877 1316 1962; x_wconf 82' lang='lat' dir='ltr'>angelis.</span> <span class='ocrx_word' id='word_1_259' title='bbox 1360 1877 1434 1944; x_wconf 89' lang='lat' dir='ltr'>Hoc</span> <span class='ocrx_word' id='word_1_260' title='bbox 1455 1899 1569 1948; x_wconf 83' lang='lat' dir='ltr'>omnes</span> <span class='ocrx_word' id='word_1_261' title='bbox 1592 1877 1691 1942; x_wconf 86' lang='lat' dir='ltr'>simul</span> <span class='ocrx_word' id='word_1_262' title='bbox 1713 1879 1882 1961; x_wconf 88' lang='lat' dir='ltr'>accepturi</span> <span class='ocrx_word' id='word_1_263' title='bbox 1909 1900 2034 1945; x_wconf 90' lang='lat' dir='ltr'>sumus.</span> <span class='ocrx_word' id='word_1_264' title='bbox 2079 1880 2167 1947; x_wconf 89' lang='lat' dir='ltr'>Nam</span> 
     </span>
     <span class='ocr_line' id='line_1_20' title="bbox 144 1961 2167 2048; baseline 0.001 -19"><span class='ocrx_word' id='word_1_265' title='bbox 144 1984 272 2047; x_wconf 89' lang='lat' dir='ltr'>quaque</span> <span class='ocrx_word' id='word_1_266' title='bbox 298 1963 454 2048; x_wconf 90' lang='lat' dir='ltr'>parochia</span> <span class='ocrx_word' id='word_1_267' title='bbox 480 1963 602 2030; x_wconf 89' lang='lat' dir='ltr'>festum</span> <span class='ocrx_word' id='word_1_268' title='bbox 630 1965 761 2047; x_wconf 88' lang='lat' dir='ltr'>patroni</span> <span class='ocrx_word' id='word_1_269' title='bbox 784 1964 871 2029; x_wconf 89' lang='lat' dir='ltr'>diem</span> <span class='ocrx_word' id='word_1_270' title='bbox 897 1961 1128 2030; x_wconf 90' lang='lat' dir='ltr'>celebrandum</span> <span class='ocrx_word' id='word_1_271' title='bbox 1180 1963 1342 2046; x_wconf 90' lang='lat' dir='ltr'>requiem,</span> <span class='ocrx_word' id='word_1_272' title='bbox 1381 1984 1466 2047; x_wconf 88' lang='lat' dir='ltr'>quae</span> <span class='ocrx_word' id='word_1_273' title='bbox 1505 1961 1662 2032; x_wconf 91' lang='lat' dir='ltr'>continuo</span> <span class='ocrx_word' id='word_1_274' title='bbox 1702 1973 1777 2048; x_wconf 91' lang='lat' dir='ltr'>post</span> <span class='ocrx_word' id='word_1_275' title='bbox 1808 1973 1950 2030; x_wconf 88' lang='lat' dir='ltr'>mortem</span> <span class='ocrx_word' id='word_1_276' title='bbox 1984 1964 2100 2045; x_wconf 88' lang='lat' dir='ltr'>datur,</span> <span class='ocrx_word' id='word_1_277' title='bbox 2138 1966 2167 2031; x_wconf 87' lang='lat' dir='ltr'>si</span> 
     </span>
     <span class='ocr_line' id='line_1_21' title="bbox 144 2048 2167 2134; baseline 0 -18"><span class='ocrx_word' id='word_1_278' title='bbox 144 2051 364 2134; x_wconf 80' lang='lat' dir='ltr'>praecipiunt:</span> <span class='ocrx_word' id='word_1_279' title='bbox 393 2069 455 2115; x_wconf 87' lang='lat' dir='ltr'>nee</span> <span class='ocrx_word' id='word_1_280' title='bbox 481 2071 519 2115; x_wconf 92' lang='lat' dir='ltr'>eo</span> <span class='ocrx_word' id='word_1_281' title='bbox 547 2052 689 2116; x_wconf 88' lang='lat' dir='ltr'>contenti</span> <span class='ocrx_word' id='word_1_282' title='bbox 717 2066 837 2116; x_wconf 86' lang='lat' dir='ltr'>vocant</span> <span class='ocrx_word' id='word_1_283' title='bbox 864 2049 1049 2134; x_wconf 85' lang='lat' dir='ltr'>singulares</span> <span class='ocrx_word' id='word_1_284' title='bbox 1071 2070 1128 2131; x_wconf 88' lang='lat' dir='ltr'>pa-</span> <span class='ocrx_word' id='word_1_285' title='bbox 1180 2070 1220 2115; x_wconf 91' lang='lat' dir='ltr'>ea</span> <span class='ocrx_word' id='word_1_286' title='bbox 1242 2048 1362 2134; x_wconf 90' lang='lat' dir='ltr'>dignus</span> <span class='ocrx_word' id='word_1_287' title='bbox 1384 2059 1443 2127; x_wconf 86' lang='lat' dir='ltr'>est,</span> <span class='ocrx_word' id='word_1_288' title='bbox 1465 2060 1544 2113; x_wconf 89' lang='lat' dir='ltr'>tunc</span> <span class='ocrx_word' id='word_1_289' title='bbox 1558 2050 1674 2131; x_wconf 87' lang='lat' dir='ltr'>accipit</span> <span class='ocrx_word' id='word_1_290' title='bbox 1687 2050 1834 2133; x_wconf 90' lang='lat' dir='ltr'>quisque,</span> <span class='ocrx_word' id='word_1_291' title='bbox 1856 2072 1958 2133; x_wconf 90' lang='lat' dir='ltr'>quum</span> <span class='ocrx_word' id='word_1_292' title='bbox 1974 2052 2128 2116; x_wconf 88' lang='lat' dir='ltr'>moritur.</span> <span class='ocrx_word' id='word_1_293' title='bbox 2137 2050 2167 2134; x_wconf 87' lang='lat'>²)</span> 
     </span>
     <span class='ocr_line' id='line_1_22' title="bbox 146 2134 2168 2220; baseline 0.001 -19"><span class='ocrx_word' id='word_1_294' title='bbox 146 2144 268 2214; x_wconf 91' lang='lat' dir='ltr'>trenes,</span> <span class='ocrx_word' id='word_1_295' title='bbox 291 2136 409 2217; x_wconf 91' lang='lat' dir='ltr'>quibus</span> <span class='ocrx_word' id='word_1_296' title='bbox 430 2135 485 2200; x_wconf 93' lang='lat' dir='ltr'>hio</span> <span class='ocrx_word' id='word_1_297' title='bbox 507 2135 612 2201; x_wconf 90' lang='lat' dir='ltr'>honor</span> <span class='ocrx_word' id='word_1_298' title='bbox 634 2136 813 2202; x_wconf 89' lang='lat' dir='ltr'>deferatur:</span> <span class='ocrx_word' id='word_1_299' title='bbox 835 2157 937 2220; x_wconf 90' lang='lat' dir='ltr'>quum</span> <span class='ocrx_word' id='word_1_300' title='bbox 950 2136 1029 2201; x_wconf 87' lang='lat' dir='ltr'>satie</span> <span class='ocrx_word' id='word_1_301' title='bbox 1051 2155 1128 2200; x_wconf 91' lang='lat' dir='ltr'>con·</span> <span class='ocrx_word' id='word_1_302' title='bbox 1181 2134 1220 2201; x_wconf 92' lang='lat' dir='ltr'>Si</span> <span class='ocrx_word' id='word_1_303' title='bbox 1242 2157 1310 2200; x_wconf 88' lang='lat' dir='ltr'>una</span> <span class='ocrx_word' id='word_1_304' title='bbox 1331 2135 1483 2200; x_wconf 91' lang='lat' dir='ltr'>omnibus</span> <span class='ocrx_word' id='word_1_305' title='bbox 1509 2144 1560 2199; x_wconf 91' lang='lat' dir='ltr'>est</span> <span class='ocrx_word' id='word_1_306' title='bbox 1580 2137 1724 2218; x_wconf 89' lang='lat' dir='ltr'>requies,</span> <span class='ocrx_word' id='word_1_307' title='bbox 1747 2157 1813 2201; x_wconf 92' lang='lat' dir='ltr'>non</span> <span class='ocrx_word' id='word_1_308' title='bbox 1835 2137 1946 2201; x_wconf 87' lang='lat' dir='ltr'>minus</span> <span class='ocrx_word' id='word_1_309' title='bbox 1966 2157 2027 2219; x_wconf 92' lang='lat' dir='ltr'>pro</span> <span class='ocrx_word' id='word_1_310' title='bbox 2050 2138 2168 2220; x_wconf 90' lang='lat' dir='ltr'>quovis</span> 
     </span>
     <span class='ocr_line' id='line_1_23' title="bbox 146 2219 2167 2307; baseline 0.001 -20"><span class='ocrx_word' id='word_1_311' title='bbox 146 2227 228 2299; x_wconf 90' lang='lat' dir='ltr'>stet,</span> <span class='ocrx_word' id='word_1_312' title='bbox 268 2241 335 2285; x_wconf 92' lang='lat' dir='ltr'>non</span> <span class='ocrx_word' id='word_1_313' title='bbox 374 2221 471 2286; x_wconf 88' lang='lat' dir='ltr'>aliter</span> <span class='ocrx_word' id='word_1_314' title='bbox 504 2221 664 2287; x_wconf 86' lang='lat' dir='ltr'>hactenus</span> <span class='ocrx_word' id='word_1_315' title='bbox 698 2221 825 2288; x_wconf 90' lang='lat' dir='ltr'>habitos</span> <span class='ocrx_word' id='word_1_316' title='bbox 857 2243 928 2288; x_wconf 91' lang='lat' dir='ltr'>esse</span> <span class='ocrx_word' id='word_1_317' title='bbox 961 2228 1127 2305; x_wconf 89' lang='lat' dir='ltr'>patrones,</span> <span class='ocrx_word' id='word_1_318' title='bbox 1181 2241 1224 2286; x_wconf 82' lang='lat' dir='ltr'>ex</span> <span class='ocrx_word' id='word_1_319' title='bbox 1246 2241 1347 2305; x_wconf 85' lang='lat' dir='ltr'>grege</span> <span class='ocrx_word' id='word_1_320' title='bbox 1368 2219 1516 2285; x_wconf 92' lang='lat' dir='ltr'>lidelium</span> <span class='ocrx_word' id='word_1_321' title='bbox 1536 2241 1815 2304; x_wconf 88' lang='lat' dir='ltr'>supervacaneum</span> <span class='ocrx_word' id='word_1_322' title='bbox 1839 2222 1903 2287; x_wconf 89' lang='lat' dir='ltr'>erit</span> <span class='ocrx_word' id='word_1_323' title='bbox 1924 2243 2035 2301; x_wconf 87' lang='lat' dir='ltr'>orare,</span> <span class='ocrx_word' id='word_1_324' title='bbox 2064 2243 2167 2307; x_wconf 86' lang='lat' dir='ltr'>quam</span> 
     </span>
     <span class='ocr_line' id='line_1_24' title="bbox 146 2306 2168 2391; baseline 0.001 -18"><span class='ocrx_word' id='word_1_325' title='bbox 146 2327 246 2391; x_wconf 91' lang='lat' dir='ltr'>quam</span> <span class='ocrx_word' id='word_1_326' title='bbox 268 2306 345 2372; x_wconf 91' lang='lat' dir='ltr'>deos</span> <span class='ocrx_word' id='word_1_327' title='bbox 360 2306 385 2391; x_wconf 91' lang='lat'>¹)</span> <span class='ocrx_word' id='word_1_328' title='bbox 413 2306 585 2372; x_wconf 87' lang='lat' dir='ltr'>tutelares:</span> <span class='ocrx_word' id='word_1_329' title='bbox 615 2329 658 2372; x_wconf 88' lang='lat' dir='ltr'>an</span> <span class='ocrx_word' id='word_1_330' title='bbox 680 2329 747 2373; x_wconf 92' lang='lat' dir='ltr'>non</span> <span class='ocrx_word' id='word_1_331' title='bbox 775 2308 910 2374; x_wconf 89' lang='lat' dir='ltr'>auribus</span> <span class='ocrx_word' id='word_1_332' title='bbox 932 2306 1056 2373; x_wconf 90' lang='lat' dir='ltr'>uostris</span> <span class='ocrx_word' id='word_1_333' title='bbox 1078 2307 1129 2370; x_wconf 92' lang='lat' dir='ltr'>in·</span> <span class='ocrx_word' id='word_1_334' title='bbox 1182 2328 1240 2389; x_wconf 91' lang='lat' dir='ltr'>pro</span> <span class='ocrx_word' id='word_1_335' title='bbox 1268 2306 1376 2373; x_wconf 85' lang='lat' dir='ltr'>Iesaia</span> <span class='ocrx_word' id='word_1_336' title='bbox 1410 2306 1465 2372; x_wconf 92' lang='lat' dir='ltr'>vel</span> <span class='ocrx_word' id='word_1_337' title='bbox 1494 2306 1609 2371; x_wconf 85' lang='lat' dir='ltr'>Paulo.</span> <span class='ocrx_word' id='word_1_338' title='bbox 1653 2308 1773 2390; x_wconf 84' lang='lat' dir='ltr'>Atqui,</span> <span class='ocrx_word' id='word_1_339' title='bbox 1809 2308 1871 2373; x_wconf 88' lang='lat' dir='ltr'>hoe</span> <span class='ocrx_word' id='word_1_340' title='bbox 1899 2308 2065 2390; x_wconf 88' lang='lat' dir='ltr'>posterius</span> <span class='ocrx_word' id='word_1_341' title='bbox 2091 2309 2168 2376; x_wconf 90' lang='lat' dir='ltr'>fieri</span> 
     </span>
     <span class='ocr_line' id='line_1_25' title="bbox 146 2391 2166 2480; baseline 0.001 -22"><span class='ocrx_word' id='word_1_342' title='bbox 146 2413 264 2459; x_wconf 89' lang='lat' dir='ltr'>sonare</span> <span class='ocrx_word' id='word_1_343' title='bbox 286 2391 382 2458; x_wconf 89' lang='lat' dir='ltr'>debet</span> <span class='ocrx_word' id='word_1_344' title='bbox 407 2415 471 2458; x_wconf 78' lang='lat' dir='ltr'>vor</span> <span class='ocrx_word' id='word_1_345' title='bbox 492 2392 550 2458; x_wconf 89' lang='lat' dir='ltr'>illa</span> <span class='ocrx_word' id='word_1_346' title='bbox 571 2393 776 2476; x_wconf 89' lang='lat' dir='ltr'>prophetica:</span> <span class='ocrx_word' id='word_1_347' title='bbox 800 2393 990 2460; x_wconf 88' lang='lat' dir='ltr'>Secundum</span> <span class='ocrx_word' id='word_1_348' title='bbox 1011 2414 1128 2457; x_wconf 91' lang='lat' dir='ltr'>nume·</span> <span class='ocrx_word' id='word_1_349' title='bbox 1182 2392 1309 2471; x_wconf 91' lang='lat' dir='ltr'>debere,</span> <span class='ocrx_word' id='word_1_350' title='bbox 1333 2392 1543 2476; x_wconf 88' lang='lat' dir='ltr'>Augustinus</span> <span class='ocrx_word' id='word_1_351' title='bbox 1552 2395 1580 2475; x_wconf 74' lang='lat'>⁸)</span> <span class='ocrx_word' id='word_1_352' title='bbox 1603 2392 1724 2474; x_wconf 91' lang='lat' dir='ltr'>ubique</span> <span class='ocrx_word' id='word_1_353' title='bbox 1737 2402 1844 2476; x_wconf 87' lang='lat' dir='ltr'>negat.</span> <span class='ocrx_word' id='word_1_354' title='bbox 1881 2392 2042 2477; x_wconf 89' lang='lat' dir='ltr'>Superest</span> <span class='ocrx_word' id='word_1_355' title='bbox 2051 2396 2166 2480; x_wconf 89' lang='lat' dir='ltr'>igitur,</span> 
     </span>
     <span class='ocr_line' id='line_1_26' title="bbox 145 2477 2167 2629; baseline 0.002 -84"><span class='ocrx_word' id='word_1_356' title='bbox 145 2480 515 2545; x_wconf 88' lang='lat' dir='ltr'>rumurbiumtuarum</span> <span class='ocrx_word' id='word_1_357' title='bbox 532 2487 610 2544; x_wconf 90' lang='lat' dir='ltr'>sunt</span> <span class='ocrx_word' id='word_1_358' title='bbox 628 2479 674 2544; x_wconf 91' lang='lat' dir='ltr'>dii</span> <span class='ocrx_word' id='word_1_359' title='bbox 692 2481 740 2544; x_wconf 90' lang='lat' dir='ltr'>tui</span> <span class='ocrx_word' id='word_1_360' title='bbox 763 2480 842 2564; x_wconf 86' lang='lat' dir='ltr'>(Ier.</span> <span class='ocrx_word' id='word_1_361' title='bbox 858 2483 887 2559; x_wconf 81' lang='lat'>2,</span> <span class='ocrx_word' id='word_1_362' title='bbox 902 2478 982 2629; x_wconf 61' lang='grc' dir='ltr'>28ζῖ</span> <span class='ocrx_word' id='word_1_363' title='bbox 1017 2477 1129 2560; x_wconf 78' lang='lat' dir='ltr'>Quam</span> <span class='ocrx_word' id='word_1_364' title='bbox 1181 2492 1220 2545; x_wconf 92' lang='lat' dir='ltr'>ut</span> <span class='ocrx_word' id='word_1_365' title='bbox 1239 2481 1350 2563; x_wconf 81' lang='lat' dir='ltr'>quiete</span> <span class='ocrx_word' id='word_1_366' title='bbox 1372 2500 1442 2558; x_wconf 89' lang='lat' dir='ltr'>sua,</span> <span class='ocrx_word' id='word_1_367' title='bbox 1469 2478 1681 2561; x_wconf 90' lang='lat' dir='ltr'>ultraquam</span> <span class='ocrx_word' id='word_1_368' title='bbox 1703 2478 1789 2543; x_wconf 88' lang='lat' dir='ltr'>nihil</span> <span class='ocrx_word' id='word_1_369' title='bbox 1809 2501 1900 2546; x_wconf 91' lang='lat' dir='ltr'>nunc</span> <span class='ocrx_word' id='word_1_370' title='bbox 1918 2481 2038 2547; x_wconf 90' lang='lat' dir='ltr'>melius</span> <span class='ocrx_word' id='word_1_371' title='bbox 2060 2483 2167 2564; x_wconf 82' lang='lat' dir='ltr'>opteri</span> 
     </span>
     <span class='ocr_line' id='line_1_27' title="bbox 144 2563 2168 2651; baseline 0.002 -21"><span class='ocrx_word' id='word_1_372' title='bbox 144 2565 250 2650; x_wconf 87' lang='lat' dir='ltr'>igitur</span> <span class='ocrx_word' id='word_1_373' title='bbox 268 2563 363 2630; x_wconf 89' lang='lat' dir='ltr'>foeda</span> <span class='ocrx_word' id='word_1_374' title='bbox 386 2565 451 2629; x_wconf 92' lang='lat' dir='ltr'>erit</span> <span class='ocrx_word' id='word_1_375' title='bbox 472 2573 586 2630; x_wconf 89' lang='lat' dir='ltr'>nostra</span> <span class='ocrx_word' id='word_1_376' title='bbox 606 2564 829 2649; x_wconf 88' lang='lat' dir='ltr'>ingratitudo,</span> <span class='ocrx_word' id='word_1_377' title='bbox 858 2565 886 2632; x_wconf 94' lang='lat' dir='ltr'>si</span> <span class='ocrx_word' id='word_1_378' title='bbox 904 2586 940 2630; x_wconf 90' lang='lat' dir='ltr'>re</span> <span class='ocrx_word' id='word_1_379' title='bbox 957 2565 1017 2631; x_wconf 88' lang='lat' dir='ltr'>&#39;cto</span> <span class='ocrx_word' id='word_1_380' title='bbox 1039 2565 1128 2631; x_wconf 89' lang='lat' dir='ltr'>vitae</span> <span class='ocrx_word' id='word_1_381' title='bbox 1180 2565 1246 2631; x_wconf 89' lang='lat' dir='ltr'>illis</span> <span class='ocrx_word' id='word_1_382' title='bbox 1265 2573 1383 2648; x_wconf 88' lang='lat' dir='ltr'>potest,</span> <span class='ocrx_word' id='word_1_383' title='bbox 1407 2565 1553 2630; x_wconf 91' lang='lat' dir='ltr'>sinamus</span> <span class='ocrx_word' id='word_1_384' title='bbox 1571 2585 1626 2629; x_wconf 91' lang='lat' dir='ltr'>eos</span> <span class='ocrx_word' id='word_1_385' title='bbox 1646 2563 1722 2643; x_wconf 89' lang='lat' dir='ltr'>frui,</span> <span class='ocrx_word' id='word_1_386' title='bbox 1741 2586 1802 2631; x_wconf 91' lang='lat' dir='ltr'>nec</span> <span class='ocrx_word' id='word_1_387' title='bbox 1814 2566 1878 2630; x_wconf 90' lang='lat' dir='ltr'>Dei</span> <span class='ocrx_word' id='word_1_388' title='bbox 1891 2567 2025 2632; x_wconf 90' lang='lat' dir='ltr'>nomine</span> <span class='ocrx_word' id='word_1_389' title='bbox 2042 2567 2079 2632; x_wconf 93' lang='lat' dir='ltr'>in</span> <span class='ocrx_word' id='word_1_390' title='bbox 2092 2589 2168 2651; x_wconf 86' lang='lat' dir='ltr'>pre·</span> 
     </span>
     <span class='ocr_line' id='line_1_28' title="bbox 145 2649 2167 2736; baseline 0.002 -20"><span class='ocrx_word' id='word_1_391' title='bbox 145 2652 235 2717; x_wconf 84' lang='lat' dir='ltr'>fonte</span> <span class='ocrx_word' id='word_1_392' title='bbox 257 2651 340 2716; x_wconf 84' lang='lat' dir='ltr'>tales</span> <span class='ocrx_word' id='word_1_393' title='bbox 361 2650 457 2716; x_wconf 90' lang='lat' dir='ltr'>nobis</span> <span class='ocrx_word' id='word_1_394' title='bbox 478 2650 641 2716; x_wconf 90' lang='lat' dir='ltr'>fodiamus</span> <span class='ocrx_word' id='word_1_395' title='bbox 663 2651 844 2717; x_wconf 82' lang='lat' dir='ltr'>cisternas?</span> <span class='ocrx_word' id='word_1_396' title='bbox 889 2649 929 2717; x_wconf 90' lang='lat' dir='ltr'>Si</span> <span class='ocrx_word' id='word_1_397' title='bbox 950 2651 1036 2717; x_wconf 90' lang='lat' dir='ltr'>solos</span> <span class='ocrx_word' id='word_1_398' title='bbox 1054 2671 1129 2733; x_wconf 89' lang='lat' dir='ltr'>pro-</span> <span class='ocrx_word' id='word_1_399' title='bbox 1180 2651 1272 2718; x_wconf 90' lang='lat' dir='ltr'>eibns</span> <span class='ocrx_word' id='word_1_400' title='bbox 1294 2672 1362 2715; x_wconf 91' lang='lat' dir='ltr'>non</span> <span class='ocrx_word' id='word_1_401' title='bbox 1383 2650 1540 2734; x_wconf 84' lang='lat' dir='ltr'>legitimis</span> <span class='ocrx_word' id='word_1_402' title='bbox 1563 2651 1746 2715; x_wconf 84' lang='lat' dir='ltr'>abutamur.</span> <span class='ocrx_word' id='word_1_403' title='bbox 1792 2649 2016 2718; x_wconf 75' lang='lat' dir='ltr'>Traditionem</span> <span class='ocrx_word' id='word_1_404' title='bbox 2036 2664 2167 2736; x_wconf 86' lang='lat' dir='ltr'>aposto·</span> 
     </span>
     <span class='ocr_line' id='line_1_29' title="bbox 145 2735 2166 2823; baseline 0.003 -22"><span class='ocrx_word' id='word_1_405' title='bbox 145 2735 263 2822; x_wconf 91' lang='lat' dir='ltr'>phetas</span> <span class='ocrx_word' id='word_1_406' title='bbox 296 2746 329 2802; x_wconf 90' lang='lat' dir='ltr'>et</span> <span class='ocrx_word' id='word_1_407' title='bbox 361 2735 526 2818; x_wconf 89' lang='lat' dir='ltr'>apostolos</span> <span class='ocrx_word' id='word_1_408' title='bbox 559 2735 738 2802; x_wconf 87' lang='lat' dir='ltr'>eveherent</span> <span class='ocrx_word' id='word_1_409' title='bbox 771 2736 813 2802; x_wconf 88' lang='lat' dir='ltr'>ad</span> <span class='ocrx_word' id='word_1_410' title='bbox 842 2737 930 2803; x_wconf 91' lang='lat' dir='ltr'>hunc</span> <span class='ocrx_word' id='word_1_411' title='bbox 959 2738 1127 2815; x_wconf 89' lang='lat' dir='ltr'>honorem,</span> <span class='ocrx_word' id='word_1_412' title='bbox 1180 2737 1278 2803; x_wconf 91' lang='lat' dir='ltr'>licam</span> <span class='ocrx_word' id='word_1_413' title='bbox 1300 2736 1497 2802; x_wconf 87' lang='lat' dir='ltr'>mediatores</span> <span class='ocrx_word' id='word_1_414' title='bbox 1518 2757 1589 2801; x_wconf 91' lang='lat' dir='ltr'>esse</span> <span class='ocrx_word' id='word_1_415' title='bbox 1610 2736 1740 2801; x_wconf 91' lang='lat' dir='ltr'>volunt:</span> <span class='ocrx_word' id='word_1_416' title='bbox 1764 2735 1861 2819; x_wconf 91' lang='lat' dir='ltr'>idque</span> <span class='ocrx_word' id='word_1_417' title='bbox 1883 2736 2077 2823; x_wconf 81' lang='lat' dir='ltr'>Dionysii⁴)</span> <span class='ocrx_word' id='word_1_418' title='bbox 2100 2750 2166 2807; x_wconf 84' lang='lat' dir='ltr'>tes-</span> 
     </span>
     <span class='ocr_line' id='line_1_30' title="bbox 145 2821 2167 2906; baseline 0.001 -17"><span class='ocrx_word' id='word_1_419' title='bbox 145 2823 265 2891; x_wconf 81' lang='lat' dir='ltr'>teriter</span> <span class='ocrx_word' id='word_1_420' title='bbox 286 2821 489 2887; x_wconf 87' lang='lat' dir='ltr'>intercedere</span> <span class='ocrx_word' id='word_1_421' title='bbox 518 2822 662 2899; x_wconf 83' lang='lat' dir='ltr'>deceret,</span> <span class='ocrx_word' id='word_1_422' title='bbox 692 2845 736 2888; x_wconf 92' lang='lat' dir='ltr'>ne</span> <span class='ocrx_word' id='word_1_423' title='bbox 765 2845 807 2889; x_wconf 84' lang='lat' dir='ltr'>ex</span> <span class='ocrx_word' id='word_1_424' title='bbox 835 2824 957 2889; x_wconf 87' lang='lat' dir='ltr'>sanctis</span> <span class='ocrx_word' id='word_1_425' title='bbox 978 2821 1044 2887; x_wconf 92' lang='lat' dir='ltr'>Dei</span> <span class='ocrx_word' id='word_1_426' title='bbox 1065 2823 1128 2886; x_wconf 91' lang='lat' dir='ltr'>mi-</span> <span class='ocrx_word' id='word_1_427' title='bbox 1180 2824 1317 2888; x_wconf 90' lang='lat' dir='ltr'>timonio</span> <span class='ocrx_word' id='word_1_428' title='bbox 1345 2824 1494 2906; x_wconf 86' lang='lat' dir='ltr'>probant</span> <span class='ocrx_word' id='word_1_429' title='bbox 1538 2822 1659 2899; x_wconf 90' lang='lat' dir='ltr'>Porro,</span> <span class='ocrx_word' id='word_1_430' title='bbox 1688 2823 1724 2885; x_wconf 91' lang='lat' dir='ltr'>iu</span> <span class='ocrx_word' id='word_1_431' title='bbox 1750 2823 1928 2888; x_wconf 85' lang='lat' dir='ltr'>recitandis</span> <span class='ocrx_word' id='word_1_432' title='bbox 1956 2825 2026 2889; x_wconf 91' lang='lat' dir='ltr'>eius</span> <span class='ocrx_word' id='word_1_433' title='bbox 2055 2826 2167 2893; x_wconf 88' lang='lat' dir='ltr'>verbis</span> 
     </span>
     <span class='ocr_line' id='line_1_31' title="bbox 145 2907 2166 2993; baseline 0.001 -18"><span class='ocrx_word' id='word_1_434' title='bbox 145 2909 260 2976; x_wconf 88' lang='lat' dir='ltr'>nistris</span> <span class='ocrx_word' id='word_1_435' title='bbox 282 2907 372 2973; x_wconf 92' lang='lat' dir='ltr'>idola</span> <span class='ocrx_word' id='word_1_436' title='bbox 394 2909 524 2973; x_wconf 90' lang='lat' dir='ltr'>fierent:</span> <span class='ocrx_word' id='word_1_437' title='bbox 544 2930 634 2975; x_wconf 91' lang='lat' dir='ltr'>nune</span> <span class='ocrx_word' id='word_1_438' title='bbox 652 2907 694 2974; x_wconf 90' lang='lat' dir='ltr'>ad</span> <span class='ocrx_word' id='word_1_439' title='bbox 707 2909 792 2975; x_wconf 93' lang='lat' dir='ltr'>hane</span> <span class='ocrx_word' id='word_1_440' title='bbox 810 2909 1013 2992; x_wconf 87' lang='lat' dir='ltr'>impietatem</span> <span class='ocrx_word' id='word_1_441' title='bbox 1037 2927 1128 2974; x_wconf 88' lang='lat' dir='ltr'>acee-</span> <span class='ocrx_word' id='word_1_442' title='bbox 1180 2909 1405 2993; x_wconf 89' lang='lat' dir='ltr'>apostolorum</span> <span class='ocrx_word' id='word_1_443' title='bbox 1417 2929 1539 2974; x_wconf 92' lang='lat' dir='ltr'>nomen</span> <span class='ocrx_word' id='word_1_444' title='bbox 1561 2909 1609 2973; x_wconf 89' lang='lat' dir='ltr'>ita</span> <span class='ocrx_word' id='word_1_445' title='bbox 1620 2908 1736 2973; x_wconf 88' lang='lat' dir='ltr'>furtim</span> <span class='ocrx_word' id='word_1_446' title='bbox 1757 2914 1831 2987; x_wconf 81' lang='lat' dir='ltr'>[pag.</span> <span class='ocrx_word' id='word_1_447' title='bbox 1853 2912 1926 2988; x_wconf 83' lang='lat'>176]</span> <span class='ocrx_word' id='word_1_448' title='bbox 1949 2911 2166 2991; x_wconf 88' lang='lat' dir='ltr'>interserunt,</span> 
     </span>
     <span class='ocr_line' id='line_1_32' title="bbox 146 2993 2167 3078; baseline 0.002 -17"><span class='ocrx_word' id='word_1_449' title='bbox 146 2994 196 3061; x_wconf 91' lang='lat' dir='ltr'>dit</span> <span class='ocrx_word' id='word_1_450' title='bbox 221 2994 322 3061; x_wconf 87' lang='lat' dir='ltr'>nimis</span> <span class='ocrx_word' id='word_1_451' title='bbox 348 2993 475 3059; x_wconf 88' lang='lat' dir='ltr'>insulsa</span> <span class='ocrx_word' id='word_1_452' title='bbox 501 2993 701 3061; x_wconf 85' lang='lat' dir='ltr'>absurditas:</span> <span class='ocrx_word' id='word_1_453' title='bbox 731 2993 929 3078; x_wconf 87' lang='lat' dir='ltr'>quibuslibet</span> <span class='ocrx_word' id='word_1_454' title='bbox 960 2995 1049 3060; x_wconf 90' lang='lat' dir='ltr'>enim</span> <span class='ocrx_word' id='word_1_455' title='bbox 1071 3013 1128 3076; x_wconf 87' lang='lat' dir='ltr'>pa·</span> <span class='ocrx_word' id='word_1_456' title='bbox 1181 3007 1218 3061; x_wconf 88' lang='lat' dir='ltr'>ut</span> <span class='ocrx_word' id='word_1_457' title='bbox 1246 2995 1401 3061; x_wconf 91' lang='lat' dir='ltr'>videatur</span> <span class='ocrx_word' id='word_1_458' title='bbox 1429 2993 1470 3059; x_wconf 91' lang='lat' dir='ltr'>ab</span> <span class='ocrx_word' id='word_1_459' title='bbox 1497 2995 1570 3078; x_wconf 89' lang='lat' dir='ltr'>ipso</span> <span class='ocrx_word' id='word_1_460' title='bbox 1597 2995 1748 3075; x_wconf 88' lang='lat' dir='ltr'>positum.</span> <span class='ocrx_word' id='word_1_461' title='bbox 1796 2995 1911 3078; x_wconf 90' lang='lat' dir='ltr'>Atqui,</span> <span class='ocrx_word' id='word_1_462' title='bbox 1939 2993 2069 3063; x_wconf 88' lang='lat' dir='ltr'>divinos</span> <span class='ocrx_word' id='word_1_463' title='bbox 2098 2998 2167 3066; x_wconf 91' lang='lat' dir='ltr'>illio</span> 
     </span>
     <span class='ocr_line' id='line_1_33' title="bbox 144 3078 2167 3165; baseline 0.002 -18"><span class='ocrx_word' id='word_1_464' title='bbox 144 3081 248 3147; x_wconf 89' lang='lat' dir='ltr'>tronis</span> <span class='ocrx_word' id='word_1_465' title='bbox 269 3099 347 3146; x_wconf 89' lang='lat' dir='ltr'>suos</span> <span class='ocrx_word' id='word_1_466' title='bbox 369 3078 438 3145; x_wconf 87' lang='lat' dir='ltr'>dies</span> <span class='ocrx_word' id='word_1_467' title='bbox 459 3081 559 3146; x_wconf 87' lang='lat' dir='ltr'>festos</span> <span class='ocrx_word' id='word_1_468' title='bbox 581 3080 761 3165; x_wconf 89' lang='lat' dir='ltr'>assignant</span> <span class='ocrx_word' id='word_1_469' title='bbox 806 3082 916 3147; x_wconf 85' lang='lat' dir='ltr'>Multa</span> <span class='ocrx_word' id='word_1_470' title='bbox 937 3101 1034 3164; x_wconf 89' lang='lat' dir='ltr'>porro</span> <span class='ocrx_word' id='word_1_471' title='bbox 1052 3087 1130 3145; x_wconf 90' lang='lat' dir='ltr'>sunt</span> <span class='ocrx_word' id='word_1_472' title='bbox 1180 3081 1279 3148; x_wconf 89' lang='lat' dir='ltr'>duces</span> <span class='ocrx_word' id='word_1_473' title='bbox 1301 3081 1460 3160; x_wconf 88' lang='lat' dir='ltr'>nominat,</span> <span class='ocrx_word' id='word_1_474' title='bbox 1490 3101 1571 3163; x_wconf 92' lang='lat' dir='ltr'>quoe</span> <span class='ocrx_word' id='word_1_475' title='bbox 1592 3079 1730 3145; x_wconf 90' lang='lat' dir='ltr'>subinde</span> <span class='ocrx_word' id='word_1_476' title='bbox 1752 3087 1848 3146; x_wconf 90' lang='lat' dir='ltr'>vocat</span> <span class='ocrx_word' id='word_1_477' title='bbox 1867 3083 2052 3165; x_wconf 86' lang='lat' dir='ltr'>magistros.</span> <span class='ocrx_word' id='word_1_478' title='bbox 2098 3086 2167 3152; x_wconf 91' lang='lat' dir='ltr'>De·</span> 
     </span>
    </p>
   </div>
   <div class='ocr_carea' id='block_1_4' title="bbox 34 3164 2168 3251">
    <p class='ocr_par' dir='ltr' id='par_1_4' title="bbox 34 3164 2168 3251">
     <span class='ocr_line' id='line_1_34' title="bbox 34 3164 2168 3251; baseline 0 -14"><span class='ocrx_word' id='word_1_479' title='bbox 34 3230 37 3237; x_wconf 91' lang='lat'>.</span> <span class='ocrx_word' id='word_1_480' title='bbox 145 3166 271 3251; x_wconf 90' lang='lat' dir='ltr'>templa</span> <span class='ocrx_word' id='word_1_481' title='bbox 292 3166 495 3232; x_wconf 83' lang='lat' dir='ltr'>Ostharinee</span> <span class='ocrx_word' id='word_1_482' title='bbox 516 3165 633 3245; x_wconf 87' lang='lat' dir='ltr'>dicata,</span> <span class='ocrx_word' id='word_1_483' title='bbox 655 3166 709 3233; x_wconf 95' lang='lat' dir='ltr'>vel</span> <span class='ocrx_word' id='word_1_484' title='bbox 722 3167 968 3251; x_wconf 78' lang='lat' dir='ltr'>Christophcro,</span> <span class='ocrx_word' id='word_1_485' title='bbox 991 3165 1043 3232; x_wconf 93' lang='lat' dir='ltr'>vel</span> <span class='ocrx_word' id='word_1_486' title='bbox 1055 3165 1128 3231; x_wconf 89' lang='lat' dir='ltr'>aliis</span> <span class='ocrx_word' id='word_1_487' title='bbox 1179 3168 1268 3246; x_wconf 90' lang='lat' dir='ltr'>inde,</span> <span class='ocrx_word' id='word_1_488' title='bbox 1290 3167 1386 3251; x_wconf 90' lang='lat' dir='ltr'>quasi</span> <span class='ocrx_word' id='word_1_489' title='bbox 1407 3165 1518 3233; x_wconf 91' lang='lat' dir='ltr'>oeulos</span> <span class='ocrx_word' id='word_1_490' title='bbox 1536 3164 1659 3230; x_wconf 90' lang='lat' dir='ltr'>mundo</span> <span class='ocrx_word' id='word_1_491' title='bbox 1673 3166 1879 3244; x_wconf 83' lang='lat' dir='ltr'>confixerint,</span> <span class='ocrx_word' id='word_1_492' title='bbox 1902 3168 2168 3251; x_wconf 86' lang='lat' dir='ltr'>epitheteAreo·</span> 
     </span>
    </p>
   </div>
   <div class='ocr_carea' id='block_1_5' title="bbox 143 3250 2170 4623">
    <p class='ocr_par' dir='ltr' id='par_1_5' title="bbox 143 3250 2170 4518">
     <span class='ocr_line' id='line_1_35' title="bbox 144 3250 2167 3355; baseline 0.003 -37"><span class='ocrx_word' id='word_1_493' title='bbox 144 3253 271 3319; x_wconf 72' lang='lat' dir='ltr'>ficetis</span> <span class='ocrx_word' id='word_1_494' title='bbox 298 3252 497 3318; x_wconf 90' lang='lat' dir='ltr'>nominibus.</span> <span class='ocrx_word' id='word_1_495' title='bbox 506 3252 534 3332; x_wconf 83' lang='lat'>²)</span> <span class='ocrx_word' id='word_1_496' title='bbox 586 3251 787 3319; x_wconf 80' lang='lat' dir='ltr'>Gatharinae</span> <span class='ocrx_word' id='word_1_497' title='bbox 814 3261 872 3318; x_wconf 87' lang='lat' dir='ltr'>aut</span> <span class='ocrx_word' id='word_1_498' title='bbox 898 3251 1129 3335; x_wconf 86' lang='lat' dir='ltr'>Ohristophori</span> <span class='ocrx_word' id='word_1_499' title='bbox 1180 3254 1311 3337; x_wconf 90' lang='lat' dir='ltr'>pagitae</span> <span class='ocrx_word' id='word_1_500' title='bbox 1333 3263 1454 3319; x_wconf 88' lang='lat' dir='ltr'>ornant</span> <span class='ocrx_word' id='word_1_501' title='bbox 1474 3273 1571 3318; x_wconf 90' lang='lat' dir='ltr'>suum</span> <span class='ocrx_word' id='word_1_502' title='bbox 1594 3251 1802 3334; x_wconf 88' lang='lat' dir='ltr'>Dionysium.</span> <span class='ocrx_word' id='word_1_503' title='bbox 1846 3250 1900 3318; x_wconf 91' lang='lat' dir='ltr'>De</span> <span class='ocrx_word' id='word_1_504' title='bbox 1922 3255 2167 3355; x_wconf 79' lang='lat' dir='ltr'>Areopagita³)</span> 
     </span>
     <span class='ocr_line' id='line_1_36' title="bbox 144 3337 2168 3421; baseline 0.002 -17"><span class='ocrx_word' id='word_1_505' title='bbox 144 3337 306 3421; x_wconf 86' lang='lat' dir='ltr'>precibus,</span> <span class='ocrx_word' id='word_1_506' title='bbox 330 3346 368 3402; x_wconf 89' lang='lat' dir='ltr'>ut</span> <span class='ocrx_word' id='word_1_507' title='bbox 387 3339 522 3404; x_wconf 91' lang='lat' dir='ltr'>iuvetur</span> <span class='ocrx_word' id='word_1_508' title='bbox 542 3338 747 3421; x_wconf 89' lang='lat' dir='ltr'>plebshuiue</span> <span class='ocrx_word' id='word_1_509' title='bbox 768 3340 839 3419; x_wconf 92' lang='lat' dir='ltr'>loci,</span> <span class='ocrx_word' id='word_1_510' title='bbox 863 3338 1128 3420; x_wconf 88' lang='lat' dir='ltr'>aDominopos·</span> <span class='ocrx_word' id='word_1_511' title='bbox 1180 3339 1345 3405; x_wconf 80' lang='lat' dir='ltr'>Eusebius</span> <span class='ocrx_word' id='word_1_512' title='bbox 1383 3339 1555 3421; x_wconf 86' lang='lat' dir='ltr'>aliquoties</span> <span class='ocrx_word' id='word_1_513' title='bbox 1595 3339 1762 3403; x_wconf 85' lang='lat' dir='ltr'>meminit:</span> <span class='ocrx_word' id='word_1_514' title='bbox 1806 3359 1906 3421; x_wconf 91' lang='lat' dir='ltr'>quem</span> <span class='ocrx_word' id='word_1_515' title='bbox 1944 3341 2168 3410; x_wconf 84' lang='lat' dir='ltr'>Athamensie</span> 
     </span>
     <span class='ocr_line' id='line_1_37' title="bbox 145 3423 2168 3511; baseline 0.004 -24"><span class='ocrx_word' id='word_1_516' title='bbox 145 3423 279 3488; x_wconf 88' lang='lat' dir='ltr'>tulabit.</span> <span class='ocrx_word' id='word_1_517' title='bbox 321 3423 417 3488; x_wconf 90' lang='lat' dir='ltr'>Itane</span> <span class='ocrx_word' id='word_1_518' title='bbox 447 3445 523 3489; x_wconf 90' lang='lat' dir='ltr'>eum</span> <span class='ocrx_word' id='word_1_519' title='bbox 545 3425 618 3490; x_wconf 91' lang='lat' dir='ltr'>Deo</span> <span class='ocrx_word' id='word_1_520' title='bbox 642 3424 794 3506; x_wconf 90' lang='lat' dir='ltr'>ludetur,</span> <span class='ocrx_word' id='word_1_521' title='bbox 822 3435 859 3490; x_wconf 91' lang='lat' dir='ltr'>ut</span> <span class='ocrx_word' id='word_1_522' title='bbox 879 3426 937 3509; x_wconf 90' lang='lat' dir='ltr'>qui</span> <span class='ocrx_word' id='word_1_523' title='bbox 958 3424 1043 3490; x_wconf 92' lang='lat' dir='ltr'>nulli</span> <span class='ocrx_word' id='word_1_524' title='bbox 1065 3446 1128 3489; x_wconf 93' lang='lat' dir='ltr'>un·</span> <span class='ocrx_word' id='word_1_525' title='bbox 1180 3425 1336 3491; x_wconf 90' lang='lat' dir='ltr'>ecelesiae</span> <span class='ocrx_word' id='word_1_526' title='bbox 1356 3426 1503 3508; x_wconf 91' lang='lat' dir='ltr'>primum</span> <span class='ocrx_word' id='word_1_527' title='bbox 1524 3423 1626 3489; x_wconf 90' lang='lat' dir='ltr'>fuisse</span> <span class='ocrx_word' id='word_1_528' title='bbox 1648 3424 1838 3508; x_wconf 89' lang='lat' dir='ltr'>episcopum</span> <span class='ocrx_word' id='word_1_529' title='bbox 1867 3424 1960 3491; x_wconf 90' lang='lat' dir='ltr'>dicit:</span> <span class='ocrx_word' id='word_1_530' title='bbox 1991 3433 2091 3511; x_wconf 88' lang='lat' dir='ltr'>atque</span> <span class='ocrx_word' id='word_1_531' title='bbox 2119 3430 2168 3495; x_wconf 86' lang='lat' dir='ltr'>ita</span> 
     </span>
     <span class='ocr_line' id='line_1_38' title="bbox 145 3507 2170 3598; baseline 0.003 -24"><span class='ocrx_word' id='word_1_532' title='bbox 145 3528 245 3592; x_wconf 91' lang='lat' dir='ltr'>quam</span> <span class='ocrx_word' id='word_1_533' title='bbox 265 3510 401 3573; x_wconf 87' lang='lat' dir='ltr'>fuerunt</span> <span class='ocrx_word' id='word_1_534' title='bbox 422 3507 641 3575; x_wconf 90' lang='lat' dir='ltr'>obtrudantur</span> <span class='ocrx_word' id='word_1_535' title='bbox 660 3510 701 3576; x_wconf 89' lang='lat' dir='ltr'>ad</span> <span class='ocrx_word' id='word_1_536' title='bbox 719 3510 831 3577; x_wconf 92' lang='lat' dir='ltr'>Deum</span> <span class='ocrx_word' id='word_1_537' title='bbox 848 3509 1051 3577; x_wconf 84' lang='lat' dir='ltr'>exorandum</span> <span class='ocrx_word' id='word_1_538' title='bbox 1069 3530 1128 3592; x_wconf 90' lang='lat' dir='ltr'>pa·</span> <span class='ocrx_word' id='word_1_539' title='bbox 1181 3509 1342 3577; x_wconf 89' lang='lat' dir='ltr'>traditum</span> <span class='ocrx_word' id='word_1_540' title='bbox 1365 3532 1384 3575; x_wconf 89' lang='lat' dir='ltr'>a</span> <span class='ocrx_word' id='word_1_541' title='bbox 1407 3510 1569 3593; x_wconf 92' lang='lat' dir='ltr'>Dionysio</span> <span class='ocrx_word' id='word_1_542' title='bbox 1587 3508 1816 3575; x_wconf 84' lang='lat' dir='ltr'>Alexandrino</span> <span class='ocrx_word' id='word_1_543' title='bbox 1839 3511 1947 3576; x_wconf 88' lang='lat' dir='ltr'>refert.</span> <span class='ocrx_word' id='word_1_544' title='bbox 1982 3510 2051 3578; x_wconf 91' lang='lat' dir='ltr'>Sed</span> <span class='ocrx_word' id='word_1_545' title='bbox 2073 3515 2170 3598; x_wconf 91' lang='lat' dir='ltr'>quid·</span> 
     </span>
     <span class='ocr_line' id='line_1_39' title="bbox 145 3593 2167 3681; baseline 0.004 -21"><span class='ocrx_word' id='word_1_546' title='bbox 145 3593 258 3660; x_wconf 88' lang='lat' dir='ltr'>troni?</span> <span class='ocrx_word' id='word_1_547' title='bbox 303 3593 438 3660; x_wconf 73' lang='lat' dir='ltr'>Talibus</span> <span class='ocrx_word' id='word_1_548' title='bbox 466 3596 623 3660; x_wconf 88' lang='lat' dir='ltr'>monstris</span> <span class='ocrx_word' id='word_1_549' title='bbox 651 3597 709 3679; x_wconf 92' lang='lat' dir='ltr'>qui</span> <span class='ocrx_word' id='word_1_550' title='bbox 736 3597 880 3662; x_wconf 87' lang='lat' dir='ltr'>fomenta</span> <span class='ocrx_word' id='word_1_551' title='bbox 907 3595 1127 3679; x_wconf 88' lang='lat' dir='ltr'>suppeditant,</span> <span class='ocrx_word' id='word_1_552' title='bbox 1179 3618 1280 3680; x_wconf 89' lang='lat' dir='ltr'>quam</span> <span class='ocrx_word' id='word_1_553' title='bbox 1297 3597 1337 3662; x_wconf 89' lang='lat' dir='ltr'>ab</span> <span class='ocrx_word' id='word_1_554' title='bbox 1356 3617 1393 3661; x_wconf 92' lang='lat' dir='ltr'>eo</span> <span class='ocrx_word' id='word_1_555' title='bbox 1412 3596 1518 3661; x_wconf 91' lang='lat' dir='ltr'>literis</span> <span class='ocrx_word' id='word_1_556' title='bbox 1536 3594 1738 3674; x_wconf 87' lang='lat' dir='ltr'>mandatum,</span> <span class='ocrx_word' id='word_1_557' title='bbox 1761 3596 1932 3662; x_wconf 90' lang='lat' dir='ltr'>noudieit:</span> <span class='ocrx_word' id='word_1_558' title='bbox 1956 3597 2043 3681; x_wconf 91' lang='lat' dir='ltr'>quod</span> <span class='ocrx_word' id='word_1_559' title='bbox 2063 3611 2167 3681; x_wconf 87' lang='lat' dir='ltr'>eerte,</span> 
     </span>
     <span class='ocr_line' id='line_1_40' title="bbox 146 3679 2169 3770; baseline 0.005 -25"><span class='ocrx_word' id='word_1_560' title='bbox 146 3687 324 3765; x_wconf 88' lang='lat' dir='ltr'>gustumne</span> <span class='ocrx_word' id='word_1_561' title='bbox 353 3679 495 3762; x_wconf 89' lang='lat' dir='ltr'>aliquem</span> <span class='ocrx_word' id='word_1_562' title='bbox 523 3701 668 3762; x_wconf 90' lang='lat' dir='ltr'>unquam</span> <span class='ocrx_word' id='word_1_563' title='bbox 695 3682 849 3747; x_wconf 89' lang='lat' dir='ltr'>habuisse</span> <span class='ocrx_word' id='word_1_564' title='bbox 876 3681 1030 3747; x_wconf 91' lang='lat' dir='ltr'>credendi</span> <span class='ocrx_word' id='word_1_565' title='bbox 1051 3689 1129 3746; x_wconf 92' lang='lat' dir='ltr'>sunt</span> <span class='ocrx_word' id='word_1_566' title='bbox 1180 3684 1209 3748; x_wconf 93' lang='lat' dir='ltr'>si</span> <span class='ocrx_word' id='word_1_567' title='bbox 1230 3683 1347 3748; x_wconf 84' lang='lat' dir='ltr'>fuisset</span> <span class='ocrx_word' id='word_1_568' title='bbox 1369 3702 1496 3758; x_wconf 86' lang='lat' dir='ltr'>verum,</span> <span class='ocrx_word' id='word_1_569' title='bbox 1518 3702 1585 3746; x_wconf 93' lang='lat' dir='ltr'>non</span> <span class='ocrx_word' id='word_1_570' title='bbox 1607 3690 1679 3745; x_wconf 85' lang='lat' dir='ltr'>erat</span> <span class='ocrx_word' id='word_1_571' title='bbox 1698 3683 1888 3748; x_wconf 90' lang='lat' dir='ltr'>emissurus.</span> <span class='ocrx_word' id='word_1_572' title='bbox 1932 3684 2169 3770; x_wconf 86' lang='lat' dir='ltr'>Hieronymus</span> 
     </span>
     <span class='ocr_line' id='line_1_41' title="bbox 145 3764 2170 3850; baseline 0.003 -16"><span class='ocrx_word' id='word_1_573' title='bbox 145 3766 251 3834; x_wconf 90' lang='lat' dir='ltr'>seriae</span> <span class='ocrx_word' id='word_1_574' title='bbox 273 3765 485 3847; x_wconf 89' lang='lat' dir='ltr'>sinceraeque</span> <span class='ocrx_word' id='word_1_575' title='bbox 506 3764 571 3830; x_wconf 93' lang='lat' dir='ltr'>Dei</span> <span class='ocrx_word' id='word_1_576' title='bbox 593 3765 831 3832; x_wconf 80' lang='lat' dir='ltr'>invocationis?</span> <span class='ocrx_word' id='word_1_577' title='bbox 866 3765 992 3833; x_wconf 90' lang='lat' dir='ltr'>Omitto</span> <span class='ocrx_word' id='word_1_578' title='bbox 1011 3765 1128 3830; x_wconf 82' lang='lat' dir='ltr'>Douri-</span> <span class='ocrx_word' id='word_1_579' title='bbox 1181 3788 1274 3844; x_wconf 90' lang='lat' dir='ltr'>vero,</span> <span class='ocrx_word' id='word_1_580' title='bbox 1303 3768 1338 3831; x_wconf 92' lang='lat' dir='ltr'>in</span> <span class='ocrx_word' id='word_1_581' title='bbox 1361 3765 1584 3848; x_wconf 87' lang='lat' dir='ltr'>Scriptoribus</span> <span class='ocrx_word' id='word_1_582' title='bbox 1607 3767 1882 3850; x_wconf 81' lang='lat' dir='ltr'>ecelesiasticis,⁶)</span> <span class='ocrx_word' id='word_1_583' title='bbox 1905 3769 1987 3834; x_wconf 91' lang='lat' dir='ltr'>duos</span> <span class='ocrx_word' id='word_1_584' title='bbox 2009 3784 2170 3839; x_wconf 91' lang='lat' dir='ltr'>numerat</span> 
     </span>
     <span class='ocr_line' id='line_1_42' title="bbox 145 3850 2169 3936; baseline 0.003 -17"><span class='ocrx_word' id='word_1_585' title='bbox 145 3855 257 3919; x_wconf 89' lang='lat' dir='ltr'>nieum</span> <span class='ocrx_word' id='word_1_586' title='bbox 285 3860 319 3917; x_wconf 90' lang='lat' dir='ltr'>et</span> <span class='ocrx_word' id='word_1_587' title='bbox 347 3850 471 3919; x_wconf 84' lang='lat' dir='ltr'>similes</span> <span class='ocrx_word' id='word_1_588' title='bbox 498 3852 677 3918; x_wconf 87' lang='lat' dir='ltr'>carnifices.</span> <span class='ocrx_word' id='word_1_589' title='bbox 688 3854 717 3936; x_wconf 71' lang='grc' dir='ltr'>ΙΙ)</span> <span class='ocrx_word' id='word_1_590' title='bbox 762 3850 891 3918; x_wconf 90' lang='lat' dir='ltr'>Omitto</span> <span class='ocrx_word' id='word_1_591' title='bbox 919 3850 1126 3928; x_wconf 88' lang='lat' dir='ltr'>Medardum,</span> <span class='ocrx_word' id='word_1_592' title='bbox 1180 3852 1373 3935; x_wconf 92' lang='lat' dir='ltr'>Dionysios:</span> <span class='ocrx_word' id='word_1_593' title='bbox 1397 3851 1609 3916; x_wconf 76' lang='lat' dir='ltr'>Corinthium</span> <span class='ocrx_word' id='word_1_594' title='bbox 1632 3875 1745 3930; x_wconf 88' lang='lat' dir='ltr'>unum,</span> <span class='ocrx_word' id='word_1_595' title='bbox 1767 3855 1824 3935; x_wconf 92' lang='lat' dir='ltr'>qui</span> <span class='ocrx_word' id='word_1_596' title='bbox 1846 3853 1907 3918; x_wconf 91' lang='lat' dir='ltr'>sub</span> <span class='ocrx_word' id='word_1_597' title='bbox 1924 3854 2039 3920; x_wconf 84' lang='lat' dir='ltr'>Marco</span> <span class='ocrx_word' id='word_1_598' title='bbox 2057 3859 2169 3925; x_wconf 90' lang='lat' dir='ltr'>Anto-</span> 
     </span>
     <span class='ocr_line' id='line_1_43' title="bbox 144 3935 2168 4019; baseline 0.003 -13"><span class='ocrx_word' id='word_1_599' title='bbox 144 3938 332 4016; x_wconf 81' lang='lat' dir='ltr'>Lubinum,</span> <span class='ocrx_word' id='word_1_600' title='bbox 361 3945 395 4002; x_wconf 92' lang='lat' dir='ltr'>et</span> <span class='ocrx_word' id='word_1_601' title='bbox 416 3936 541 4002; x_wconf 91' lang='lat' dir='ltr'>similes</span> <span class='ocrx_word' id='word_1_602' title='bbox 567 3937 638 4003; x_wconf 89' lang='lat' dir='ltr'>eius</span> <span class='ocrx_word' id='word_1_603' title='bbox 661 3938 789 4005; x_wconf 82' lang='lat' dir='ltr'>bestias.</span> <span class='ocrx_word' id='word_1_604' title='bbox 835 3936 921 4019; x_wconf 77' lang='lat' dir='ltr'>Quis</span> <span class='ocrx_word' id='word_1_605' title='bbox 942 3936 1030 4002; x_wconf 89' lang='lat' dir='ltr'>enim</span> <span class='ocrx_word' id='word_1_606' title='bbox 1052 3935 1129 4000; x_wconf 88' lang='lat' dir='ltr'>finis</span> <span class='ocrx_word' id='word_1_607' title='bbox 1181 3938 1259 4002; x_wconf 90' lang='lat' dir='ltr'>nino</span> <span class='ocrx_word' id='word_1_608' title='bbox 1277 3938 1366 4001; x_wconf 90' lang='lat' dir='ltr'>Vere</span> <span class='ocrx_word' id='word_1_609' title='bbox 1390 3947 1423 4002; x_wconf 94' lang='lat' dir='ltr'>et</span> <span class='ocrx_word' id='word_1_610' title='bbox 1443 3938 1484 4003; x_wconf 89' lang='lat' dir='ltr'>L.</span> <span class='ocrx_word' id='word_1_611' title='bbox 1503 3937 1683 4003; x_wconf 84' lang='lat' dir='ltr'>Commodo</span> <span class='ocrx_word' id='word_1_612' title='bbox 1705 3940 1904 4019; x_wconf 79' lang='lat' dir='ltr'>florueritz⁷J</span> <span class='ocrx_word' id='word_1_613' title='bbox 1928 3940 2168 4011; x_wconf 91' lang='lat' dir='ltr'>alterum-Ori·</span> 
     </span>
     <span class='ocr_line' id='line_1_44' title="bbox 144 4020 2166 4111; baseline 0.003 -19"><span class='ocrx_word' id='word_1_614' title='bbox 144 4038 248 4102; x_wconf 89' lang='lat' dir='ltr'>esset,</span> <span class='ocrx_word' id='word_1_615' title='bbox 276 4024 305 4090; x_wconf 90' lang='lat' dir='ltr'>si</span> <span class='ocrx_word' id='word_1_616' title='bbox 325 4022 474 4107; x_wconf 90' lang='lat' dir='ltr'>singulas</span> <span class='ocrx_word' id='word_1_617' title='bbox 495 4022 677 4107; x_wconf 87' lang='lat' dir='ltr'>labyrinthi</span> <span class='ocrx_word' id='word_1_618' title='bbox 706 4023 861 4108; x_wconf 89' lang='lat' dir='ltr'>ambages</span> <span class='ocrx_word' id='word_1_619' title='bbox 883 4030 1037 4090; x_wconf 85' lang='lat' dir='ltr'>excutere</span> <span class='ocrx_word' id='word_1_620' title='bbox 1060 4020 1128 4085; x_wconf 93' lang='lat' dir='ltr'>vel·</span> <span class='ocrx_word' id='word_1_621' title='bbox 1180 4024 1273 4108; x_wconf 90' lang='lat' dir='ltr'>genis</span> <span class='ocrx_word' id='word_1_622' title='bbox 1293 4021 1501 4105; x_wconf 87' lang='lat' dir='ltr'>discipulum,</span> <span class='ocrx_word' id='word_1_623' title='bbox 1524 4024 1580 4106; x_wconf 92' lang='lat' dir='ltr'>qui</span> <span class='ocrx_word' id='word_1_624' title='bbox 1591 4024 1839 4090; x_wconf 84' lang='lat' dir='ltr'>Alexandrinus</span> <span class='ocrx_word' id='word_1_625' title='bbox 1860 4028 2030 4109; x_wconf 89' lang='lat' dir='ltr'>episcopus</span> <span class='ocrx_word' id='word_1_626' title='bbox 2052 4030 2166 4111; x_wconf 71' lang='lat' dir='ltr'>fierit,</span> 
     </span>
     <span class='ocr_line' id='line_1_45' title="bbox 144 4105 2167 4199; baseline 0 -22"><span class='ocrx_word' id='word_1_627' title='bbox 144 4111 227 4190; x_wconf 92' lang='lat' dir='ltr'>lem,</span> <span class='ocrx_word' id='word_1_628' title='bbox 256 4110 293 4175; x_wconf 89' lang='lat' dir='ltr'>in</span> <span class='ocrx_word' id='word_1_629' title='bbox 315 4130 413 4193; x_wconf 92' lang='lat' dir='ltr'>quem</span> <span class='ocrx_word' id='word_1_630' title='bbox 434 4130 494 4174; x_wconf 92' lang='lat' dir='ltr'>nos</span> <span class='ocrx_word' id='word_1_631' title='bbox 520 4107 717 4176; x_wconf 87' lang='lat' dir='ltr'>mediatores</span> <span class='ocrx_word' id='word_1_632' title='bbox 739 4109 932 4193; x_wconf 85' lang='lat' dir='ltr'>pelliciunt?</span> <span class='ocrx_word' id='word_1_633' title='bbox 978 4105 1046 4174; x_wconf 90' lang='lat' dir='ltr'>Sed</span> <span class='ocrx_word' id='word_1_634' title='bbox 1069 4127 1128 4171; x_wconf 92' lang='lat' dir='ltr'>vae</span> <span class='ocrx_word' id='word_1_635' title='bbox 1180 4107 1243 4174; x_wconf 94' lang='lat' dir='ltr'>sub</span> <span class='ocrx_word' id='word_1_636' title='bbox 1261 4108 1408 4175; x_wconf 84' lang='lat' dir='ltr'>Gallieni</span> <span class='ocrx_word' id='word_1_637' title='bbox 1424 4109 1571 4193; x_wconf 88' lang='lat' dir='ltr'>imperio.</span> <span class='ocrx_word' id='word_1_638' title='bbox 1607 4108 1676 4175; x_wconf 94' lang='lat' dir='ltr'>Sed</span> <span class='ocrx_word' id='word_1_639' title='bbox 1693 4112 1781 4175; x_wconf 90' lang='lat' dir='ltr'>inter</span> <span class='ocrx_word' id='word_1_640' title='bbox 1798 4133 1912 4176; x_wconf 89' lang='lat' dir='ltr'>eorum</span> <span class='ocrx_word' id='word_1_641' title='bbox 1929 4113 2062 4196; x_wconf 84' lang='lat' dir='ltr'>scripta,</span> <span class='ocrx_word' id='word_1_642' title='bbox 2080 4137 2167 4199; x_wconf 75' lang='lat' dir='ltr'>quac</span> 
     </span>
     <span class='ocr_line' id='line_1_46' title="bbox 143 4193 2168 4279; baseline 0.003 -15"><span class='ocrx_word' id='word_1_643' title='bbox 143 4197 196 4263; x_wconf 86' lang='lat' dir='ltr'>bis</span> <span class='ocrx_word' id='word_1_644' title='bbox 218 4218 256 4263; x_wconf 89' lang='lat' dir='ltr'>ac</span> <span class='ocrx_word' id='word_1_645' title='bbox 274 4207 326 4261; x_wconf 92' lang='lat' dir='ltr'>ter</span> <span class='ocrx_word' id='word_1_646' title='bbox 347 4216 462 4261; x_wconf 90' lang='lat' dir='ltr'>eorum</span> <span class='ocrx_word' id='word_1_647' title='bbox 483 4193 651 4277; x_wconf 87' lang='lat' dir='ltr'>perfidiae,</span> <span class='ocrx_word' id='word_1_648' title='bbox 681 4198 739 4279; x_wconf 91' lang='lat' dir='ltr'>qui</span> <span class='ocrx_word' id='word_1_649' title='bbox 761 4217 797 4262; x_wconf 88' lang='lat' dir='ltr'>se</span> <span class='ocrx_word' id='word_1_650' title='bbox 819 4209 889 4261; x_wconf 89' lang='lat' dir='ltr'>tam</span> <span class='ocrx_word' id='word_1_651' title='bbox 909 4194 1005 4260; x_wconf 85' lang='lat' dir='ltr'>facile</span> <span class='ocrx_word' id='word_1_652' title='bbox 1027 4193 1128 4276; x_wconf 91' lang='lat' dir='ltr'>proii-</span> <span class='ocrx_word' id='word_1_653' title='bbox 1180 4193 1355 4279; x_wconf 89' lang='lat' dir='ltr'>diligenter</span> <span class='ocrx_word' id='word_1_654' title='bbox 1366 4203 1523 4274; x_wconf 88' lang='lat' dir='ltr'>recenset,</span> <span class='ocrx_word' id='word_1_655' title='bbox 1546 4195 1695 4262; x_wconf 91' lang='lat' dir='ltr'>eoelestis</span> <span class='ocrx_word' id='word_1_656' title='bbox 1709 4196 1762 4262; x_wconf 93' lang='lat' dir='ltr'>vel</span> <span class='ocrx_word' id='word_1_657' title='bbox 1774 4198 2012 4264; x_wconf 87' lang='lat' dir='ltr'>ecclesiasticae</span> <span class='ocrx_word' id='word_1_658' title='bbox 2023 4200 2168 4270; x_wconf 78' lang='lat' dir='ltr'>Hierat-</span> 
     </span>
     <span class='ocr_line' id='line_1_47' title="bbox 145 4280 1127 4365; baseline -0.004 -19"><span class='ocrx_word' id='word_1_659' title='bbox 145 4283 239 4347; x_wconf 93' lang='lat' dir='ltr'>oiunt</span> <span class='ocrx_word' id='word_1_660' title='bbox 259 4283 296 4346; x_wconf 92' lang='lat' dir='ltr'>iu</span> <span class='ocrx_word' id='word_1_661' title='bbox 316 4281 539 4348; x_wconf 88' lang='lat' dir='ltr'>voluntarium</span> <span class='ocrx_word' id='word_1_662' title='bbox 561 4280 743 4360; x_wconf 86' lang='lat' dir='ltr'>interitum,</span> <span class='ocrx_word' id='word_1_663' title='bbox 766 4303 863 4365; x_wconf 91' lang='lat' dir='ltr'>quem</span> <span class='ocrx_word' id='word_1_664' title='bbox 885 4288 1018 4348; x_wconf 92' lang='lat' dir='ltr'>centum</span> <span class='ocrx_word' id='word_1_665' title='bbox 1038 4299 1127 4343; x_wconf 90' lang='lat' dir='ltr'>mor·</span> 
     </span>
     <span class='ocr_line' id='line_1_48' title="bbox 146 4364 1387 4452; baseline -0.002 -21"><span class='ocrx_word' id='word_1_666' title='bbox 146 4369 244 4446; x_wconf 88' lang='lat' dir='ltr'>tibus,</span> <span class='ocrx_word' id='word_1_667' title='bbox 267 4368 295 4434; x_wconf 93' lang='lat' dir='ltr'>si</span> <span class='ocrx_word' id='word_1_668' title='bbox 317 4375 450 4434; x_wconf 91' lang='lat' dir='ltr'>centum</span> <span class='ocrx_word' id='word_1_669' title='bbox 472 4365 634 4433; x_wconf 90' lang='lat' dir='ltr'>haberent</span> <span class='ocrx_word' id='word_1_670' title='bbox 662 4368 764 4446; x_wconf 88' lang='lat' dir='ltr'>vitas,</span> <span class='ocrx_word' id='word_1_671' title='bbox 794 4367 985 4452; x_wconf 90' lang='lat' dir='ltr'>propulsare</span> <span class='ocrx_word' id='word_1_672' title='bbox 1008 4364 1126 4431; x_wconf 90' lang='lat' dir='ltr'>debue—</span> <span class='ocrx_word' id='word_1_673' title='bbox 1184 4396 1270 4403; x_wconf 38' lang='lat'><strong><em>—··*·</em></strong></span> <span class='ocrx_word' id='word_1_674' title='bbox 1338 4398 1387 4403; x_wconf 76' lang='lat'>·--</span> 
     </span>
     <span class='ocr_line' id='line_1_49' title="bbox 146 4459 232 4518; baseline 0 0"><span class='ocrx_word' id='word_1_675' title='bbox 146 4459 232 4518; x_wconf 82' lang='lat' dir='ltr'>rant</span> 
     </span>
    </p>

    <p class='ocr_par' dir='ltr' id='par_1_6' title="bbox 234 4536 1592 4623">
     <span class='ocr_line' id='line_1_50' title="bbox 234 4536 1592 4623; baseline -0.001 -20"><span class='ocrx_word' id='word_1_676' title='bbox 234 4543 308 4620; x_wconf 83' lang='lat' dir='ltr'>[pag.</span> <span class='ocrx_word' id='word_1_677' title='bbox 330 4545 403 4620; x_wconf 79' lang='lat'><strong>175]</strong></span> <span class='ocrx_word' id='word_1_678' title='bbox 425 4539 587 4623; x_wconf 86' lang='lat' dir='ltr'>Superest</span> <span class='ocrx_word' id='word_1_679' title='bbox 607 4539 692 4606; x_wconf 90' lang='lat' dir='ltr'>alter</span> <span class='ocrx_word' id='word_1_680' title='bbox 713 4539 793 4605; x_wconf 87' lang='lat' dir='ltr'>ordo</span> <span class='ocrx_word' id='word_1_681' title='bbox 816 4548 1029 4617; x_wconf 90' lang='lat' dir='ltr'>mortuorum,</span> <span class='ocrx_word' id='word_1_682' title='bbox 1049 4558 1128 4620; x_wconf 90' lang='lat' dir='ltr'>quo·</span> <span class='ocrx_word' id='word_1_683' title='bbox 1250 4536 1279 4602; x_wconf 87' lang='grc'>1)</span> <span class='ocrx_word' id='word_1_684' title='bbox 1296 4537 1395 4592; x_wconf 83' lang='lat' dir='ltr'>Homil.</span> <span class='ocrx_word' id='word_1_685' title='bbox 1413 4539 1440 4592; x_wconf 88' lang='lat' dir='ltr'>in</span> <span class='ocrx_word' id='word_1_686' title='bbox 1455 4538 1531 4592; x_wconf 81' lang='lat' dir='ltr'>loen.</span> <span class='ocrx_word' id='word_1_687' title='bbox 1549 4537 1592 4592; x_wconf 83' lang='lat'>49.</span> 
     </span>
    </p>
   </div>
   <div class='ocr_carea' id='block_1_6' title="bbox 147 4605 2078 4738">
    <p class='ocr_par' dir='ltr' id='par_1_7' title="bbox 147 4605 2078 4738">
     <span class='ocr_line' id='line_1_51' title="bbox 147 4605 2078 4738; baseline 0.025 -50"><span class='ocrx_word' id='word_1_688' title='bbox 147 4645 224 4689; x_wconf 92' lang='lat' dir='ltr'>rum</span> <span class='ocrx_word' id='word_1_689' title='bbox 252 4626 454 4692; x_wconf 91' lang='lat' dir='ltr'>mentionem</span> <span class='ocrx_word' id='word_1_690' title='bbox 481 4625 517 4690; x_wconf 93' lang='lat' dir='ltr'>in</span> <span class='ocrx_word' id='word_1_691' title='bbox 544 4646 645 4692; x_wconf 89' lang='lat' dir='ltr'>coena</span> <span class='ocrx_word' id='word_1_692' title='bbox 672 4626 746 4692; x_wconf 88' lang='lat' dir='ltr'>fieri</span> <span class='ocrx_word' id='word_1_693' title='bbox 773 4626 940 4709; x_wconf 83' lang='lat' dir='ltr'>volunt:⁴)</span> <span class='ocrx_word' id='word_1_694' title='bbox 968 4635 1005 4688; x_wconf 88' lang='lat' dir='ltr'>ut</span> <span class='ocrx_word' id='word_1_695' title='bbox 1032 4622 1129 4689; x_wconf 91' lang='lat' dir='ltr'>detur</span> <span class='ocrx_word' id='word_1_696' title='bbox 1249 4605 1280 4738; x_wconf 59' lang='lat' dir='ltr'>{l</span> <span class='ocrx_word' id='word_1_697' title='bbox 1298 4605 1372 4728; x_wconf 54' lang='lat' dir='ltr'>{fii}</span> <span class='ocrx_word' id='word_1_698' title='bbox 1392 4606 1670 4731; x_wconf 61' lang='lat' dir='ltr'>evt⁰lii1sllispiliiiii</span> <span class='ocrx_word' id='word_1_699' title='bbox 1687 4609 1821 4732; x_wconf 56' lang='lat' dir='ltr'>liittzeuii</span> <span class='ocrx_word' id='word_1_700' title='bbox 1831 4611 1917 4665; x_wconf 80' lang='lat' dir='ltr'>sainct</span> <span class='ocrx_word' id='word_1_701' title='bbox 1935 4611 2078 4681; x_wconf 79' lang='lat' dir='ltr'>Angustia.</span> 
     </span>
    </p>
   </div>
   <div class='ocr_carea' id='block_1_7' title="bbox 149 4742 2164 5226">
    <p class='ocr_par' dir='ltr' id='par_1_8' title="bbox 149 4742 2164 5226">
     <span class='ocr_line' id='line_1_52' title="bbox 1249 4742 2164 4823; baseline 0.016 -27"><span class='ocrx_word' id='word_1_702' title='bbox 1249 4742 1279 4807; x_wconf 86' lang='grc'>4)</span> <span class='ocrx_word' id='word_1_703' title='bbox 1300 4743 1332 4798; x_wconf 89' lang='lat' dir='ltr'>de</span> <span class='ocrx_word' id='word_1_704' title='bbox 1350 4745 1375 4797; x_wconf 90' lang='lat' dir='ltr'>ie</span> <span class='ocrx_word' id='word_1_705' title='bbox 1393 4759 1427 4797; x_wconf 94' lang='lat' dir='ltr'>ne</span> <span class='ocrx_word' id='word_1_706' title='bbox 1445 4759 1494 4812; x_wconf 89' lang='lat' dir='ltr'>say</span> <span class='ocrx_word' id='word_1_707' title='bbox 1512 4744 1574 4812; x_wconf 87' lang='lat' dir='ltr'>quel</span> <span class='ocrx_word' id='word_1_708' title='bbox 1592 4744 1672 4813; x_wconf 83' lang='lat' dir='ltr'>qu’ilz</span> <span class='ocrx_word' id='word_1_709' title='bbox 1690 4747 1830 4814; x_wconf 84' lang='lat' dir='ltr'>appellent</span> <span class='ocrx_word' id='word_1_710' title='bbox 1847 4748 1934 4803; x_wconf 89' lang='lat' dir='ltr'>sainct</span> <span class='ocrx_word' id='word_1_711' title='bbox 1951 4748 2045 4820; x_wconf 85' lang='lat' dir='ltr'>Danys</span> <span class='ocrx_word' id='word_1_712' title='bbox 2063 4753 2164 4823; x_wconf 84' lang='lat' dir='ltr'>l&#39;ayant</span> 
     </span>
     <span class='ocr_line' id='line_1_53' title="bbox 1182 4812 1529 4880; baseline -0.009 -11"><span class='ocrx_word' id='word_1_713' title='bbox 1182 4814 1311 4869; x_wconf 77' lang='lat' dir='ltr'>emonizs</span> <span class='ocrx_word' id='word_1_714' title='bbox 1329 4814 1346 4866; x_wconf 77' lang='lat' dir='ltr'>a</span> <span class='ocrx_word' id='word_1_715' title='bbox 1363 4812 1422 4865; x_wconf 90' lang='lat' dir='ltr'>leur</span> <span class='ocrx_word' id='word_1_716' title='bbox 1440 4820 1529 4880; x_wconf 90' lang='lat' dir='ltr'>poste.</span> 
     </span>
     <span class='ocr_line' id='line_1_54' title="bbox 218 4877 1861 4946; baseline 0.005 -16"><span class='ocrx_word' id='word_1_717' title='bbox 218 4877 248 4946; x_wconf 91' lang='lat'>1)</span> <span class='ocrx_word' id='word_1_718' title='bbox 266 4877 362 4934; x_wconf 91' lang='lat' dir='ltr'>idoles.</span> <span class='ocrx_word' id='word_1_719' title='bbox 1250 4878 1281 4946; x_wconf 83' lang='grc'>5)</span> <span class='ocrx_word' id='word_1_720' title='bbox 1300 4880 1335 4934; x_wconf 93' lang='lat' dir='ltr'>du</span> <span class='ocrx_word' id='word_1_721' title='bbox 1354 4880 1400 4934; x_wconf 90' lang='lat' dir='ltr'>uel</span> <span class='ocrx_word' id='word_1_722' title='bbox 1418 4881 1435 4932; x_wconf 92' lang='lat' dir='ltr'>il</span> <span class='ocrx_word' id='word_1_723' title='bbox 1454 4888 1497 4934; x_wconf 90' lang='lat' dir='ltr'>est</span> <span class='ocrx_word' id='word_1_724' title='bbox 1514 4882 1586 4935; x_wconf 89' lang='lat' dir='ltr'>aussi</span> <span class='ocrx_word' id='word_1_725' title='bbox 1624 4882 1680 4935; x_wconf 78' lang='lat' dir='ltr'>arle</span> <span class='ocrx_word' id='word_1_726' title='bbox 1698 4897 1752 4938; x_wconf 88' lang='lat' dir='ltr'>eux</span> <span class='ocrx_word' id='word_1_727' title='bbox 1771 4885 1861 4939; x_wconf 85' lang='lat' dir='ltr'>Actes.</span> 
     </span>
     <span class='ocr_line' id='line_1_55' title="bbox 217 4896 2163 5030; baseline 0.007 -29"><span class='ocrx_word' id='word_1_728' title='bbox 217 4947 248 5013; x_wconf 76' lang='grc'>2)</span> <span class='ocrx_word' id='word_1_729' title='bbox 267 4945 345 5029; x_wconf 78' lang='lat' dir='ltr'>Add</span> <span class='ocrx_word' id='word_1_730' title='bbox 359 4965 423 5003; x_wconf 85' lang='lat' dir='ltr'>saus</span> <span class='ocrx_word' id='word_1_731' title='bbox 440 4965 493 5018; x_wconf 88' lang='lat' dir='ltr'>que</span> <span class='ocrx_word' id='word_1_732' title='bbox 511 4951 605 5006; x_wconf 82' lang='lat' dir='ltr'>iamais</span> <span class='ocrx_word' id='word_1_733' title='bbox 623 4951 643 5005; x_wconf 91' lang='lat' dir='ltr'>il</span> <span class='ocrx_word' id='word_1_734' title='bbox 661 4961 750 5021; x_wconf 90' lang='lat' dir='ltr'>yeust</span> <span class='ocrx_word' id='word_1_735' title='bbox 767 4953 889 5008; x_wconf 87' lang='lat' dir='ltr'>hommes</span> <span class='ocrx_word' id='word_1_736' title='bbox 906 4968 940 5007; x_wconf 88' lang='lat' dir='ltr'>ne</span> <span class='ocrx_word' id='word_1_737' title='bbox 959 4951 1071 5006; x_wconf 79' lang='lat' dir='ltr'>feminea</span> <span class='ocrx_word' id='word_1_738' title='bbox 1083 4948 1129 5018; x_wconf 90' lang='lat' dir='ltr'>qui</span> <span class='ocrx_word' id='word_1_739' title='bbox 1250 4948 1281 5011; x_wconf 85' lang='grc'>6)</span> <span class='ocrx_word' id='word_1_740' title='bbox 1299 4896 1409 5028; x_wconf 70' lang='lat' dir='ltr'>peilam</span> <span class='ocrx_word' id='word_1_741' title='bbox 1425 4949 1459 5004; x_wconf 90' lang='lat' dir='ltr'>de</span> <span class='ocrx_word' id='word_1_742' title='bbox 1476 4951 1591 5030; x_wconf 76' lang='lat' dir='ltr'>tonales</span> <span class='ocrx_word' id='word_1_743' title='bbox 1599 4898 1733 5006; x_wconf 68' lang='lat' dir='ltr'>Bactrius</span> <span class='ocrx_word' id='word_1_744' title='bbox 1745 4952 1973 5022; x_wconf 82' lang='lat' dir='ltr'>Ecclesiastiques</span> <span class='ocrx_word' id='word_1_745' title='bbox 1986 4957 2032 5024; x_wconf 90' lang='lat' dir='ltr'>qui</span> <span class='ocrx_word' id='word_1_746' title='bbox 2043 4968 2163 5027; x_wconf 86' lang='lat' dir='ltr'>avoyent</span> 
     </span>
     <span class='ocr_line' id='line_1_56' title="bbox 149 5017 1911 5092; baseline 0.002 -19"><span class='ocrx_word' id='word_1_747' title='bbox 149 5023 260 5073; x_wconf 73' lang='lat' dir='ltr'>causent</span> <span class='ocrx_word' id='word_1_748' title='bbox 278 5031 347 5070; x_wconf 79' lang='lat' dir='ltr'>siner</span> <span class='ocrx_word' id='word_1_749' title='bbox 365 5019 423 5072; x_wconf 76' lang='lat' dir='ltr'>este</span> <span class='ocrx_word' id='word_1_750' title='bbox 440 5018 566 5087; x_wconf 80' lang='lat' dir='ltr'>appellen</span> <span class='ocrx_word' id='word_1_751' title='bbox 584 5030 759 5088; x_wconf 82' lang='lat' dir='ltr'>supererant.</span> <span class='ocrx_word' id='word_1_752' title='bbox 1182 5019 1241 5072; x_wconf 80' lang='lat' dir='ltr'>este</span> <span class='ocrx_word' id='word_1_753' title='bbox 1259 5017 1355 5085; x_wconf 78' lang='lat' dir='ltr'>dopna</span> <span class='ocrx_word' id='word_1_754' title='bbox 1374 5018 1414 5071; x_wconf 88' lang='lat' dir='ltr'>les</span> <span class='ocrx_word' id='word_1_755' title='bbox 1432 5018 1565 5086; x_wconf 87' lang='lat' dir='ltr'>Apostres</span> <span class='ocrx_word' id='word_1_756' title='bbox 1583 5035 1694 5086; x_wconf 85' lang='lat' dir='ltr'>rusques</span> <span class='ocrx_word' id='word_1_757' title='bbox 1713 5024 1729 5077; x_wconf 82' lang='lat' dir='ltr'>b</span> <span class='ocrx_word' id='word_1_758' title='bbox 1747 5038 1796 5077; x_wconf 90' lang='lat' dir='ltr'>son</span> <span class='ocrx_word' id='word_1_759' title='bbox 1815 5031 1911 5092; x_wconf 78' lang='lat' dir='ltr'>temps,</span> 
     </span>
     <span class='ocr_line' id='line_1_57' title="bbox 217 5083 2162 5157; baseline 0.015 -36"><span class='ocrx_word' id='word_1_760' title='bbox 217 5084 248 5152; x_wconf 83' lang='lat'>3)</span> <span class='ocrx_word' id='word_1_761' title='bbox 267 5085 420 5140; x_wconf 61' lang='lat' dir='ltr'><strong>bomem</strong></span> <span class='ocrx_word' id='word_1_762' title='bbox 439 5086 793 5154; x_wconf 59' lang='lat' dir='ltr'>0up1ust0⁸tm0urtrjeffi</span> <span class='ocrx_word' id='word_1_763' title='bbox 1252 5083 1279 5150; x_wconf 82' lang='grc'>7)</span> <span class='ocrx_word' id='word_1_764' title='bbox 1299 5086 1410 5139; x_wconf 83' lang='lat' dir='ltr'>environ</span> <span class='ocrx_word' id='word_1_765' title='bbox 1434 5093 1496 5140; x_wconf 90' lang='lat' dir='ltr'>cent</span> <span class='ocrx_word' id='word_1_766' title='bbox 1518 5103 1566 5141; x_wconf 89' lang='lat' dir='ltr'>ans</span> <span class='ocrx_word' id='word_1_767' title='bbox 1589 5105 1670 5156; x_wconf 84' lang='lat' dir='ltr'>apres</span> <span class='ocrx_word' id='word_1_768' title='bbox 1694 5089 1721 5144; x_wconf 86' lang='lat' dir='ltr'>la</span> <span class='ocrx_word' id='word_1_769' title='bbox 1744 5096 1814 5145; x_wconf 87' lang='lat' dir='ltr'>mort</span> <span class='ocrx_word' id='word_1_770' title='bbox 1836 5091 1869 5145; x_wconf 89' lang='lat' dir='ltr'>de</span> <span class='ocrx_word' id='word_1_771' title='bbox 1897 5092 1918 5145; x_wconf 92' lang='lat'>1.</span> <span class='ocrx_word' id='word_1_772' title='bbox 1937 5091 1965 5145; x_wconf 85' lang='lat' dir='ltr'>C.</span> <span class='ocrx_word' id='word_1_773' title='bbox 1990 5094 2162 5157; x_wconf 70' lang='lat' dir='ltr'>(nominibus</span> 
     </span>
     <span class='ocr_line' id='line_1_58' title="bbox 221 5150 1721 5226; baseline 0.011 -18"><span class='ocrx_word' id='word_1_774' title='bbox 221 5152 252 5224; x_wconf 81' lang='lat'>4)</span> <span class='ocrx_word' id='word_1_775' title='bbox 269 5152 342 5209; x_wconf 67' lang='grc' dir='ltr'>ΔΜ.</span> <span class='ocrx_word' id='word_1_776' title='bbox 361 5154 398 5210; x_wconf 80' lang='lat' dir='ltr'>Ge</span> <span class='ocrx_word' id='word_1_777' title='bbox 416 5153 499 5223; x_wconf 89' lang='lat' dir='ltr'>qu&#39;ou</span> <span class='ocrx_word' id='word_1_778' title='bbox 517 5155 626 5224; x_wconf 86' lang='lat' dir='ltr'>appelle</span> <span class='ocrx_word' id='word_1_779' title='bbox 645 5156 671 5209; x_wconf 90' lang='lat' dir='ltr'>le</span> <span class='ocrx_word' id='word_1_780' title='bbox 689 5157 792 5212; x_wconf 85' lang='lat' dir='ltr'>second</span> <span class='ocrx_word' id='word_1_781' title='bbox 810 5159 956 5214; x_wconf 80' lang='lat' dir='ltr'>Memento.</span> <span class='ocrx_word' id='word_1_782' title='bbox 1184 5150 1333 5210; x_wconf 76' lang='lat' dir='ltr'>Oeeeomm</span> <span class='ocrx_word' id='word_1_783' title='bbox 1352 5154 1486 5210; x_wconf 72' lang='lat' dir='ltr'>biretis</span> <span class='ocrx_word' id='word_1_784' title='bbox 1502 5169 1572 5226; x_wconf 68' lang='lat' dir='ltr'>tesa-</span> <span class='ocrx_word' id='word_1_785' title='bbox 1590 5158 1721 5224; x_wconf 58' lang='lat' dir='ltr'>‘’mml-</span> 
     </span>
    </p>
   </div>
   <div class='ocr_carea' id='block_1_8' title="bbox 0 0 2317 5892">
    <p class='ocr_par' dir='ltr' id='par_1_9' title="bbox 0 0 2317 5892">
     <span class='ocr_line' id='line_1_59' title="bbox 0 0 2317 5892; baseline 0 0"><span class='ocrx_word' id='word_1_786' title='bbox 0 0 2317 5892; x_wconf 95' lang='lat' dir='ltr'> </span> 
     </span>
    </p>
   </div>
  </div>
 </body>
</html>
