4620 5894
188 206 257 273 263
963 244 974 262 ·
996 200 1062 268 Dlt
1083 200 1307 269 altman
1327 198 1413 265 DEI
2152 202 2215 269 264

195 393 264 459 Ι)θ1
297 389 481 458 cultoribus
511 390 626 458 utilius
653 390 887 458 moderationis
920 389 1095 455 consilium
1128 389 1185 456 dc·
1238 407 1318 454 voro
1347 387 1389 454 de
1416 410 1452 454 rc
1480 387 1555 472 ipsa
1586 386 1759 454 nobiscum
1787 388 1980 466 sentientes,
2013 389 2217 471 supprimere

198 478 305 555 disse,
345 495 445 559 quam
478 477 508 543 si
542 477 727 560 aquilarum
764 476 883 560 pennis
914 475 1052 541 vestitos
1086 495 1186 558 snpra
1238 483 1351 538 tamen
1377 475 1510 539 malunt
1537 474 1625 539 hanc
1650 473 1817 540 doetrinae
1838 480 1982 556 partem,
2011 495 2055 539 ne
2075 473 2218 541 habenas

200 564 307 631 nubes
325 562 510 628 extulisset.
533 560 661 644 Quavis
679 563 769 627 enim
787 562 949 645 sapientia
966 562 1187 645 praestantior
1237 560 1353 625 laxent
1374 560 1553 645 impiorum
1573 559 1792 642 petulantiae,
1814 561 1914 625 nimis
1936 568 2151 642 praepostera
2169 568 2218 627 ost

200 662 252 715 est
274 649 452 726 sobrietas,
481 669 565 731 quas
586 649 651 714 Dei
681 649 801 714 timore
823 647 959 713 subacta
979 647 1068 712 intra
1090 668 1187 731 prae·
1237 647 1303 711 ista
1324 646 1440 711 cautio.
1475 643 1580 726 Quasi
1601 665 1680 709 vcro
1700 647 1823 712 nostris
1843 644 2025 711 mendaciis
2045 653 2217 729 protegen·

200 736 362 817 scriptum
396 734 438 800 ab
472 754 511 799 oo
545 733 754 818 intelligendi
791 731 928 799 modum
961 754 997 799 εθ
1029 733 1186 798 eontinet.
1239 730 1301 796 dus
1324 732 1367 795 sit
1389 730 1453 797 Dei
1475 731 1591 795 honor.
1623 730 1701 814 Ipse
1723 752 1801 797 vero
1824 731 1887 795 hoc
1909 731 2133 814 patrocinium
2153 752 2218 797 non

199 822 287 889 Eam
332 818 465 903 superbi
508 819 660 885 homines
703 820 912 904 ignorantiae
958 819 1108 895 nomine,
1158 818 1186 883 si
1237 815 1335 880 modo
1368 817 1463 883 nobis
1495 816 1651 894 remittit,
1664 816 1688 897 ¹)
1723 817 1779 881 sed
1811 836 1950 900 prorsus
1979 837 2119 883 exosum
2150 838 2218 885 esse

201 906 352 985 libuerit,
377 905 553 971 infament:
581 903 680 970 modo
707 904 794 989 quod
821 904 858 969 in
886 925 967 971 vera
988 902 1151 986 sapientia
1161 904 1186 985 ¹)
1239 909 1382 967 testatur
1402 903 1439 967 in
1460 901 1544 967 libro
1565 901 1633 967 Iob.
1673 900 1825 968 Oaveant
1845 903 1965 985 potius,
1987 924 2030 967 ne
2051 904 2217 981 maiorem,

199 991 416 1091 praecipuum
439 997 489 1055 est
510 997 633 1068 teneat,
655 989 722 1056 Dei
744 990 952 1055 voluntatem
973 1009 1034 1073 pro
1056 1009 1187 1053 summa
1239 1009 1338 1070 qnam
1366 988 1533 1054 Dominus
1555 988 1655 1053 verbo
1685 1009 1743 1053 suo
1771 988 1979 1071 praescribit,
2007 987 2218 1071 prudentiam

199 1077 346 1143 rustitius
367 1096 485 1141 norma
502 1076 664 1155 habendo,
687 1096 782 1142 suam
800 1074 850 1139 illi
867 1076 1098 1158 propriamque
1116 1074 1187 1159 glo·
1239 1073 1422 1139 affectando
1445 1073 1586 1158 duplicis
1606 1074 1755 1139 insaniae
1775 1094 1811 1139 se
1830 1095 1904 1139 reos
1925 1074 2058 1139 faciant

199 1164 286 1228 riam
307 1161 462 1227 tribuere.
1325 1157 1525 1242 Quanquam
1537 1168 1574 1225 ut
1585 1158 1804 1242 reprimendis
1814 1159 1992 1243 impiorum
2004 1158 2218 1244 blasphemiis

286 1247 327 1313 Pi
352 1246 409 1312 hio
430 1255 543 1312 tamen
566 1254 600 1312 et
622 1246 786 1312 similibus
807 1242 956 1311 nondum
978 1245 1186 1311 satisfactum
1238 1245 1384 1310 maxims
1416 1245 1508 1311 utilis
1540 1246 1598 1323 sit,
1630 1266 1730 1327 quam
1761 1244 2007 1323 commendant,
2041 1246 2218 1313 sobrietas:

200 1341 260 1400 est
338 1353 394 1397 am
416 1332 613 1398 simulantes
636 1352 734 1399 curae
756 1332 819 1397 sibi
840 1353 911 1397 esse
928 1331 995 1397 Dei
1016 1331 1186 1411 honorem,
1239 1329 1326 1413 quod
1354 1340 1469 1396 tamen
1497 1330 1648 1395 homines
1669 1331 1742 1396 Deo
1770 1332 2001 1415 immorigeros
2027 1339 2099 1396 tam
2125 1332 2219 1398 facilc

198 1418 296 1485 nobis
317 1418 499 1497 oblatrant,
529 1418 625 1500 quasi
647 1417 788 1483 alienam
809 1417 860 1482 illi
882 1439 942 1483 sua
970 1424 1091 1482 natura
1112 1437 1186 1481 cru-
1239 1417 1309 1481 suis
1330 1415 1461 1482 dictatis
1481 1417 1669 1482 fraenatum
1689 1417 1731 1481 iri
1752 1417 1815 1482 sibi
1836 1416 2052 1499 persuadent,
2079 1416 2219 1485 ridicula

199 1503 371 1571 delitatem
399 1504 643 1588 affingentibus.
688 1503 800 1588 Negat
826 1503 890 1569 sibi
917 1523 993 1568 eum
1014 1503 1088 1569 Deo
1115 1524 1188 1568 esso
1240 1510 1291 1567 est
1312 1522 1426 1567 eorum
1447 1500 1576 1568 fiducia.
1615 1502 1742 1568 Paulus
1762 1503 1821 1569 ubi
1842 1503 1883 1567 dc
1904 1503 2032 1569 areanis
2053 1504 2121 1570 Dei
2142 1523 2219 1570 con-

59 1636 70 1663 -,
198 1596 380 1656 certamen.
426 1588 536 1670 Quom
558 1590 570 1653 i
594 1591 670 1668 itur,
694 1588 749 1656 vel
769 1589 865 1655 cuius
886 1608 1025 1655 eausam
1047 1589 1189 1655 sustinet
1239 1587 1336 1665 siliis,
1365 1596 1528 1671 quatenus
1556 1607 1640 1671 opus
1668 1598 1752 1667 erat,
1783 1588 1955 1668 disseruit,
1984 1590 2079 1673 quasi
2099 1590 2219 1656 iniecta

21 1682 99 1767 4:¹25·
198 1674 352 1741 Paulus?
375 1675 558 1757 Postquam
571 1611 642 1740 hcc
663 1676 795 1740 axioma
812 1674 933 1759 posuit,
955 1675 1067 1741 Deum
1090 1694 1187 1757 quem
1239 1694 1341 1738 manu
1362 1673 1451 1738 ultra
1472 1671 1624 1757 progredi
1646 1685 1746 1740 votat.
1783 1673 1976 1753 Oalcitrant,
1997 1675 2218 1758 proterviunt,

44 1760 70 1779 '⁴
200 1760 278 1827 vult
298 1757 467 1838 indurare,
490 1768 525 1825 et
546 1761 640 1827 euius
660 1760 736 1826 vult
756 1760 920 1827 misereri:
943 1781 1003 1843 per
1024 1760 1187 1844 anthypo-
1240 1780 1279 1824 ac
1296 1758 1477 1825 desultoria
1487 1759 1621 1825 levitate
1637 1759 1725 1824 ultra
1742 1760 1872 1825 finitam
1889 1760 1952 1825 sibi
1968 1774 2094 1826 metam
2112 1772 2219 1827 trans·

202 1847 344 1931 phoram
366 1846 553 1931 subiiciuzv)
590 1845 681 1927 Quid
703 1866 783 1930 ergo
806 1851 882 1925 [pag.
907 1850 960 1925 21]
982 1844 1089 1911 adhuc
1110 1866 1187 1911 con·
1240 1844 1355 1911 volant
1378 1846 1517 1926 inquieti
1541 1845 1732 1928 spiritus:'²)
1754 1844 1917 1928 quomodo
1938 1845 2042 1930 igitur
2058 1846 2103 1911 ad
2120 1848 2219 1913 unius

201 1930 374 2015 queritur?
419 1932 595 1998 Voluntati
633 1932 705 1998 eius
742 1932 815 2015 quis
854 1930 1007 1997 resistet?
1060 1932 1186 1997 Tantas
1241 1930 1294 1996 vel
1321 1930 1457 1996 alterius
1479 1938 1598 1996 nutum
1620 1931 1816 2009 subsistent,
1845 1932 1901 2014 qui
1921 1931 2134 2016 angustiores
2155 1933 2219 1998 illis

200 2017 272 2083 blas
296 2018 428 2084 hemiae
450 2040 516 2084 non
540 2018 630 2084 aliud
648 2040 747 2102 quam
759 2017 826 2083 Dei
843 2019 1023 2101 potentiam
1041 2017 1185 2100 opponit.
1239 2015 1355 2082 stadiis
1385 2017 1547 2082 cancellos
1574 2016 1840 2100 circumdant‘li)
1868 2038 1906 2083 ac
1928 2018 1957 2082 si
1982 2018 2058 2100 quis
2078 2018 2219 2084 ferocem

201 2102 240 2169 Si
293 2126 331 2169 eo
348 2106 488 2189 tyranni
506 2125 683 2187 personam
700 2104 854 2182 induunt,
877 2105 934 2186 qui
953 2102 994 2168 ad
1013 2112 1186 2168 aeternum
1239 2122 1370 2184 equum,
1393 2104 1450 2184 qui
1471 2103 1585 2168 fractis
1602 2104 1769 2187 repagulis
1777 2104 1807 2187 ⁴)
1825 2102 1979 2181 exsultat,
2002 2124 2146 2169 araneae
2165 2104 2220 2170 filo

200 2209 305 2270 usque
339 2190 410 2255 eius
443 2190 617 2255 consilium
657 2190 807 2255 referunt
845 2189 1016 2255 hominum
1049 2188 1186 2253 indura·
1239 2188 1381 2253 retinere
1403 2192 1479 2266 [pag.
1500 2193 1555 2268 23]
1579 2196 1693 2253 tentet.
1737 2188 1881 2266 Verum,
1909 2190 1945 2252 in
1966 2210 2003 2253 re
2024 2197 2097 2255 tam
2117 2189 2219 2255 ardua

199 2274 340 2338 donem:
381 2294 444 2340 nos
476 2284 565 2341 certe
605 2296 672 2339 non
711 2296 827 2340 sumus
867 2274 966 2339 huius
1003 2274 1186 2339 sententiae
1238 2281 1273 2337 et
1293 2273 1462 2338 recondita
1483 2273 1569 2338 nihil
1590 2274 1709 2338 molius
1732 2295 1831 2356 quam
1853 2273 1959 2339 sobrie
1981 2296 2108 2357 sapere.
2137 2274 2218 2357 Quis

131 2384 134 2389 ¹
200 2363 382 2440 autores.³)
426 2357 466 2425 Si
487 2361 561 2424 Deo
585 2368 665 2425 sunt
685 2360 811 2439 iniurii,
833 2360 952 2443 quibus
974 2359 1045 2424 cius
1067 2359 1185 2424 volun·
1238 2358 1360 2442 negat?
1406 2357 1598 2425 Videndum
1619 2368 1731 2425 tamen
1758 2359 1860 2425 simul
1882 2375 1946 2441 est,
1976 2360 2051 2443 quis
2072 2366 2218 2445 optimus

198 2456 252 2510 tas
273 2444 428 2509 omnibus
451 2446 559 2509 causis
581 2445 689 2527 potior
709 2452 770 2523 est,
792 2446 854 2511 hoc
876 2444 1002 2510 Paulus
1024 2452 1102 2509 ante
1124 2466 1184 2510 nos
1238 2445 1282 2510 sit
1303 2444 1489 2511 sobrietatis
1510 2444 1639 2511 modus:
1669 2467 1712 2510 ne
1734 2444 1821 2511 idem
1843 2444 1939 2512 nobis
1967 2445 2055 2528 quod
2081 2448 2218 2531 papistis

199 2529 346 2595 tradidit.
398 2529 485 2594 Cum
513 2551 551 2594 eo
579 2531 682 2613 igitur
707 2530 898 2612 disceptent.
950 2530 1066 2612 Neque
1094 2531 1185 2595 enim
1237 2530 1421 2614 contingat,
1450 2533 1507 2613 qui
1528 2541 1566 2596 ut
1586 2530 1761 2615 discipulos
1783 2531 1928 2597 habeant
1947 2532 2217 2614 obsequentes,⁵)

199 2614 290 2681 aliud
311 2615 349 2680 in
370 2615 561 2699 praesentia
579 2614 720 2699 disputo,
743 2637 842 2698 quam
863 2617 904 2681 ab
927 2636 965 2681 eo
988 2618 1088 2682 fuisse
1109 2638 1185 2700 pro·
1237 2616 1344 2683 brutis
1365 2616 1545 2700 pecudibus
1572 2617 1697 2682 similes
1720 2638 1790 2683 esse
1813 2618 1936 2684 iubent.
1980 2618 2151 2685 Haeccine
2170 2628 2219 2685 est

199 2702 306 2767 ditum
329 2699 418 2785 quod
440 2701 605 2767 docemus.
651 2700 851 2784 Quanquam
879 2701 920 2766 de
948 2703 1084 2767 canibus
1110 2703 1185 2767 istis
1237 2701 1420 2768 christiana
1448 2703 1656 2786 simplicitas,
1685 2725 1813 2782 eornm,
1843 2723 1926 2787 quae
1947 2704 2041 2769 Deus
2063 2702 2216 2783 ostendit,

198 2808 268 2853 non
290 2786 372 2853 adeo
399 2808 507 2853 essem
535 2787 705 2853 sollicitus.
750 2788 862 2873 Magis
887 2787 1094 2870 quorundam
1117 2809 1184 2854 non
1236 2788 1408 2854 seientiam
1438 2790 1531 2873 quasi
1556 2790 1690 2855 noxiam
1718 2789 1891 2872 mingere?
1935 2790 2023 2866 Hoc,
2052 2790 2218 2873 inquiunt,

196 2872 361 2939 malorum
383 2873 506 2956 alioqui
534 2871 708 2938 hominum
731 2874 882 2938 anxietas
911 2894 965 2938 mo
987 2884 1184 2952 commovet,
1237 2872 1359 2956 absque
1380 2874 1507 2940 iactura
1535 2876 1662 2942 nescire
1689 2876 1739 2940 fas
1767 2883 1825 2941 est.
1871 2874 1974 2956 Quasi
2002 2896 2073 2940 non
2101 2877 2218 2943 melius

196 2960 253 3042 qui
287 2958 367 3024 dum
406 2968 563 3024 metuunt
602 2958 779 3041 quidquam
814 2957 887 3024 Deo
927 2960 998 3024 eius
1038 2959 1184 3026 bonitate
1236 2957 1431 3026 iudicaverit
1448 2961 1599 3027 coelestis
1616 2962 1783 3045 magister,
1800 2961 1880 3044 quid
1898 2962 1982 3027 sciro
1998 2970 2032 3026 et
2049 2983 2218 3047 quousque

195 3043 371 3129 indignum
399 3044 601 3123 adscribere,
633 3045 697 3111 hoo
725 3045 836 3128 ipsum
864 3045 1061 3123 exhorrent,
1096 3046 1184 3128 quod
1236 3045 1399 3128 expediat.
1444 3047 1535 3131 Ergo
1568 3068 1610 3111 ne
1643 3047 1697 3113 vel
1729 3047 1766 3111 in
1793 3048 1886 3130 aquis
1914 3048 2133 3127 fluctuemur,
2165 3048 2217 3113 rel

196 3130 237 3196 de
264 3152 299 3197 se
328 3151 390 3215 per
417 3152 454 3196 os
480 3130 580 3196 Pauli
608 3130 702 3196 Deus
730 3138 881 3196 testatur.
925 3130 1027 3196 Pium
1050 3131 1184 3215 quidem
1237 3130 1329 3197 dubii
1357 3138 1391 3198 ct
1420 3133 1498 3217 vagi
1531 3132 1802 3199 circumferamur
1835 3154 1894 3216 per
1921 3131 2068 3198 medium
2098 3154 2216 3211 aerem,

194 3217 392 3282 asserendae
415 3217 457 3283 ab
482 3217 573 3281 omni
594 3216 763 3282 calumnia
783 3215 850 3281 Dei
871 3217 1013 3283 iustitiae
1036 3216 1183 3283 studium
1235 3217 1289 3282 vel
1312 3217 1411 3283 altius
1432 3217 1551 3301 pedem
1572 3216 1712 3303 figendo,
1735 3240 1834 3302 quam
1857 3238 1918 3302 par
1936 3230 1995 3297 est,
2024 3220 2060 3284 in
2083 3221 2217 3304 profun-

195 3303 385 3387 amplector.
431 3302 617 3367 Laudanda
638 3324 766 3386 quoque
792 3302 955 3368 modestia
982 3316 1082 3381 esset,
1116 3304 1182 3369 nisi
1235 3301 1314 3367 dum
1336 3325 1545 3388 mergamur:
1569 3306 1616 3370 sic
1638 3326 1699 3369 nos
1720 3304 1795 3370 Deo
1817 3305 2032 3388 praebeamus
2053 3305 2217 3390 regendos

196 3410 271 3453 eam
293 3389 446 3473 gigneret
473 3389 649 3454 morositas
678 3388 804 3455 occulto
832 3387 974 3470 quodam
1001 3389 1087 3453 fastu
1110 3398 1182 3453 tur·
1235 3398 1268 3452 et
1290 3388 1467 3468 docendos,
1501 3399 1539 3454 ut
1567 3390 1709 3473 simplici
1738 3392 1809 3456 eius
1836 3392 1938 3457 verbo
1965 3392 2116 3456 contenti
2165 3392 2216 3457 lus

194 3473 284 3556 gida:
308 3473 471 3556 siquidem
493 3496 534 3539 ex
557 3475 689 3557 proprio
712 3496 812 3541 sensu
833 3474 1023 3557 loquuntur.
1032 3474 1062 3557 ⁴)
1107 3474 1178 3540 Gur
1235 3475 1319 3540 scire
1341 3497 1441 3557 quam
1470 3475 1539 3542 illie
1561 3478 1762 3559 reperiemus
1789 3498 1833 3541 ne
1855 3486 2051 3561 appetamus
2073 3478 2131 3559 qui
2154 3499 2215 3557 em,

195 3559 285 3622 enim
311 3568 485 3637 vorentur,
519 3560 548 3623 si
577 3560 656 3642 quid
684 3560 775 3625 ultra
801 3560 924 3624 mentis
946 3581 1025 3625 suae
1047 3568 1181 3642 captum
1234 3561 1384 3626 etiamsi
1408 3561 1671 3628 deturfaeultas.
1715 3563 1809 3628 Haec
1831 3562 1988 3639 docilitas,
2012 3582 2077 3645 qua
2099 3584 2215 3629 sensus

193 3644 259 3708 Dei
282 3644 450 3726 potentiae
472 3644 671 3721 concedant,
699 3666 743 3709 ne
764 3645 970 3727 periclitetur
992 3645 1062 3710 eius
1085 3646 1181 3710 iusti·
1234 3666 1348 3711 omnes
1371 3666 1448 3712 suos
1469 3649 1544 3730 pius
1562 3648 1661 3712 homo
1679 3650 1739 3712 sub
1751 3649 1816 3714 Dei
1836 3647 1937 3713 verbo
1955 3650 2116 3726 continet,
2138 3670 2217 3716 vera

194 3730 250 3808 tia,
274 3730 340 3794 nisi
363 3729 442 3812 qnia
462 3733 535 3795 eius
557 3729 704 3794 tribunal
725 3751 805 3795 suae
822 3731 1002 3814 cognitioni
1019 3732 1180 3797 subiicere
1233 3739 1284 3796 est
1306 3751 1344 3796 ac
1365 3733 1465 3799 unica
1486 3733 1633 3816 sapiendi
1651 3735 1775 3817 regula.
1803 3733 1890 3799 Nam
1913 3748 1946 3797 et
1968 3754 2138 3817 quousque
2155 3756 2215 3800 nos

195 3837 264 3881 non
287 3812 462 3879 dubitant?
484 3814 613 3880 Paulus
635 3814 876 3880 intolerabilem
899 3836 970 3881 esse
992 3816 1180 3898 superbiam
1232 3827 1384 3900 porrecta
1408 3840 1510 3883 manu
1541 3819 1680 3885 ducitis
1702 3821 1759 3902 qui
1786 3821 1840 3886 via
1859 3830 1924 3898 est,
1958 3820 2052 3885 cuius
2080 3821 2215 3903 spiritus

195 3900 351 3979 ostendit,
373 3901 401 3966 si
423 3900 574 3966 mortalis
596 3900 695 3965 homo
717 3902 780 3967 sibi
803 3900 962 3967 iudicium
984 3902 1019 3966 in
1041 3902 1179 3968 fratrem
1233 3922 1293 3985 per
1320 3904 1482 3986 apostolos
1509 3914 1543 3969 et
1564 3904 1741 3987 prophotas
1767 3905 1923 3988 loquutus
1945 3914 2010 3981 est,
2034 3916 2146 3971 tutum
2165 3914 2214 3972 est

195 3994 321 4064 sumat,
351 3986 428 4069 quia
450 4007 537 4052 unus
560 3985 605 4051 sit
625 3985 742 4066 iudex,
771 3988 825 4053 oui
854 3997 982 4052 stamus
1010 4008 1123 4054 omnes
1145 4000 1180 4053 et
1233 3989 1339 4069 sequi:
1363 3997 1396 4053 ct
1407 4012 1508 4073 supra
1518 4011 1649 4056 omnem
1666 3991 1831 4056 humanae
1847 3991 1968 4056 mentis
1978 3992 2214 4074 perspicaciam

195 4072 352 4151 cadimus,
376 4080 410 4137 ct
432 4073 484 4137 cui
505 4093 603 4137 omno
625 4093 715 4155 genu
737 4073 825 4138 flecti
847 4080 975 4155 oportet
997 4073 1107 4155 (Rom.
1129 4079 1177 4153 14,
1232 4073 1331 4157 longe
1353 4075 1486 4140 excellit
1507 4097 1623 4141 eorum
1643 4077 1837 4160 ignorantia,
1863 4098 1947 4159 quae
1965 4077 2000 4141 in
2017 4075 2086 4142 Dei
2104 4078 2215 4144 schola

197 4158 261 4239 10).
307 4158 412 4224 Cuius
439 4178 518 4243 ergo
544 4158 694 4222 insaniae
720 4159 797 4235 erit,
831 4161 947 4223 cristas
973 4159 1010 4223 in
1038 4158 1178 4225 iudicem
1234 4180 1301 4224 nou
1330 4159 1509 4226 discuntur.
1554 4163 1672 4245 Itaque
1702 4184 1769 4227 non
1801 4163 1912 4227 minus
1941 4185 1960 4227 a
1992 4163 2063 4228 suis
2098 4164 2214 4230 ovibus

195 4248 269 4323 [pag.
290 4247 345 4323 22]
372 4244 482 4326 ipsum
507 4243 673 4321 attollere,
704 4254 743 4307 ut
770 4246 840 4308 eius
861 4252 1056 4327 potestatem
1078 4266 1179 4311 sensu
1233 4246 1339 4329 exigit
1360 4245 1530 4325 Christus,
1564 4258 1602 4312 ut
1624 4248 1697 4313 voci
1719 4270 1796 4314 suac
1819 4247 2020 4326 auscultent,
2053 4270 2156 4332 quam
2177 4260 2214 4315 ut

193 4340 307 4395 nostro
329 4329 529 4394 metiamur?
557 4331 650 4411 Ergo
674 4329 730 4411 qui
751 4328 986 4395 verecundiam
1007 4330 1094 4397 hanc
1117 4330 1179 4396 sibi
1233 4331 1417 4397 alienorum
1445 4331 1578 4398 vocibus
1613 4354 1710 4399 aures
1735 4333 1879 4400 habeant
1905 4335 2101 4401 obstructas.
2145 4336 2213 4401 Nec

195 4416 325 4481 obstare
348 4424 547 4493 causantur,
577 4435 620 4479 ns
645 4415 751 4480 Paulo
776 4415 1001 4482 subscribant:
1034 4418 1178 4499 primum
1233 4437 1312 4482 sane
1340 4418 1436 4482 aliter
1457 4420 1530 4483 fieri
1550 4426 1673 4501 potest,
1704 4441 1804 4503 quam
1825 4427 1864 4485 ut
1891 4421 1925 4484 in
1947 4441 2088 4485 vacuam
2111 4420 2213 4487 solida

193 4500 361 4565 fateantur
388 4522 523 4567 necesse
545 4512 610 4577 est,
645 4520 743 4584 quam
771 4499 845 4566 Deo
871 4501 1017 4566 iustitiae
1044 4502 1177 4567 laudem

195 4584 361 4664 deferunt'
392 4608 427 4652 ⁸⁶
450 4588 492 4652 ad
514 4609 616 4652 annm
643 4608 695 4651 ⁸¹¹¹
717 4608 854 4653 semum
876 4596 1090 4672 reetnngerffl
1125 4611 1177 4689 sm
1303 4639 1332 4705 l)
1350 4641 1369 4695 il
1387 4657 1457 4695 nous
1476 4640 1563 4709 quitto
1581 4656 1634 4694 une
1652 4642 1716 4696 telle
1736 4642 1816 4711 faron
1835 4640 2026 4697 d’advooasser
2042 4658 2114 4712 pour
2132 4643 2185 4713 luy.

1300 4708 1331 4773 2)
1349 4709 1424 4765 Aac.
1442 4725 1496 4763 non
1516 4708 1625 4764 obstant
1644 4710 1671 4764 12
1689 4710 1800 4765 defense
1820 4711 1855 4764 du
1874 4710 1961 4764 sainct
1978 4710 2081 4779 Esprit

1301 4777 1331 4845 3)
1350 4779 1519 4833 Maintenant
1537 4780 1560 4833 si
1578 4780 1708 4847 quelques
1726 4780 1847 4834 hommes
1864 4779 1977 4834 mortels
1990 4781 2211 4836 retranchentdc

264 4841 293 4905 1)
313 4841 445 4909 sapientia
463 4842 516 4896 iam
537 4842 644 4898 Galles.
660 4851 686 4899 et
703 4861 774 4914 seqq.
792 4860 892 4899 oruues.
1233 4860 1265 4900 ce
1285 4862 1337 4915 que
1356 4846 1381 4901 S.
1399 4847 1468 4901 Paul
1487 4862 1504 4900 a
1521 4846 1577 4900 dict
1600 4855 1628 4901 et
1649 4848 1760 4902 veulent
1783 4850 1853 4902 tenir
1875 4848 1916 4903 lea
1939 4848 2132 4906 entendemens
2148 4849 2208 4917 plus

262 4908 294 4975 ⁶2)
313 4908 330 4962 il
355 4908 486 4964 demands
510 4911 704 4981 tl’oppcaite,
733 4928 835 4969 commo
860 4928 894 4967 cn
917 4911 945 4967 la
969 4927 1104 4981 personne
1128 4912 1177 4968 des
1233 4929 1360 4969 enaerrez
1384 4932 1436 4983 que
1454 4913 1612 4971 l'Escriturc
1630 4933 1664 4970 ne
1683 4915 1748 4985 fait,
1771 4918 1797 4971 ie
1814 4932 1882 4971 vous
1899 4917 1972 4985 prie,
1993 4932 2062 4972 ceux
2086 4918 2209 4987 quiscat

194 4978 353 5032 mesdisuns.
1233 4984 1300 5039 ainsi
1319 4983 1430 5052 volages
1449 5000 1478 5037 se
1496 4985 1634 5038 tieudront
1650 4986 1684 5039 ils
1704 5000 1768 5055 ceys
1787 4987 1804 5040 a
1821 4985 1880 5039 leur
1896 4986 2021 5054 appetit?

262 5045 294 5105 3)
312 5046 380 5099 mais
397 5045 422 5098 le
440 5047 529 5125 sainct
545 5047 648 5115 Esprit.
1301 5049 1332 5116 4)
1353 5068 1433 5120 apres
1451 5050 1515 5119 qu‘il
1533 5056 1623 5108 auroit
1639 5070 1736 5122 rompu
1752 5054 1828 5107 bride
1846 5054 1911 5108 licol
1929 5055 2054 5108 etbarre.

262 5118 294 5181 4)
313 5114 376 5170 Hoc
392 5115 516 5169 ultanum
534 5132 636 5170 omnmo
655 5117 923 5175 acceleracione.
1301 5120 1329 5187 b)
1348 5121 1467 5189 lesquels
1485 5137 1519 5175 ne
1536 5130 1664 5177 trouvent
1681 5122 1756 5178 nulle
1773 5123 1861 5178 bonne
1880 5123 2030 5190 simplicite.
