4620 5894
2113 38 2120 47 .
2173 28 2227 79 {³³¹-

134 200 173 265 ιι
955 196 1020 263 nu
1043 195 1320 264 somnium.
2109 172 2149 265 ιι

132 386 275 471 digitum
307 386 348 451 ab
377 385 495 451 ultima
524 386 753 470 desperatione
786 385 908 451 aberat.
958 384 1113 452 Afflictus
1165 384 1295 451 illustre
1317 384 1388 450 eius
1415 384 1586 469 speculum
1606 386 1702 451 nobis
1723 385 1817 453 Deus
1846 388 1918 472 ipse
1940 394 2021 455 ante
2041 386 2149 456 oculos

132 480 205 538 erat
225 471 301 555 plus
322 493 422 553 quam
451 473 555 538 atroci
584 470 685 538 clade.
730 472 835 535 Totus
857 492 959 555 prope
980 473 1041 536 flos
1062 473 1113 537 vi·
1166 471 1269 554 ponit.

133 578 249 623 rorum
270 559 423 640 perierat.
456 558 566 623 Palati
589 577 626 622 ac
647 556 796 639 dissipati
808 555 992 623 nihilaliud
1015 579 1114 639 quam
1251 557 1326 621 Iam
1358 557 1415 621 vix
1446 555 1514 620 ulla
1551 558 1658 641 magis
1698 578 1809 625 coram
1843 560 1968 626 mundo
2020 558 2149 627 udenda

132 645 232 709 fletus
264 650 299 708 et
336 643 483 708 lamenta
522 641 778 708 meditabantur.
839 642 891 707 Ne
931 643 1115 709 remedium
1166 641 1322 709 ecclesiae
1344 641 1535 708 deformitas
1551 644 1633 726 fingi
1654 653 1772 728 potest,
1796 665 1895 728 quam
1916 584 2149 731 babylonicum

132 729 268 814 quidem
289 749 369 812 prae
391 729 554 793 malorum
584 729 746 812 gravitate
773 728 1024 811 quaerentibus,
1054 731 1114 794 ali·
1166 727 1329 793 exsilium.
1375 726 1528 793 Crudelis
1551 750 1664 793 rerum
1691 731 1840 795 omnium
1867 730 2026 816 direptio,
2055 731 2149 799 foeda

133 835 201 900 qua
222 816 365 898 primum
388 813 485 879 datur
504 814 681 879 relaxatio:
711 822 824 896 postea
852 814 960 879 subito
982 821 1115 898 praeter
1167 820 1276 879 terrae
1293 813 1461 896 populatio
1473 824 1507 878 et
1523 816 1673 892 vastitas,
1696 816 1776 881 urbs
1793 817 1954 884 incendiis
1976 817 2148 884 etviolen-

133 901 323 984 opinionem
350 900 479 966 ecoelo
501 900 592 965 salus
614 899 761 983 affidget.
807 898 925 965 Occiso
946 899 1048 966 Saule
1070 902 1115 966 si·
1166 900 1213 965 tia
1246 899 1358 964 hostili
1391 897 1528 965 disiecta
1558 908 1592 964 et
1624 900 1747 980 lacera,
1788 902 1951 984 templum
1983 902 2148 970 horribilli

133 986 215 1053 mile
234 985 379 1052 instabat
399 986 580 1064 excidium,
608 1006 711 1068 quum
732 984 845 1051 David
874 1006 927 1051 res
955 985 1115 1071 collapsas
1166 985 1264 1050 ruina
1291 985 1453 1061 excisum,
1489 987 1591 1050 totius
1622 1007 1734 1051 sacrae
1767 988 1980 1070 supellectilis
2010 988 2148 1089 indigna

133 1082 301 1137 momento
322 1072 476 1137 restituit.
521 1072 560 1137 si
582 1072 758 1137 continuus
784 1072 874 1154 pacis
900 1073 1115 1156 prosperique
1167 1070 1332 1154 spoliatio,
1371 1079 1530 1153 quantam
1567 1070 1717 1137 hostibus
1758 1072 1941 1139 insultandi
1978 1075 2148 1141 licentram

135 1166 241 1224 status
281 1167 376 1222 tenor
412 1158 576 1233 fluxisset,
615 1166 727 1239 posset
764 1156 897 1240 quidem
935 1158 1115 1224 maioribus
1168 1154 1247 1221 dare
1257 1155 1433 1239 poterant?
1463 1156 1510 1221 Et
1528 1177 1567 1222 ea
1584 1178 1670 1238 quae
1680 1179 1769 1222 nunc
1791 1161 1942 1227 recensui
1953 1158 2145 1239 ostendunt,

133 1243 315 1327 praedicari
337 1244 494 1308 encomiis
522 1264 599 1308 rara
619 1242 709 1307 illius
735 1242 849 1325 populi
869 1242 1022 1309 felicitas:
1057 1242 1115 1311 scd
1168 1262 1267 1325 quam
1292 1241 1476 1307 insolenter
1502 1262 1539 1307 se
1567 1243 1746 1308 extulerint
1773 1242 1941 1311 Ohaldaei
1986 1244 2148 1312 Omnium

133 1336 184 1394 tot
209 1329 347 1394 mirifice
368 1350 389 1393 a
410 1330 482 1394 Dec
504 1328 623 1395 allatae
652 1328 776 1393 salutes
803 1350 868 1393 non
897 1328 1034 1412 perinde
1056 1351 1114 1413 ag·
1167 1347 1246 1392 vero
1273 1327 1429 1394 conviciis
1463 1338 1497 1392 et
1524 1328 1638 1393 sannis
1674 1328 1797 1412 passim
1832 1331 2022 1413 impetitum
2048 1332 2148 1397 fuisse

19 1416 22 1421 '
115 1423 360 1481 ‘noscerentur
406 1413 520 1495 Quum
541 1424 655 1497 postea
676 1413 788 1480 decem
815 1413 922 1479 tribus
944 1435 980 1480 se
1001 1436 1022 1480 a
1043 1436 1114 1482 cor·
1168 1414 1232 1479 Dei
1260 1412 1395 1491 cultum,
1429 1413 1501 1479 veri
1535 1413 1643 1479 simile
1676 1422 1736 1479 est.
1781 1416 1885 1498 Atqui
1907 1417 1989 1482 haec
2019 1424 2147 1482 tannim

132 1521 213 1585 pore
241 1500 402 1575 alienant,
437 1500 503 1565 tale
532 1498 703 1565 dissidium
730 1500 818 1564 inter
844 1500 964 1565 multos
993 1500 1114 1579 hostes,
1167 1497 1328 1581 quaedam
1357 1507 1452 1562 erant
1474 1498 1580 1564 veluti
1601 1499 1782 1580 praeludia.
1827 1505 1902 1580 [pag.
1921 1506 1978 1581 37]
2000 1502 2147 1586 Populus

134 1587 255 1653 acriter
275 1584 412 1652 nocendi
422 1586 584 1652 occasioni
605 1586 760 1664 intentos,
782 1594 990 1668 praesentem
1010 1587 1113 1651 iuter·
1167 1584 1374 1668 Babylonem
1395 1583 1564 1663 abductus,
1596 1605 1662 1649 uon
1685 1607 1780 1652 secus
1802 1607 1839 1652 ac
1860 1596 2031 1653 mortuum
2053 1587 2146 1654 cada·

134 1672 220 1737 itum
247 1673 368 1737 minari
396 1672 579 1737 videbatur.
625 1672 840 1755 Degenerant
866 1679 980 1754 postea
1005 1672 1114 1737 Israe-
1167 1691 1228 1734 ver
1248 1671 1285 1734 in
1307 1669 1496 1751 sepulcrum
1517 1669 1716 1737 reconditur.
1762 1671 1963 1755 Quanquam
1985 1674 2049 1741 hoc
2069 1694 2146 1758 quo·

134 1757 214 1823 litae
240 1760 276 1822 in
303 1758 426 1823 alienos
454 1758 548 1822 ritus.
594 1757 712 1840 Itaque
739 1756 933 1823 abdicantur
957 1756 1114 1841 quodam·
1168 1776 1232 1837 que
1258 1756 1413 1834 interest,
1447 1755 1532 1837 quod
1559 1755 1687 1822 lacerae
1714 1766 1823 1840 partes
1850 1758 1916 1824 huo
1942 1758 2026 1825 illuc
2053 1758 2146 1826 dissi·

135 1842 233 1908 modo
251 1863 272 1907 a
293 1844 358 1907 Dei
378 1844 509 1907 familia.
544 1841 727 1908 Residuam
749 1849 887 1926 partem,
910 1864 994 1925 quae
1012 1843 1115 1909 eccle-
1167 1848 1306 1923 pantur,
1337 1862 1379 1905 nc
1408 1862 1524 1907 rursus
1552 1841 1745 1908 coalescant.
1790 1843 1893 1909 Nulla
1915 1845 2060 1927 amplius
2083 1844 2146 1911 Dei

135 1930 185 1994 sia
207 1930 271 1993 Dei
293 1937 461 2006 censetur,
492 1928 549 1994 diu
576 1937 738 1995 staturam
760 1948 831 1993 esse
853 1950 951 1994 nemo
972 1936 1113 2011 putaret.
1167 1927 1267 2010 regia,
1290 1926 1421 1991 nullum
1444 1927 1632 2007 sacrarium,
1655 1929 1747 1993 nulla
1768 1930 1877 1994 cultus
1898 1932 2034 2012 species,
2063 1930 2145 1995 nulli

133 2015 181 2081 Ilt
201 2036 281 2081 sane
300 2035 339 2080 eo
361 2036 458 2097 saepe
480 2016 686 2081 necessitatis
698 2015 870 2080 coniicitur
887 2014 1028 2098 populus
1047 2015 1114 2094 ille,
1168 2013 1319 2077 solennes
1342 2023 1468 2091 coctus,
1498 2012 1627 2077 nullum
1655 2013 1795 2097 denique
1821 2026 1973 2098 superest
1992 2016 2144 2083 ecclesiae

135 2108 175 2165 ιιι
196 2100 300 2166 salute
328 2101 501 2184 desperata
529 2108 677 2169 extrema
704 2120 853 2183 quaeque
874 2100 1035 2165 attonitus
1057 2122 1115 2166 ex·
1167 2119 1295 2163 nomen.
1346 2101 1396 2162 Ao
1428 2119 1470 2163 ne
1508 2098 1586 2180 quid
1618 2099 1658 2162 nd
1692 2109 1875 2166 extremam
1914 2103 2144 2168 contumeliam

135 2192 266 2269 spectet
313 2187 473 2269 Tempore
501 2186 629 2264 Athea,
661 2207 765 2268 quum
798 2185 862 2249 duo
895 2187 1115 2269 potentissimi
1167 2183 1268 2262 desit,
1296 2184 1332 2248 in
1359 2183 1508 2265 superbis
1539 2192 1574 2249 et
1603 2186 1751 2268 impuris·
1774 2188 2069 2254 comessationibus
2096 2209 2143 2255 sa·

135 2292 231 2355 reges
256 2272 363 2355 ipsam
390 2292 518 2354 quoque
546 2270 783 2356 lerosolymam
814 2273 961 2355 aggressi
994 2283 1114 2350 essent,
1166 2288 1223 2334 ora
1244 2289 1323 2335 vasa
1344 2270 1490 2333 ostentui
1512 2268 1685 2336 habentur.
1718 2271 1809 2352 Quin
1831 2293 1869 2337 eo
1892 2294 1996 2356 usque
2018 2294 2143 2358 grassa·

135 2365 206 2421 tota
228 2358 319 2440 regio
342 2357 436 2439 quasi
463 2356 586 2441 duplici
616 2356 766 2421 incendio
793 2366 944 2439 correpta
965 2356 1032 2422 iam
1054 2360 1113 2422 fla·
1167 2364 1221 2419 tur
1248 2356 1402 2431 saevitia,
1432 2363 1470 2420 ut
1491 2356 1602 2420 Deum
1629 2358 1783 2422 invocare
1811 2358 1950 2440 capitale
1978 2360 2033 2425 sit
2080 2358 2143 2426 sed

135 2444 269 2527 grabat:
296 2443 408 2508 Achaz
434 2463 557 2526 pavore
586 2443 795 2508 exanimatus
821 2441 861 2506 ad
891 2442 1016 2525 primos
1039 2444 1114 2509 hos-
1166 2440 1246 2507 facit
1267 2440 1349 2506 haec
1370 2452 1439 2505 tam
1461 2443 1614 2507 immanis
1636 2445 1781 2507 omnium
1794 2444 1956 2509 malorum
1967 2448 2143 2530 congeries,

135 2529 219 2594 tium
239 2528 381 2595 insultus
398 2528 493 2593 facile
510 2527 714 2594 concidisset.
747 2528 986 2613 Exstinguitur
1007 2530 1115 2595 subito
1167 2527 1261 2591 utin
1283 2525 1485 2591 restituenda
1506 2527 1618 2610 populi
1640 2528 1761 2607 salute,
1790 2530 1895 2613 magis
1917 2531 2065 2597 emineat
2085 2532 2144 2598 Dei

134 2622 250 2679 tantus
273 2615 360 2698 ignis
382 2614 503 2697 absque
532 2615 705 2679 hominum
731 2634 849 2691 manu,
882 2615 992 2679 fumus
1016 2614 1116 2680 etiam
1167 2613 1283 2677 virtus.
1316 2614 1478 2687 Primum,
1501 2612 1586 2694 quod
1600 2615 1719 2679 Daniel
1741 2623 1774 2680 et
1795 2616 1958 2682 eiussocii
1979 2616 2017 2681 in
2039 2638 2144 2683 raram

135 2699 322 2766 discutitur.
367 2702 490 2765 Annon
527 2702 561 2764 in
593 2699 788 2765 liberatione
818 2699 884 2765 ista
911 2700 976 2765 Dei
1009 2701 1116 2784 gloria
1167 2698 1351 2781 potentiam
1374 2718 1415 2762 ex
1438 2700 1598 2764 servitute
1620 2700 1822 2778 evehuntur,
1852 2709 1889 2765 ut
1910 2701 2034 2785 aliquid
2058 2703 2144 2769 leva·

135 2786 235 2870 pleno
257 2806 292 2851 se
314 2786 441 2869 fulgore
468 2783 634 2850 effundit?
680 2784 794 2866 Quum
822 2806 900 2850 vero
923 2783 1115 2852 Sennache·
1168 2784 1267 2848 tionis
1288 2785 1408 2848 misere
1437 2784 1603 2867 oppressis
1630 2786 1785 2852 fratribus
1808 2787 1962 2852 afferant:
1998 2788 2146 2855 bociam

134 2873 186 2938 rib
209 2892 349 2956 regnum
371 2871 542 2955 praesidiis
556 2871 719 2937 nudatum
731 2880 930 2953 occupasset,
953 2872 1115 2954 trepidam
1167 2868 1363 2935 documento
1384 2869 1495 2951 palam
1512 2871 1635 2936 factum
1656 2879 1715 2949 est,
1739 2872 1918 2950 ecclesiam,
1941 2874 1999 2939 ubi
2018 2874 2147 2941 videtur

134 2958 251 3023 urbem
273 2957 368 3023 etad
397 2957 618 3023 resistendum
639 2962 713 3037 [pag.
734 2962 787 3036 36]
815 2958 952 3022 minime
972 2959 1115 3023 instruc-
1167 2956 1299 3038 penitus
1320 2954 1449 3032 relicta,
1476 2975 1574 3021 curae
1602 2964 1716 3022 tamen
1738 2980 1809 3023 esse
1831 2959 1912 3023 Deo.
1957 2957 2062 3039 Quod
2083 2970 2151 3028 tros

134 3052 204 3109 tam
231 3044 351 3109 furiose
378 3043 523 3121 invadit,
552 3064 612 3108 rex
639 3041 797 3107 Ezechias
823 3042 892 3107 fere
920 3043 1037 3108 similis
1065 3053 1116 3108 est
1167 3041 1274 3107 sancti
1302 3041 1466 3120 homines,
1495 3042 1552 3123 qui
1578 3042 1615 3106 in
1641 3043 1808 3110 fornacem
1836 3044 1974 3109 coniecti
2005 3045 2150 3126 fuerant,

134 3137 239 3213 capto,
260 3130 391 3194 nullum
403 3130 572 3215 effugium,
584 3128 668 3194 nihil
679 3130 770 3193 intus
784 3129 865 3211 opis,
885 3128 971 3193 nihil
983 3129 1115 3195 aliunde
1166 3126 1251 3192 salvi
1272 3126 1350 3192 inde
1372 3146 1410 3191 ac
1431 3128 1552 3212 integri
1564 3128 1718 3206 evadunt,
1740 3129 1952 3196 memorabile
1971 3131 2010 3195 in
2032 3132 2157 3214 primis

135 3214 281 3280 subsidii.
326 3214 418 3280 Dum
441 3216 544 3281 hostis
566 3215 640 3298 plus
656 3234 757 3297 quam
778 3213 958 3281 insolenter
979 3236 1014 3280 se
1035 3214 1114 3282 effe·
1167 3212 1333 3295 specimen
1354 3211 1559 3278 liberationis
1570 3214 1683 3298 populi
1699 3236 1777 3280 mox
1789 3216 1920 3280 futurae
1931 3215 2001 3282 illic
2011 3217 2155 3284 relucet.

134 3322 211 3366 rens
234 3300 297 3366 alic
318 3322 396 3366 mox
415 3301 591 3385 abripitur,
615 3321 726 3365 annon
748 3308 819 3364 tum
842 3299 924 3366 haec
945 3300 1115 3384 inopinata
1165 3296 1309 3363 Reditus
1330 3305 1442 3363 autem
1464 3299 1534 3381 ipse
1555 3299 1669 3383 populi
1695 3322 1762 3366 non
1783 3301 1904 3366 minori
1927 3300 2159 3371 admiratione

134 3387 273 3451 mutatio
296 3408 414 3451 verum
439 3408 513 3452 esse
533 3386 691 3464 ostendit,
721 3384 807 3468 quod
829 3386 870 3451 ab
892 3386 999 3452 Iesaia
1018 3408 1114 3469 prae-
1166 3383 1286 3468 dignus
1307 3385 1379 3463 fuit,
1402 3405 1502 3466 quam
1523 3385 1672 3451 inaudita
1693 3386 1855 3470 quaedam
1872 3390 2091 3455 resurreetio:
2114 3400 2164 3457 nt·

135 3470 261 3537 dictum
283 3480 363 3549 erat,
386 3494 457 3537 esse
474 3480 661 3555 promptam
673 3473 744 3536 Deo
762 3473 1020 3555 rationemque
1041 3481 1113 3537 tru-
1166 3490 1244 3535 vere
1265 3469 1301 3534 in
1312 3470 1448 3536 Psalmo
1468 3469 1581 3536 fideles
1602 3473 1735 3551 iactent,
1758 3494 1793 3538 se
1805 3480 1885 3538 tunc
1902 3474 2163 3543 somniantibus

135 3557 301 3621 culentam
330 3556 468 3623 bestiam
491 3558 584 3622 illam
606 3557 659 3622 vel
680 3555 842 3636 domaret,
870 3558 924 3622 vel
946 3558 1114 3625 cohiberet
1164 3556 1265 3621 fuisse
1287 3556 1410 3621 similes
1432 3556 1534 3636 (Psal.
1559 3561 1628 3634 126,
1653 3560 1692 3642 1).
1738 3559 1812 3623 Iam
1833 3558 1919 3641 quod
1942 3574 2164 3630 commeatus

135 3641 214 3725 (Ios.
235 3645 285 3719 37,
305 3642 383 3727 29)?
429 3640 497 3708 Sed
519 3642 575 3707 ubi
595 3642 693 3725 paulo
725 3653 801 3725 post
826 3663 913 3709 nova
934 3643 1075 3709 victoria
1089 3645 1113 3728 ¹)
1165 3662 1285 3725 arege
1306 3641 1490 3724 praebetur,
1512 3643 1598 3724 quod
1620 3643 1782 3727 templum
1804 3645 1989 3711 exstruitur
2010 3659 2161 3733 sumptu

133 3729 270 3792 inflatus
293 3729 479 3808 revertitur,
506 3728 605 3811 longe
626 3727 716 3792 aliud
797 3727 863 3793 tiae
885 3730 1114 3812 potentiaeque
1165 3729 1271 3810 regio,
1299 3727 1384 3810 quod
1406 3729 1562 3810 gravibus
1589 3729 1703 3795 edictis
1730 3730 1948 3813 prohibentur
1969 3752 1990 3796 a
2012 3732 2169 3802 Iudaeis

136 3834 214 3880 suae
237 3814 404 3895 specimen
426 3815 460 3878 in
482 3812 641 3878 solvenda
662 3813 731 3878 obsi
754 3815 828 3878 ione
848 3813 917 3879 edit
939 3813 1112 3881 Dominus.
1165 3813 1322 3892 iniuriae,
1350 3813 1472 3896 pudeat
1499 3836 1558 3880 nos
1586 3835 1651 3880 non
1682 3837 1858 3899 agnoscere
1887 3818 1997 3881 Deum
2025 3819 2155 3886 harum

133 3900 250 3982 Neque
284 3899 373 3964 enim
401 3920 460 3982 per
484 3898 637 3964 homines
670 3920 746 3964 eum
773 3897 851 3965 inde
878 3908 1027 3978 revocat,
1059 3900 1113 3966 vel
1165 3920 1278 3964 rerum
1311 3908 1476 3978 autorem,
1511 3922 1611 3983 quum
1643 3901 1781 3968 totidem
1813 3902 1992 3968 incredulis
2019 3906 2152 3972 fuerint

134 3985 266 4051 usitatis
287 3984 393 4049 modis
414 3985 539 4069 Dangit
558 3985 648 4049 illius
670 3986 822 4067 impetus,
850 3984 1039 4069 mediosque
1060 4006 1112 4052 co-
1164 3990 1327 4068 portenta.
1371 3985 1464 4051 Haeo
1486 3993 1598 4052 autem
1620 3987 1837 4053 consideratio
1859 3988 1923 4054 dici
1944 4009 2013 4053 non
2034 4000 2151 4074 potest

134 4079 234 4136 natus
268 4071 449 4153 abrumpit:
484 4070 543 4135 sed
574 4071 722 4136 inaudita
747 4078 858 4155 strage
891 4092 950 4155 per
976 4094 1112 4137 manum
1164 4082 1366 4154 quantopere
1393 4071 1434 4136 ad
1463 4072 1640 4138 iuvandam
1669 4073 1918 4157 augendamque
1944 4073 2046 4140 fidem
2068 4098 2146 4144 nos·

134 4157 245 4241 angeli
268 4157 449 4222 exercitum
470 4156 520 4220 illi
543 4164 640 4222 nocte
669 4177 735 4222 una
763 4156 925 4238 adimens,
949 4157 1112 4223 inermem
1164 4166 1251 4221 tram
1279 4156 1395 4222 valeat
1441 4155 1517 4237 Quo
1548 4158 1757 4225 convincitur
1785 4181 1898 4225 eorum
1926 4158 2145 4245 ingratitudo,

134 4263 174 4308 ac
195 4242 370 4325 spoliatum
388 4242 606 4327 ignominiosa
623 4243 702 4326 fuga
719 4243 833 4325 procul
855 4242 1018 4308 aIudaea
1037 4265 1112 4326 pro·
1163 4242 1222 4391 qui
1242 4243 1278 4306 in
1300 4252 1369 4306 tam
1390 4241 1473 4307 bene
1494 4243 1644 4309 ordinato
1664 4245 1790 4328 gloriae
1807 4246 1873 4310 Dei
1894 4246 2025 4311 theatro
2047 4270 2145 4315 scan-

134 4329 236 4413 uiget,
258 4349 357 4410 quam
379 4331 484 4394 victor
510 4329 700 4413 ingentibus
728 4328 830 4413 copiis
851 4329 992 4394 tenebat.
1036 4330 1112 4396 Hoc
1186 4329 1277 4393 alum
1299 4349 1363 4411 quo
1384 4329 1698 4413 impingantsibifin
1744 4338 1791 4396 nt.
1823 4331 1938 4408 Porro,
1960 4332 1997 4396 in
2019 4340 2146 4401 terram

136 4421 224 4479 certe
256 4435 361 4479 unum
392 4415 519 4480 facinus
551 4414 670 4498 amplo·
697 4415 892 4479 documento
929 4422 993 4493 est,
1027 4415 1112 4479 nihil
1164 4435 1259 4481 suam
1290 4415 1428 4493 reversi,
1462 4414 1570 4481 subito
1596 4416 1688 4482 incre
1714 4417 1823 4483 ‘bilem
1847 4417 1884 4481 in
1910 4416 2047 4485 modum
2074 4428 2145 4487 tam

135 4499 304 4564 interdum
325 4502 431 4585 magis
453 4500 618 4583 expedire,
641 4521 741 4584 quam
763 4500 932 4568 ecclesiam
954 4501 1112 4567 extremis
1163 4499 1336 4564 hominum
1357 4521 1495 4565 numero
1516 4523 1615 4585 quam
1633 4502 1749 4585 opibus
1770 4510 1944 4588 augentur.
1977 4503 2144 4590 Hocque-

138 4586 301 4669 angustiis
329 4586 455 4670 urgeri,
488 4598 527 4651 ut
550 4586 693 4652 mirabili
720 4587 785 4652 Dei
812 4588 994 4671 potentiae,
1027 4587 1112 4670 quod
1164 4607 1227 4669 que
1249 4607 1314 4650 non
1336 4586 1510 4651 obscurum
1528 4587 1659 4655 divinae
1682 4594 1756 4667 [pag.
1775 4594 1829 4669 38]
1851 4591 2020 4671 potentiae
2041 4594 2143 4658 mira-

136 4670 309 4737 iucolumis
330 4671 449 4750 evadit,
472 4671 618 4738 tribuere
640 4672 752 4739 discat.
797 4673 866 4739 Nos
888 4694 967 4738 vero
988 4672 1039 4738 bis
1060 4672 1112 4737 in·
1165 4671 1277 4738 culum
1299 4679 1364 4749 est,
1392 4675 1585 4754 praesertim
1613 4695 1715 4757 quum
1742 4673 1835 4739 nulla
1855 4674 1923 4741 illis
1945 4673 2082 4743 daretm
2102 4679 2144 4744 ab

137 4757 233 4841 grati,
255 4756 284 4820 si
303 4756 413 4822 velum
435 4757 522 4823 ultro
551 4757 644 4824 nobis
665 4760 875 4842 opponimus,
902 4758 989 4841 quod
1010 4758 1114 4825 divini
1165 4756 1317 4822 hostibus
1337 4758 1507 4824 relaxatio.
1541 4757 1673 4825 Scimus
1694 4761 1784 4825 enim
1800 4766 1850 4826 tot
1870 4761 1973 4827 fuisse
1994 4763 2143 4831 adversis

137 4863 217 4926 erga
249 4841 420 4908 ecclesiam
448 4844 569 4910 favoris
601 4853 812 4928 conspectum
848 4845 1015 4924 obscuret,
1057 4845 1116 4911 ubi
1166 4843 1268 4926 copiis
1290 4842 1448 4923 obsessos,
1476 4853 1556 4928 quot
1576 4846 1704 4912 vicinae
1725 4853 1821 4911 erant
1841 4848 1876 4911 in
1898 4847 2039 4914 circuitu
2061 4872 2142 4936 gen·

1165 4936 1242 5017 tes..
1269 4928 1406 5008 Verum,
1436 4931 1529 4996 utin
1550 4951 1646 4998 cruce
1667 4932 1788 4998 clarius
1807 4931 1971 5017 refulgeat
1991 4944 2141 5002 extraor-

1167 5014 1333 5080 dinarium
1345 5016 1409 5081 Dei
1452 5015 1639 5098 remidium,
1661 5040 1727 5083 non
1743 5018 1848 5084 multo
1865 5025 1940 5102 post
1961 5021 2036 5088 aliis
2052 5020 2141 5087 iden·

208 5115 238 5184 1)
255 5114 320 5184 qual
337 5116 411 5169 avoir
428 5072 479 5170 eds
498 5132 531 5171 en
548 5116 663 5187 Emis,
1168 5100 1271 5167 tidem
1293 5108 1390 5186 atquc
1448 5103 1489 5169 iis
1516 5103 1664 5171 cladibus
1686 5103 1734 5170 sic
1755 5112 1986 5188 protenmtur,
2016 5109 2139 5174 utiam
