4590 5902
950 247 1320 317 PROLEGOMENA„

681 652 827 709 CONRAD
846 652 979 708 sumus
999 651 1134 708 AUDIOT
1154 652 1263 709 SIEUR
1285 654 1336 708 DE
1357 652 1589 709 NORMANDIR
1678 680 1686 694 ι
1709 689 1715 699 ·

648 855 729 924 Oen
749 858 770 921 ὰ
791 857 849 922 boa
870 857 968 921 droiet
989 877 1047 939 que
1064 876 1096 921 ee
1111 857 1265 938 proverbe
1285 879 1306 922 a
1329 858 1401 938 lieu,

649 968 847 1050 Qa'loaaeur
867 972 912 1033 est
931 965 990 1033 boa
1007 968 1115 1048 quand
1133 967 1275 1033 l'bomme
1296 967 1335 1033 de
1354 967 1424 1035 aa
1441 968 1524 1034 lale:

648 1079 712 1147 Gar
734 1079 874 1145 l’bomme
894 1078 994 1145 droiet
1014 1080 1069 1160 qui
1091 1080 1173 1146 alnae
1195 1081 1298 1161 etqui
1320 1078 1432 1147 eraud
1450 1080 1547 1162 Dia,

647 1190 770 1258 &eume
791 1189 816 1255 il
838 1210 876 1254 ue
897 1189 980 1255 ueult
999 1209 1059 1273 que
1079 1210 1139 1255 son
1159 1191 1239 1274 fatet
1259 1212 1299 1256 on
1321 1192 1422 1257 adsue

649 1301 708 1368 etl
728 1323 766 1366 ue
787 1302 816 1366 le
837 1301 939 1366 eault:
960 1300 1052 1369 aas&
1072 1301 1142 1368 bien
1163 1303 1189 1367 e'l
1210 1304 1360 1369 n'adeoue

648 1412 746 1498 (leluy
766 1413 923 1496 a'aaaay,
946 1413 996 1478 e’il
1015 1433 1053 1478 ue
1074 1413 1115 1479 la
1137 1414 1254 1480 merite.

651 1526 702 1590 Ne
723 1526 788 1591 sote
808 1526 913 1590 marri
933 1524 1095 1606 danaes,
1117 1526 1148 1590 si
1169 1526 1273 1606 verite,

647 1635 701 1702 Ea
723 1642 752 1702 te
772 1637 887 1715 lauant,
910 1635 958 1702 dit
978 1657 1010 1701 ee
1029 1636 1088 1702 bon
1103 1658 1316 1722 pessumae:

649 1748 714 1814 Cur
736 1749 776 1817 oie
798 1749 928 1829 quana
949 1767 988 1811 eu
1009 1749 1105 1813 seeo'd
1121 1749 1223 1828 irrite,

648 1860 769 1942 L'effeat
790 1860 827 1926 de
848 1879 961 1942 seyen
977 1864 1068 1941 porte
1089 1861 1302 1944 tesmoiqaaye.

287 2198 394 2264 Autre
415 2193 537 2260 Dizain
559 2202 581 2261 a
602 2193 691 2260 deux
712 2193 875 2259 munieras
898 2192 939 2258 de
962 2213 1054 2278 gens,
1075 2213 1160 2276 pour
1181 2193 1322 2278 lesquels
1344 2214 1387 2259 en
1408 2194 1515 2276 partie
1536 2212 1574 2260 oe
1596 2193 1682 2262 livre
1700 2199 1753 2261 eet
1772 2194 1860 2261 iniat

651 2355 772 2438 Esuris
793 2356 948 2438 adimite,
971 2357 1026 2438 qai
1048 2360 1151 2422 u’osee
1173 2356 1347 2439 approeber

650 2468 701 2534 De
721 2466 908 2550 l’anaailu
931 2467 971 2531 oei
991 2488 1024 2533 se
1038 2468 1134 2548 unaue
1155 2467 1256 2532 l’eaae
1277 2469 1354 2548 elue,

653 2577 832 2661 Crotoniates
854 2582 977 2644 trouver
994 2579 1124 2661 quelque
1143 2579 1263 2662 aoaffre
1285 2600 1325 2644 aa
1346 2578 1470 2646 reeber:

657 2690 743 2755 Vous
763 2691 950 2773 desqoastee,
972 2691 1029 2772 qui
1050 2691 1178 2772 lasqaes
1200 2689 1272 2756 bla
1293 2693 1360 2758 riae

651 2800 773 2867 Estaus
794 2822 901 2881 uenae,
924 2802 1016 2866 d’uue
1035 2803 1128 2883 tbeou
1150 2802 1300 2868 eraiute've

649 2913 738 2978 Aeas
759 2933 791 2978 ee
811 2933 901 2979 eeurs
922 2913 1063 2977 beurene
1080 2912 1293 2993 habundantii,

658 3024 765 3104 Venae,
787 3025 873 3104 lissa,
897 3045 928 3090 ee
949 3025 1028 3090 livre
1049 3030 1094 3090 est
1115 3025 1250 3090 adeone

652 3135 740 3202 Pone
761 3156 838 3202 oues
856 3141 1010 3202 meretrer
1030 3140 1120 3218 qu’eu
1143 3138 1176 3202 la
1198 3137 1314 3203 saincte
1335 3137 1470 3204 doctrine

547 3276 551 3282 ⁴
653 3247 719 3330 eae
740 3268 816 3313 eous
837 3247 981 3328 blasmee,
1004 3247 1151 3314 scandale
1168 3253 1246 3314 a’est
1265 3248 1375 3327 douae,

651 3357 743 3424 Meis
761 3363 850 3441 qa’ea
871 3379 948 3424 uoles
969 3365 1014 3424 est
1032 3359 1069 3424 de
1090 3380 1122 3426 ee
1143 3360 1210 3426 mal
1231 3359 1265 3424 la
1284 3360 1402 3426 eadee

291 3697 488 3780 Exemplari
510 3698 560 3762 nti
581 3695 748 3778 potuimus
771 3717 791 3759 a
812 3694 894 3758 viris
914 3691 1162 3774 spectatissimis
1184 3701 1218 3758 et
1239 3693 1497 3773 humanissimis,
1522 3694 1736 3762 bibliotheeae
1756 3693 2071 3761 dnenlisGothanae
2093 3695 2156 3762 ad-

127 3808 413 3878 ministratoribus
435 3808 605 3875 nobiseum
624 3808 871 3873 communiente.
918 3802 1091 3869 Secundae
1125 3825 1202 3870 vero
1237 3804 1389 3870 editionis
1417 3807 1552 3871 unieum
1586 3807 1674 3891 quod
1706 3807 1851 3890 reperire
1877 3805 1972 3872 nobis
1997 3806 2150 3890 contigit,

126 3943 210 3992 enm
230 3918 384 4007 plurimis
405 3919 480 3985 aliis
502 3917 681 3984 rarioribus
703 3916 838 3994 libellis,
866 3914 1012 3999 inclytae
1035 3914 1318 4000 Guelferbytanae
1340 3917 1504 4000 qnondam
1525 3917 1728 4001 praelautus,
1757 3917 1932 3984 Oonradus
1954 3918 2149 3983 Bethmunn

125 4033 229 4103 nobis
248 4031 485 4101 eonferendum
507 4029 676 4108 noncessit,
699 4049 794 4111 quem
817 4048 922 4110 nuper
943 4035 1151 4109 praematuro
1172 4029 1241 4092 lato
1263 4027 1367 4093 literis
1390 4037 1424 4094 et
1445 4029 1564 4096 studiis
1585 4038 1737 4116 ereptum
1754 4028 1866 4096 debita
1882 4028 1980 4094 laude
1997 4028 2152 4112 prosequi

126 4165 224 4214 nune
250 4144 395 4209 maxime
416 4143 516 4208 officii
547 4142 651 4206 nostri
684 4160 755 4205 esse
778 4139 937 4204 ducimus.
982 4139 1076 4204 Haeo
1098 4139 1201 4204 altera
1226 4139 1322 4204 eitius
1344 4141 1458 4219 ouum,
1490 4162 1589 4224 quam
1611 4143 1646 4206 in
1668 4142 1848 4227 arohetypo
1867 4139 2027 4219 vidimus,
2054 4161 2151 4207 susm

126 4258 388 4339 antesignanum
410 4260 549 4337 sequuta
570 4260 627 4317 est.
673 4250 804 4316 Titulus
824 4259 888 4315 est:

290 4364 381 4432 Dus
404 4361 681 4432 SOANDALES
703 4363 707 4447 Ι
727 4372 788 4439 avr
810 4370 1057 4426 aususausus
1079 4370 1164 4438 rev-1
1184 4370 1585 4429 ravanuvnnnsvoovr
1601 4374 1654 4430 uu
1671 4364 1677 4449 Ι
1697 4386 1780 4450 gons
1800 4365 1841 4430 de
1863 4365 1958 4431 venir
1980 4372 2001 4430 a
2022 4363 2056 4430 la
2068 4385 2152 4449 pins

128 4480 284 4547 doctrine
311 4478 352 4542 de
373 4477 442 4542 l'E-
463 4478 468 4561 Ι
487 4475 636 4559 uangile,
669 4483 703 4538 et
733 4495 774 4538 en
803 4472 1026 4538 desbauehent
1053 4471 1204 4538 ‹l’autres
1226 4472 1231 4559 Ι
1251 4484 1411 4539 TRAIOTE
1436 4483 1603 4541 COMPOSE
1624 4484 1711 4540 NOV·
1731 4477 1736 4558 Ι
1756 4475 1934 4542 uellement
1965 4496 2026 4559 par
2043 4475 2152 4543 Iehsn

127 4590 266 4660 Calain.
287 4592 294 4671 Ι
485 4589 490 4668 Ι
511 4601 538 4651 2.
551 4586 632 4651 COR
648 4599 694 4649 11.
715 4583 719 4670 Ι
739 4595 801 4662 QVI
819 4593 888 4648 EST
900 4593 1131 4648 seuuonfflzu
1150 4594 1224 4662 QVE
1243 4586 1247 4668 Ι
1267 4595 1305 4649 ΙΕ
1319 4595 1406 4652 N’EN
1415 4596 1508 4652 SOYE
1519 4596 1684 4652 BRVSLE?
1704 4588 1709 4671 Ι
1903 4587 1910 4672 Ι
1928 4597 1954 4650 A
1968 4590 2149 4672 Gunavat

57 4692 60 4697 ¹
126 4703 187 4772 De
209 4700 434 4784 l‘imprimerie
456 4698 496 4763 de
518 4698 622 4763 Iehsn
644 4697 795 4778 Orespin.
816 4694 820 4780 Ι
839 4705 877 4759 Μ.
896 4705 929 4758 Ι).
948 4705 993 4759 LI.
2254 4694 2258 4701 '

290 4813 416 4877 Forma
437 4810 582 4875 minima.
628 4807 872 4888 Quaterniones
896 4806 1068 4872 duodecim
1093 4809 1244 4891 (A—M).
1290 4809 1438 4893 Paginae
1464 4816 1657 4876 numeratas
1688 4814 1765 4891 190;
1798 4809 1916 4894 quibus
1947 4811 2151 4896 praemissus

128 4935 187 4996 est
207 4923 380 5009 quaternio
400 4944 487 4988 unus
510 4923 555 5007 (¹⁵)
584 4921 656 4987 sine
683 4919 829 4984 numeris
851 4919 1064 5001 paginarum,
1098 4920 1190 4985 euiru
1213 4930 1281 4986 tres
1308 4920 1443 4987 ultimae
1469 4921 1611 5006 paginae
1637 4923 1675 4987 in
1695 4921 1787 4990 albia
1832 4921 2030 4990 carminum
2051 4943 2153 5005 supra

128 5037 375 5119 descriptorum
397 5035 538 5099 alterum
561 5028 820 5113 antoniique
843 5030 1015 5111 posterius,
1039 5029 1140 5095 adest.
1184 5031 1227 5095 In
1245 5033 1311 5097 tine
1327 5031 1404 5099 libri
1424 5033 1622 5116 subseriptio
1644 5034 1766 5119 legitur
1784 5033 1882 5101 haee:
1914 5034 1948 5100 A
1970 5033 2152 5113 Geneve,

128 5151 179 5217 de
202 5147 492 5229 l’imprimerie
515 5146 559 5210 de
582 5145 710 5210 Iehan
734 5140 887 5225 Crepin
911 5142 986 5224 (sie)
1008 5141 1044 5205 le
1066 5141 1197 5208 XXIV.
1222 5142 1400 5227 Murali.
1415 5144 1460 5211 D.
1481 5145 1541 5211 LI.
1907 5244 1947 5303 B*
