4620 5894
148 214 210 275 575
311 272 316 281 ,
895 200 1164 274 REFUTATIO
1185 205 1420 275 ERRORUM
2113 210 2168 271 576

145 398 374 476 substantiam,
393 402 426 461 ct
444 395 582 461 candem
600 396 701 460 fuisse
719 394 823 459 futuri
839 392 1127 459 hominisOhristi.
1153 420 1157 466 ς
1182 404 1235 459 tus
1257 392 1421 461 abhorret
1467 394 1519 461 De
1549 395 1664 478 quinto
1696 397 1766 465 loce
1801 396 1952 463 breviter
1981 394 2168 479 respondeo.

143 483 246 550 Nulla
278 490 392 548 autem
424 481 552 566 syllaba
580 479 668 564 apud
691 480 869 545 Irenaeum
897 490 930 545 ct
951 478 1128 545 Tertullie-
1153 486 1157 541 ξ
1181 479 1339 545 Exsultat
1372 482 1467 563 quasi
1499 482 1604 546 victor
1626 480 1797 562 Servatus,
1833 484 1914 567 quia
1949 482 2071 547 deceat
2092 482 2169 547 Ter-

144 591 228 635 num
247 568 441 651 reperietur,
470 586 553 650 quae
583 566 624 631 ad
652 566 715 631 hec
741 574 963 632 commentum
985 563 1126 629 accedat.
1181 566 1341 631 tullianus
1360 565 1467 630 filiurn
1488 566 1552 631 Dei
1576 568 1698 633 visibili
1726 576 1761 634 et
1787 568 1958 653 corporali
1985 568 2169 633 substantia

145 654 236 737 Quin
258 656 367 738 potius
389 652 606 719 adventitium
623 652 725 717 fuisse
747 672 865 735 corpus
887 652 1043 727 sentiunt,
1067 651 1127 715 sub
1152 718 1156 743 Ι
1181 652 1281 718 luisse
1304 651 1497 734 praeditum.
1543 654 1647 737 Atqui
1679 654 1714 719 id
1745 664 1882 721 nestrae
1904 653 2080 719 doctrinae
2111 654 2169 719 mi·

146 763 211 825 que
233 762 268 805 se
293 740 448 823 patefecit
468 738 534 802 Dei
555 738 653 803 filius.
698 738 752 802 Ita
779 738 821 801 ad
848 738 992 820 primum
1019 736 1129 801 lecum
1152 750 1156 785 ¹
1181 738 1269 803 uime
1291 748 1467 821 repugnat:
1504 738 1600 803 modo
1628 748 1760 805 notetur
1787 748 2000 824 assumptam
2023 739 2067 804 ad
2090 750 2169 805 tem·

145 826 344 893 Tertulliani
372 832 523 907 prompta
544 832 595 889 cst
616 825 793 906 responsio,
829 822 984 888 deitatem
1006 821 1128 886 substi-
1152 888 1155 893 ,
1180 844 1242 905 pus
1269 823 1369 888 fuisse
1396 822 1614 888 substantiam
1635 829 1709 905 [pag.
1736 831 1808 906 157]
1838 826 1928 893 hanc
1956 846 1978 890 a
2006 825 2076 891 iilic
2098 826 2168 905 Dei,

145 914 227 979 tissc
249 914 284 975 in
304 910 445 975 hominis
467 910 580 988 forma,
605 930 702 993 quam
721 918 801 974 tunc
821 910 999 989 assumpsit
1021 927 1127 971 sermo
1152 910 1155 987 i
1180 908 1238 974 ubi
1279 918 1313 974 et
1351 908 1479 991 quoties
1522 910 1570 974 ita
1613 911 1738 976 ferebat
1775 912 2038 995 dispensationis
2080 913 2167 977 ratio.

146 998 222 1077 Dei,
251 995 349 1063 mode
371 995 470 1061 simul
492 1004 664 1060 teneamus
685 995 864 1061 ascititium
886 994 988 1059 luisse
1010 1014 1127 1075 corpus
1152 996 1156 1057 i
1180 994 1291 1079 Moysi
1319 994 1354 1058 in
1382 992 1464 1059 rubo
1493 995 1623 1060 ardenti
1650 996 1807 1080 loquutus
1829 1005 1882 1063 ost
1902 998 1973 1063 Dei
1997 996 2090 1062 filius
2110 998 2168 1063 sub

145 1082 239 1163 illud,
275 1084 311 1147 in
342 1103 406 1165 quo
440 1081 602 1147 visibilem
638 1102 673 1146 se
694 1081 854 1163 praebuit.
898 1077 1043 1145 Secundi
1066 1078 1128 1143 loci
1180 1080 1324 1145 hominis
1346 1080 1462 1162 specie.
1507 1081 1662 1165 Effigiem
1684 1084 1776 1147 illam
1798 1082 1945 1149 libenter
1967 1084 2169 1149 substantia·

146 1190 214 1236 non
237 1167 394 1234 absimilis
422 1174 472 1232 est
498 1166 631 1231 solutio:
668 1168 774 1247 visum
797 1166 897 1231 fuisse
919 1163 1129 1231 concedimus
1180 1165 1247 1229 lem
1267 1166 1367 1231 fuisse
1390 1166 1541 1247 cencede,
1562 1188 1628 1232 nou
1651 1169 1748 1233 inane
1770 1176 1950 1252 spectrum.
1965 1170 1993 1253 ¹)
2021 1170 2073 1235 At
2095 1190 2169 1235 vere

146 1256 212 1321 Dei
233 1254 347 1333 filium,
377 1252 435 1318 sed
458 1252 708 1335 dispensatione,
730 1273 796 1317 uon
819 1272 879 1317 sua
901 1264 1028 1315 natura.
1073 1249 1127 1313 ΕΚ
1182 1249 1342 1317 Servatus
1376 1248 1417 1315 ad
1451 1272 1568 1335 corpus
1601 1274 1697 1319 suum
1731 1256 1916 1320 increatum
1941 1256 2088 1337 rapitur,
2121 1258 2168 1321 eui

146 1342 297 1424 opposito
318 1339 465 1423 insurgit
486 1338 656 1417 Servetus,
691 1340 727 1402 in
754 1336 816 1403 hoe
838 1358 858 1400 a
879 1350 973 1419 patre
996 1336 1128 1400 differre
1153 1306 1157 1387 l
1182 1337 1343 1401 sermonis
1365 1358 1485 1403 nomeu
1504 1338 1652 1421 imponit.
1696 1340 1827 1405 Rursus
1844 1341 1954 1405 lilium
1974 1341 2054 1420 Dei,
2078 1362 2169 1424 quem

147 1446 343 1505 sermenem,
386 1426 463 1507 quia
509 1424 648 1491 visibilis
694 1434 752 1489 est.
819 1423 923 1506 Atqui
969 1420 1128 1486 memoria
1182 1422 1407 1489 Tertullianus
1427 1434 1634 1508 praesentem
1656 1425 1723 1491 illic
1743 1426 1880 1504 inducit,
1915 1425 1997 1491 vult
2017 1448 2095 1492 esse
2116 1427 2169 1492 filii

146 1528 295 1611 repetere
334 1510 494 1575 debuerat
531 1510 619 1592 quod
660 1511 752 1592 prius
785 1532 827 1575 ex
861 1508 933 1573 eius
965 1506 1129 1589 Apologia
1182 1507 1329 1573 nondum
1366 1510 1470 1593 geniti
1509 1512 1659 1595 figuram.
1716 1511 1804 1593 Quia
1843 1512 1885 1577 de
1927 1512 2068 1577 formali
2110 1512 2168 1578 dis·

147 1599 258 1675 citavi,
282 1597 420 1661 verbum
442 1616 502 1660 sua
523 1604 644 1661 natura
662 1616 729 1661 non
747 1597 857 1660 minus
874 1592 1040 1659 invisibile
1058 1612 1129 1656 csse
1180 1595 1341 1678 positione
1380 1593 1458 1659 alibi
1496 1596 1709 1679 opportunior
1750 1606 1822 1663 erat
1859 1598 2034 1663 tractandi
2073 1598 2167 1680 locus,

147 1706 247 1769 qtram
280 1682 399 1747 Deum.
462 1680 559 1747 Unde
594 1683 742 1765 sequitur
776 1680 990 1745 adventitiam
1027 1678 1129 1742 fuisse
1153 1694 1156 1729 ῑ
1180 1680 1349 1763 paulisper
1366 1678 1568 1746 distuleram.
1608 1683 1714 1767 Atqui
1733 1682 1895 1749 Servatus
1913 1684 1974 1748 hic
1991 1706 2050 1749 me
2069 1696 2165 1769 urget,

147 1771 289 1853 speciem
312 1768 365 1833 vel
387 1768 536 1847 formam,
570 1769 605 1831 in
629 1790 693 1852 qua
716 1766 820 1833 videri
841 1767 955 1849 potuit.
999 1764 1129 1827 Iterum
1153 1762 1156 1789 ²
1181 1788 1219 1831 uc
1241 1766 1519 1831 dissimulandum
1541 1789 1612 1833 esse
1634 1772 1779 1852 negat.²)
1830 1767 1925 1850 Quin
1949 1771 2058 1835 etiam
2082 1792 2166 1837 scur-

147 1856 269 1939 excipit
291 1853 450 1921 Serretes
473 1854 642 1937 preprium
661 1874 732 1918 esse
755 1852 916 1917 sermonis
939 1868 1129 1933 repraesen·
1180 1851 1288 1915 riliter
1321 1853 1455 1929 iocatur,
1489 1853 1613 1918 victum
1647 1876 1700 1919 me
1735 1855 1857 1938 fugere.
1914 1854 2060 1920 Scilicet
2083 1858 2165 1939 qumi

147 1954 228 2007 tare.
278 1940 325 2007 Ut
359 1941 420 2005 hoc
453 1942 566 2019 fatear,
602 1962 644 2004 au
679 1937 934 2022 repraesentatio
969 1935 1010 2000 ad
1043 1935 1129 2000 seles
1180 1959 1235 2001 me
1256 1937 1367 2019 aliqua
1386 1938 1530 2003 violenta
1552 1942 1730 2006 necessitas
1752 1942 1793 2005 ad
1815 1942 2016 2025 fugiendum
2039 1964 2164 2025 compu-

148 2028 258 2093 oculos
297 2025 461 2110 pertinet?
508 2026 626 2092 Sermo
666 2026 810 2089 hominis
849 2024 969 2088 dicitur
1007 2020 1129 2085 mentis
1180 2023 1266 2088 lerit.
1312 2021 1401 2104 Quid
1430 2023 1490 2088 sibi
1513 2026 1594 2089 velit
1616 2024 1784 2109 dispositio
1809 2027 1970 2104 formalis,
2004 2030 2163 2112 attingere

146 2116 334 2180 character:
368 2134 411 2176 an
445 2113 521 2194 quia
542 2112 579 2175 in
602 2112 712 2178 oculos
734 2112 882 2188 incurrit,
916 2118 949 2173 et
982 2108 1130 2171 humana
1182 2130 1248 2173 nou
1271 2106 1391 2173 audeo:
1412 2130 1513 2191 quum
1537 2120 1648 2176 tamen
1665 2112 1800 2177 docendi
1823 2134 1941 2196 genus,
1967 2113 2057 2196 quod
2083 2126 2162 2178 teuc·

148 2200 255 2265 ferma
287 2198 501 2282 spectandum
536 2220 571 2263 se
611 2197 768 2281 praebet?
824 2195 863 2261 Si
902 2214 945 2258 ne
984 2192 1129 2256 humano
1181 2216 1267 2273 mus,
1308 2195 1390 2259 haec
1425 2195 1571 2277 loquutio
1606 2198 1727 2279 optime
1762 2200 1947 2263 confirmet.
2006 2200 2161 2279 Primum,

148 2286 284 2369 quidem
328 2285 472 2349 sermoni
520 2284 674 2348 convenit
723 2290 791 2347 taur
844 2300 955 2345 crassa
998 2298 1130 2361 reprae·
1182 2280 1351 2363 dispositio
1373 2290 1512 2346 naturae
1533 2284 1717 2366 opponitur.
1761 2283 1901 2363 Deinde,
1927 2286 2040 2349 forma
2063 2306 2162 2351 esseu-

149 2372 299 2450 sentatio,
347 2378 468 2451 quanto
514 2370 621 2452 magis
667 2391 687 2431 a
735 2367 847 2432 divino
895 2366 970 2431 talis
1014 2364 1131 2429 crassi·
1183 2368 1258 2431 tiae.
1293 2366 1379 2432 Nam
1401 2365 1487 2449 quod
1509 2369 1543 2432 in
1566 2380 1718 2434 naturam
1736 2370 1799 2434 Dei
1823 2371 1959 2453 proprie
1983 2393 2053 2435 nou
2077 2370 2160 2447 cedit,

149 2458 211 2519 ties
251 2454 427 2519 abhorret?
484 2454 578 2517 Adde
618 2454 704 2536 quod
744 2454 867 2535 passim
907 2448 1131 2514 Tertullianus
1184 2452 1226 2517 ad
1248 2451 1492 2534 dispositionem
1514 2455 1668 2520 refertur:
1697 2456 1773 2537 quia
1795 2455 1921 2521 scilicet
1944 2455 2056 2535 Deus,
2080 2474 2116 2521 ut.
2134 2478 2160 2521 sc

149 2541 256 2607 filium
304 2540 368 2604 Dei
415 2560 500 2616 vere,
551 2561 690 2622 semper,
742 2548 775 2601 et
824 2562 860 2603 rc
909 2538 981 2619 ipsa
1030 2535 1131 2599 irrisae
1155 2556 1159 2615 ξ
1184 2538 1277 2603 uobis
1296 2537 1525 2618 accommodet,
1547 2562 1588 2605 ex
1605 2540 1767 2606 immensa
1785 2562 1845 2605 sua
1863 2550 1896 2605 et
1912 2543 2160 2625 incomprehen-

150 2626 327 2711 praedicat.
384 2623 545 2690 Servat-us
579 2626 671 2689 trulla
705 2626 832 2689 ratione
864 2626 967 2688 fretus
1001 2621 1159 2707 nonnisi}
1184 2622 1272 2687 sibili
1306 2623 1479 2689 altitudine
1506 2625 1743 2707 quedammodo
1771 2626 1952 2692 descendit.
2006 2628 2160 2693 Formalis

150 2712 356 2796 personalem
379 2711 531 2775 admittit.
577 2709 673 2792 Quod
692 2710 734 2774 ad
756 2712 889 2773 uarium
913 2710 1020 2772 locum
1039 2726 1132 2789 spec·
1156 2754 1159 2807 Ι
1185 2724 1295 2775 autem
1316 2717 1454 2774 vocatur
1476 2708 1654 2794 dispositio,
1688 2735 1771 2795 quac
1805 2720 1940 2777 tantum
1968 2714 2012 2777 ad
2038 2734 2159 2780 seusun

151 2808 210 2877 tat,
246 2798 345 2862 stulte
382 2796 442 2861 sibi
476 2797 603 2879 plaudit
631 2798 806 2861 Servatus:
842 2801 915 2875 [pag.
950 2798 1022 2871 156]
1057 2794 1133 2873 quia
1184 2812 1336 2861 nestrum
1377 2795 1481 2860 relata
1520 2798 1603 2861 nihil
1639 2798 1774 2881 derogat
1813 2799 1981 2863 essentiae
2013 2800 2090 2875 Dei,
2111 2819 2158 2863 ure

151 2886 320 2951 contessus
343 2885 461 2947 fuerim
483 2884 622 2947 formam
640 2894 673 2948 et
691 2884 832 2966 cltigiem
852 2880 961 2946 carnis
978 2879 1014 2941 in
1033 2880 1133 2943 verbe
1184 2882 1364 2964 quidquam
1403 2882 1438 2945 in
1477 2903 1516 2947 ca
1555 2886 1670 2948 variat.
1720 2884 1831 2964 Quare
1854 2907 1922 2948 neu
1947 2886 2023 2951 sinc
2046 2885 2159 2969 pudore

152 2970 348 3036 substitisse.
393 2969 479 3034 Nam
511 2968 593 3033 haec
628 2968 783 3052 loquendi
806 2970 919 3045 ferma,
953 2974 990 3030 ut
1011 2964 1133 3028 rationi
1156 3040 1159 3051 Ι
1184 2976 1296 3051 repete
1336 2984 1404 3031 tam
1445 2988 1594 3034 securam
1635 2970 1807 3035 nebulonis
1846 2971 2068 3052 proterviam.
2126 2970 2158 3033 Iu

150 3066 373 3123 consentanca
390 3077 457 3119 non
476 3062 535 3133 cst,
554 3055 637 3119 mihi
654 3076 823 3138 uunquam
841 3051 970 3118 excidit.
991 3050 1131 3131 Deinde,
1156 3056 1159 3119 ἶ
1184 3062 1277 3119 sexto
1313 3054 1382 3119 loco
1415 3054 1501 3117 nihil
1535 3057 1673 3138 proficit,
1714 3056 1835 3120 iustam
1875 3056 2158 3139 reprehensionem

149 3150 189 3205 ut
228 3140 342 3207 demus
384 3141 527 3225 effigiem
567 3142 676 3206 carnis
717 3141 816 3206 verbe
856 3140 956 3204 fuisse
991 3138 1130 3202 circum·
1156 3160 1159 3235 ξ
1184 3140 1340 3205 conviciis
1379 3138 1517 3207 obruere
1558 3149 1699 3206 tentans.
1754 3143 1931 3225 Leguntur
1971 3141 2159 3208 Tertulliani

150 3226 270 3304 datam,
311 3227 394 3291 nihil
430 3226 492 3292 hoc
532 3225 671 3293 Soracte
711 3228 921 3310 suffragatur,
962 3223 1019 3307 qui
1060 3244 1131 3289 cor-
1155 3240 1158 3305 l
1184 3226 1300 3291 verba:
1335 3225 1462 3309 patebit
1489 3226 1665 3303 Servetum
1701 3227 1824 3309 perfide
1858 3249 2060 3312 supponere,
2088 3248 2158 3311 quae

151 3334 214 3397 pus
236 3312 383 3377 divinam
405 3312 498 3377 verbi
520 3312 715 3396 hypostasin
737 3313 838 3377 l'uissc
861 3312 1011 3376 somniat.
1044 3310 1131 3374 Nam
1156 3322 1159 3447 Ι
1185 3320 1297 3377 sancto
1320 3313 1391 3377 vire
1420 3334 1590 3396 nunquam
1624 3314 1659 3377 in
1688 3322 1833 3377 mentem
1857 3324 2040 3379 venerunt.
2086 3316 2158 3379 Poe·

150 3399 214 3464 etsi
245 3399 386 3462 fatemur
415 3420 529 3463 verum
564 3399 662 3464 luisse
695 3420 813 3482 cerpus
846 3398 932 3481 qued
966 3398 1026 3462 suh
1060 3396 1132 3480 lege
1185 3396 1256 3462 ‹lior
1278 3398 1457 3463 etiamnum
1480 3399 1685 3483 impudentia
1707 3421 1741 3463 sc
1764 3398 1881 3480 prodit,
1904 3398 1987 3463 dum
2012 3422 2093 3465 surra
2109 3399 2158 3463 fal·

150 3483 261 3550 induit
300 3484 388 3549 lilius
428 3483 503 3559 Dci,
552 3504 618 3548 nou
662 3494 772 3549 tamen
812 3484 885 3549 ideo
924 3482 1132 3548 concedimus
1156 3516 1159 3567 3
1185 3485 1273 3548 sitati
1297 3484 1500 3566 applaudens
1527 3486 1701 3551 exclamat:
1736 3484 1890 3549 Ouerbe
1913 3505 2028 3549 aurea.
2075 3483 2159 3565 Qiied

150 3570 321 3634 hominem
342 3570 443 3634 firissc
466 3570 604 3634 factum:
628 3569 730 3634 nihilo
751 3570 875 3635 scilicet
896 3569 1013 3652 magis,
1034 3591 1132 3652 quam
1157 3584 1159 3637 l
1185 3568 1408 3652 deprehensus
1437 3578 1505 3633 tam
1538 3572 1725 3636 convictum
1759 3572 1883 3635 crimen
1919 3592 2070 3655 purgare
2104 3591 2158 3634 nen

152 3654 306 3739 spiritum
325 3664 476 3719 sanctum
498 3655 598 3719 fuisse
617 3656 810 3733 columbam,
834 3656 912 3719 dum
931 3654 990 3719 sub
1009 3656 1133 3719 celum·
1157 3660 1160 3729 i
1184 3657 1311 3732 nititur,
1336 3661 1410 3736 [pag.
1433 3662 1505 3735 158]
1530 3656 1638 3721 danda
1660 3663 1710 3720 est
1729 3658 1830 3721 venia.
1856 3655 1947 3736 Quid
1972 3658 2065 3720 enim
2086 3658 2158 3721 lace

151 3741 213 3807 bae
235 3740 342 3822 specie
363 3740 523 3823 apparuit.
567 3741 658 3805 Hinc
693 3748 786 3804 tanta
814 3741 950 3805 audacia
976 3763 1027 3805 me
1057 3761 1132 3805 cen·
1157 3748 1160 3759 '
1184 3741 1257 3805 ret?
1294 3740 1363 3806 Sed
1386 3741 1472 3823 quod
1494 3743 1657 3825 flagitium
1679 3763 1775 3806 suum
1798 3742 1914 3806 saltem
1939 3743 2083 3807 tacendo
2103 3762 2158 3805 neu

152 3840 206 3903 tra
239 3834 385 3890 ruentem
413 3825 610 3890 Tertulliani
643 3826 776 3889 rucntiri
811 3826 931 3891 clamat
958 3826 1131 3891 Servatus:
1157 3827 1351 3910 [praeterit
1379 3826 1574 3910 plusquam
1610 3828 1715 3892 ferrea
1743 3834 1793 3891 est
1823 3825 1971 3891 durities.
2021 3828 2076 3892 De
2097 3848 2158 3909 sop-

153 3914 229 3996 quia
270 3933 345 3976 cum
378 3912 449 3993 ipso
483 3932 550 3975 neu
585 3912 748 3995 imaginor
780 3914 957 3976 {armatum
991 3936 1032 3975 ex
1062 3913 1133 3977 Deo
1157 3922 1162 3993 l
1184 3914 1266 3976 time
1289 3913 1359 3978 loce
1382 3913 1429 3978 sie
1450 3912 1594 3977 habeant
1614 3913 1761 3978 lectores.
1807 3914 1970 3989 Primum,
2000 3936 2045 3978 ex
2069 3914 2157 3995 scrip

153 4018 282 4080 corpus,
318 3996 405 4079 qued
432 4018 539 4078 nequo
560 3998 652 4061 Deus
675 4006 769 4074 essct,
805 4018 909 4079 neque
932 3998 1039 4076 herne,
1076 3998 1133 4062 scd
1185 3998 1265 4062 toris
1287 3998 1425 4064 lectione
1447 4000 1597 4082 cognosci
1621 4020 1714 4081 pesse
1736 3997 1863 4080 quoda
1885 3998 2156 4073 medictumest,

153 4086 325 4165 utriusque
347 4083 527 4166 speculum.
571 4082 641 4147 Nec
663 4084 762 4167 longa
790 4084 984 4149 refutatione
1006 4084 1134 4167 indiget
1185 4106 1251 4147 nou
1274 4106 1361 4161 vere,
1397 4106 1456 4149 uec
1478 4086 1621 4167 iugcuue
1644 4106 1664 4149 a
1686 4082 1825 4148 Serveto
1848 4085 1951 4147 citata
1973 4086 2079 4150 l'uissc
2098 4086 2158 4149 eius

153 4178 290 4254 quartus
325 4168 422 4248 locus,
459 4169 522 4231 nisi
556 4170 639 4233 ferte
677 4172 711 4232 in
746 4167 972 4252 abstergendis
1001 4170 1133 4235 Servati
1186 4171 1295 4236 verbu.
1339 4169 1470 4234 Deinde
1500 4180 1532 4234 et
1560 4170 1701 4235 alterum
1728 4169 1810 4233 illud
1834 4170 1953 4234 elicere
1976 4186 2158 4254 promptum

153 4256 259 4338 sputis
287 4260 435 4337 satagere
456 4254 564 4319 libeat.
618 4255 822 4338 Hypostasiu
859 4258 962 4337 patris
998 4256 1032 4319 iu
1064 4257 1132 4319 filio
1157 4284 1160 4343 ς
1186 4258 1257 4335 erit,
1286 4255 1469 4340 oppugnari
1497 4256 1564 4321 illic
1587 4254 1719 4320 Servcti
1746 4254 1910 4332 delirium,
1948 4277 2054 4338 quum
2079 4257 2158 4321 docet

153 4341 301 4406 relucere
323 4339 403 4405 dicit
424 4340 657 4405 Tertullianus.
703 4341 754 4403 De
775 4341 837 4406 hac
859 4364 895 4404 re
913 4343 1035 4406 frustra
1053 4340 1131 4407 Ser·
1157 4346 1160 4401 ἶ
1186 4362 1369 4405 sermonem
1405 4341 1508 4405 videri
1544 4363 1615 4405 rem
1648 4362 1752 4423 pesse.
1798 4338 1834 4404 Si
1871 4341 1962 4404 euim
2001 4364 2056 4407 res
2091 4347 2157 4411 erat.

154 4435 250 4491 vetus
272 4426 365 4490 litem
386 4436 512 4490 movet:
536 4426 601 4489 nisi
624 4428 699 4509 quia
720 4447 894 4509 corporeae
915 4436 948 4490 et
968 4429 1133 4492 increatae
1157 4444 1160 4457 ·
1186 4428 1334 4509 sequitur
1372 4427 1506 4491 realiter
1543 4449 1562 4491 a
1600 4436 1693 4509 patre
1731 4426 1831 4491 fuisse
1871 4425 2078 4492 distinctum.
2125 4425 2158 4489 Iu

153 4514 278 4576 formae
311 4512 489 4593 speculatio
523 4512 592 4576 eius
624 4519 770 4576 mentem
804 4522 949 4594 occupat.
995 4514 1133 4577 Fatetur
1157 4462 1160 4579 l
1185 4514 1308 4578 fabrica
1331 4512 1460 4591 visibili,
1496 4524 1554 4576 aaut
1583 4512 1751 4594 corporali,
1781 4532 1849 4575 non
1871 4512 2017 4576 nrtrltum
2042 4514 2157 4579 laboro:

154 4597 290 4663 iuterim
320 4596 445 4662 Christi
479 4618 652 4679 personam
686 4599 788 4663 firisse
819 4599 854 4661 in
889 4606 989 4680 patre.
1043 4598 1132 4678 Que—
1158 4602 1160 4657 Ι
1186 4600 1263 4681 quia
1285 4598 1337 4662 his
1360 4597 1470 4663 verbis
1493 4599 1686 4680 simpliciter
1708 4597 1883 4663 ascititiam
1911 4599 2056 4663 lemnam
2084 4618 2158 4666 eom·

155 4683 252 4746 mede
275 4683 359 4747 hoc?
401 4684 478 4748 Scio
500 4683 578 4766 quid
598 4684 686 4761 velit,
709 4685 746 4747 in
764 4685 829 4748 Dei
851 4685 974 4749 scilicet
994 4687 1134 4750 essentia
1158 4690 1160 4755 j
1184 4683 1330 4763 mandat,
1351 4684 1387 4747 in
1409 4706 1473 4766 qua
1494 4684 1601 4748 filium
1624 4706 1722 4748 suum
1743 4682 1836 4747 Deus
1857 4685 2024 4766 patefecit.

156 4767 257 4831 fuisse
279 4768 396 4846 ideam,
431 4790 513 4851 quae
547 4769 645 4833 simul
673 4792 746 4835 cum
776 4769 848 4834 luce
876 4770 1006 4853 prodiit.
1053 4762 1160 4861 Ter-l
1273 4772 1386 4848 Perre,
1410 4771 1508 4836 nimis
1529 4769 1667 4836 ridiculo
1686 4769 1869 4846 cavillatur,
1893 4791 1949 4834 me
1968 4769 2105 4856 digredi,
2125 4788 2158 4833 ue

156 4851 316 4949 tullianus
339 4875 416 4918 vero
439 4854 534 4938 leuge
556 4855 661 4919 aliter.
705 4857 886 4937 Postquam
913 4857 1001 4919 euim
1029 4856 1134 4921 lilium
1158 4872 1161 4937 ς
1188 4932 1191 4936 ,

157 4935 242 5000 dunt
267 4939 371 5020 patris
399 4960 470 5003 csse
491 4960 683 5041 personam,
710 4941 856 5007 vicissim
891 4962 1065 5041 persenam
1099 4944 1135 5006 in
1258 4994 1285 5055 1)
1305 4994 1377 5048 AM
1405 4995 1479 5047 voire
1507 4994 1583 5047 selon
1610 5009 1662 5061 que
1682 4992 1751 5046 Diffi
1770 5007 1785 5043 a
1804 4998 1866 5044 tout
1894 5007 1928 5044 en
1957 5008 1989 5047 sa
2012 4995 2081 5047 mm
2099 5006 2159 5061 pour

157 5030 252 5106 Patre
275 5024 369 5099 ¹⁰⁰at’
393 5044 475 5122 quac
497 5027 617 5089 refmt
638 5026 751 5091 fihum·
798 5028 828 5091 A
847 5048 912 5110 ‘1¹¹⁰
930 5049 996 5127 {¹⁰¹¹
1015 5050 1134 5137 miuus,
1159 5102 1161 5109 .
1189 5080 1264 5118 creer
1282 5062 1330 5116 des
1349 5079 1429 5130 corps
1447 5061 1537 5130 quand
1556 5072 1583 5115 et
1601 5062 1677 5116 selon
1696 5078 1746 5129 que
1766 5060 1820 5114 bou
1839 5060 1886 5129 luy
1904 5063 2018 5117 semble.

159 5128 258 5190 quam
280 5108 320 5173 ab
344 5129 490 5173 omnium
519 5132 655 5177 suorum
677 5112 867 5196 dogmatum
895 5134 992 5178 ruma
1014 5122 1135 5181 Serve·
1158 5130 1162 5189 a
1256 5131 1285 5191 a)
1306 5130 1379 5184 aad.
1398 5148 1449 5185 tine
1468 5130 1542 5185 seule
1561 5131 1669 5184 munte.
