4620 5894
146 238 208 300 523
889 228 1158 299 Ruuurnrlo
1180 228 1415 296 ERRORUM
2101 229 2163 294 524

230 421 364 486 Tertius
386 420 477 486 leons
500 441 603 502 quum
624 402 707 483 nlhil
734 418 826 485 aliud
856 419 999 485 affirmet
1026 414 1127 503 quam
1151 418 1156 523 l
1178 440 1257 484 rere
1280 419 1448 484 hominem
1470 417 1694 502 inventumc)
1723 416 1883 482 Servatus
1901 422 2018 482 autem
2036 415 2160 495 callide,

149 511 159 549 ¹
182 508 363 593 imaginem
384 507 459 583 Dei,
483 504 646 588 adquam
668 514 797 570 creatus
819 505 1001 583 esthemo,
1024 506 1127 571 fuisse
1152 536 1155 555 =
1179 505 1233 571 vel
1254 506 1363 588 potius
1386 508 1401 547 ¹
1423 505 1576 588 nequiter
1598 504 1638 569 dc
1661 524 1722 569 suo
1745 503 1957 587 supponitm)
1995 502 2082 567 Erat
2102 503 2161 587 igi·

142 594 258 673 filium,
288 593 379 659 nulla
401 590 527 676 indiget
548 591 758 657 refutatione:
794 591 871 673 qnia
904 613 964 657 nos
998 612 1127 675 semper
1179 599 1234 656 tur
1258 596 1272 632 ⁴
1294 611 1373 656 vere
1394 592 1503 674 imago
1521 589 1585 654 Dei
1604 598 1638 654 et
1655 589 1799 655 hominis
1816 588 1852 653 in
1870 589 1977 667 Deae)
2003 588 2162 670 relucens,

144 680 233 747 idem
256 683 270 721 ²
290 679 429 763 professi
451 680 585 743 sumus.¹
1179 685 1213 742 et
1235 677 1401 741 hominem
1423 678 1578 741 referens.
1601 675 1741 754 Deinde,
1759 674 1907 740 fallaciae
1926 695 2008 740 suae
2026 674 2161 758 applau-

1180 763 1262 828 dens
1284 763 1459 828 exclamat:
1495 763 1608 828 Aurea
1634 762 1735 828 verba
1768 767 1880 826 menta
1912 766 2077 843 perpetuo
2112 782 2161 826 re-

234 850 430 916 1Fermem
463 855 491 913 ct
522 849 657 932 effipiam
685 849 793 931 caruis
824 849 860 912 in
891 846 981 913 aerbo
1009 847 1127 914 subsis-
1178 848 1322 913 tinenda.

144 941 254 1004 mrtem
281 942 316 1001 la
341 935 499 1017 cerifessas
520 935 576 999 cs?
626 933 885 1016 Oimpudeniem
911 935 1126 1018 terpivcrsato-

145 1044 220 1089 rem.
263 1028 288 1087 2
309 1021 460 1086 Mentiris
474 1021 588 1105 palam
605 1025 711 1085 centra
731 1025 862 1085 meatem
887 1021 1086 1086 Tertulliani.
1269 1026 1288 1084 1
1315 1020 1365 1084 Ta
1386 1018 1705 1101 satisfacientem
1726 1038 1922 1098 corrumpere
1943 1019 2160 1083 cemmmTer·

1178 1106 1315 1185 lalliaai,
1338 1106 1394 1186 qui
1414 1106 1453 1171 dc
1472 1104 1619 1187 imapine,
1642 1104 1747 1185 ferma
1769 1109 1797 1169 et
1818 1104 1921 1188 effipia
1941 1105 2069 1169 visibili
2088 1125 2161 1169 scae

232 1194 286 1258 Ex
309 1200 427 1276 quarto
450 1190 520 1257 loeo
542 1190 625 1255 nihil
647 1191 763 1273 probat
782 1192 846 1256 nisi
864 1189 1036 1256 Christum
1056 1212 1126 1257 esea
1173 1192 1396 1275 perloquitur.
1428 1189 1538 1255 2Secl
1557 1191 1658 1271 faisse
1677 1190 1813 1272 forciam
1832 1196 1859 1255 ct
1881 1189 2018 1274 effipiam
2035 1191 2073 1254 ia
2092 1191 2161 1273 ipsa

150 1285 160 1323 ¹
182 1300 359 1363 personam
380 1276 462 1342 Dei:
496 1276 554 1342 sed
574 1277 721 1343 vicissim
747 1277 821 1343 eliei
847 1278 968 1360 poterit
986 1299 1029 1342 ex
1050 1298 1126 1343 een·
1178 1278 1356 1343 subsicicio
1378 1276 1458 1357 Dei,
1487 1277 1581 1342 simili
1603 1277 1834 1341 insubstantia
1856 1278 1980 1343 caricis:
2014 1282 2043 1341 ct
2064 1277 2160 1340 atria-

144 1373 240 1432 textu
265 1369 279 1407 ²
303 1384 477 1448 personam
495 1361 621 1428 Christi
643 1363 744 1427 fuisse
766 1365 801 1427 in
823 1370 925 1445 patre.
949 1362 1127 1428 Caeterum
1179 1384 1237 1445 quc
1256 1366 1363 1446 fipara
1384 1363 1465 1444 msa,
1488 1368 1516 1428 cl
1537 1362 1657 1445 effipics
1684 1362 1875 1428 substantiae
1897 1363 2030 1428 accedat.
2079 1362 2161 1426 Haec

145 1452 287 1537 simplex
309 1458 360 1514 θεῖ
383 1451 397 1488 '¹
419 1449 587 1532 scriptoris
615 1469 740 1526 sensus,
775 1448 942 1514 refulsisse
965 1451 979 1489 ¹
1002 1450 1038 1512 in
1060 1449 1127 1514 filie
1179 1449 1240 1513 ille.
1291 1447 1445 1512 38imoa
1471 1469 1585 1532 mapcas
1612 1469 1734 1528 seraper
1764 1469 1898 1529 aequam
1931 1453 1959 1513 el
1983 1468 2160 1530 perversae

144 1540 249 1624 patris
271 1536 474 1622 hypostasin,
498 1556 599 1617 quum
622 1533 735 1599 eadem
758 1542 845 1600 esset
866 1537 1018 1599 essentia.
1180 1540 1202 1599 4
1225 1533 1363 1600 Exclusa
1386 1535 1533 1616 atriaque
1551 1534 1778 1616 phantasmate.

238 1714 258 1773 1
287 1706 416 1773 Faciem
442 1707 549 1787 ipsam
571 1705 708 1771 beminis
729 1707 776 1770 ait
796 1706 884 1790 ilica)
909 1710 1129 1786 persenamct
1268 1705 1437 1789 Septimus
1459 1704 1551 1771 locus
1579 1706 1660 1771 adeo
1689 1705 1774 1770 nihil
1800 1704 1849 1769 illi
1878 1706 2098 1790 suffragatur,
2130 1712 2163 1772 nt

149 1796 319 1878 imapiucm
339 1813 446 1858 veram
471 1793 504 1856 ia
526 1791 611 1858 Deo:
643 1793 698 1856 sed
722 1790 823 1857 δαῖθθ
844 1791 902 1856 tibi
923 1792 1025 1856 ocules
1046 1791 1130 1857 claa—
1181 1794 1252 1858 eius
1285 1795 1294 1832 ¹
1324 1791 1478 1856 delirium
1504 1792 1623 1857 aeriter
1650 1792 1760 1875 potius
1787 1799 2004 1875 oppugnetd)
2053 1791 2163 1873 Quan-

149 1883 200 1946 sil.
244 1887 268 1944 2
297 1879 425 1945 Utinam
453 1878 507 1942 boc
534 1883 568 1941 fe
596 1877 740 1942 crederes.
787 1877 1130 1960 summaeripae
1184 1899 1281 1963 quam
1305 1878 1393 1942 enim
1410 1899 1478 1942 non
1496 1899 1584 1957 vere,
1607 1899 1667 1943 nec
1680 1878 1825 1959 ingenue
1848 1879 1996 1943 citantur
2020 1878 2161 1943 ¹verba:

149 1973 209 2033 las.
256 1972 277 2029 4
304 1965 424 2047 Qrcibas
448 1963 633 2029 Ultimaecis.
1184 1986 1254 2030 rem
1273 1972 1384 2028 tamen
1412 1962 1518 2028 videri
1545 1985 1641 2045 posse
1669 1963 1792 2047 dieite)
1836 1960 1904 2027 Sed
1931 1964 2040 2029 multo
2066 1969 2080 2005 ¹
2103 1964 2162 2030 cla-

1184 2052 1273 2115 riora
1290 2056 1368 2114 sunt
1385 2070 1467 2132 quae
1485 2048 1572 2131 apud
1590 2048 1830 2114 Tertullianum
1848 2058 2035 2131 sequuntur
2053 2050 2163 2116 eedem

237 2136 353 2218 Quinti
375 2135 437 2200 loci
460 2157 589 2201 summa
610 2142 670 2210 est,
699 2134 808 2198 Deum
829 2141 966 2216 patrem,
995 2134 1051 2217 q'ni
1073 2155 1132 2217 per
1184 2138 1263 2203 loeo.
1304 2135 1430 2199 Filium
1452 2135 1549 2213 enim,
1573 2135 1626 2200 vel
1644 2156 1829 2200 sermonem
1848 2135 2037 2200 substantia
2056 2156 2163 2202 carere

150 2245 186 2289 εθ
208 2231 258 2288 θεῖ
279 2222 463 2299 invisibilis,
485 2242 614 2303 semper
631 2219 732 2284 fuisse
751 2221 859 2284 visum
881 2222 917 2284 in
934 2220 1010 2284 filio.
1035 2218 1133 2299 Quod
1186 2226 1201 2263 ⁴
1222 2229 1332 2305 negat,
1356 2221 1412 2303 qui
1433 2219 1474 2284 de
1496 2228 1589 2286 tanta
1608 2220 1793 2285 substantia
1814 2222 1981 2304 processit,
2005 2230 2041 2288 θῖ
2059 2230 2164 2287 tantas

151 2329 211 2374 nes
235 2307 397 2372 ¹libenter
414 2307 656 2388 amplectimur:
680 2326 748 2368 nou
769 2305 853 2387 quod
875 2306 934 2370 filii
958 2305 1134 2371 2θθεθθῖίθ
1185 2307 1388 2374 substantias
1410 2306 1494 2371 feeit.
1540 2305 1681 2387 Quaerit
1701 2305 1818 2372 deindo
1845 2327 1888 2371 an
1909 2329 2018 2373 vacua
2042 2315 2077 2373 et
2098 2310 2163 2374 ina·

151 2393 291 2460 visibilis
312 2393 426 2457 fuerit:
449 2391 507 2457 sed
530 2393 606 2474 qnia
622 2411 681 2473 per
699 2391 877 2473 sapientiae
895 2413 974 2457 snae
993 2395 1008 2434 ¹
1025 2392 1132 2456 lucem
1184 2397 1237 2461 nis
1259 2414 1312 2458 res
1334 2393 1378 2457 sit
1398 2412 1507 2456 sermo
1524 2394 1597 2472 Dei,
1621 2394 1678 2476 qui
1701 2392 1787 2458 filius
1806 2392 1912 2457 dietus
1930 2399 2025 2472 ostf)
2049 2404 2084 2460 et
2099 2395 2164 2477 ipse

150 2480 246 2545 Deus
267 2479 456 2543 hominibus
479 2477 612 2541 affulsit.
657 2477 702 2540 Et
723 2477 799 2558 quia
821 2476 959 2543 verbum
977 2477 1041 2542 Dei
1059 2477 1133 2541 vin·
1185 2480 1279 2545 Deus
1300 2477 1550 2562 cognominatus
1573 2488 1631 2544 est.
1676 2479 1771 2556 Item,
1808 2480 1841 2542 in
1876 2501 1941 2561 qna
1963 2481 2031 2544 Dei
2065 2482 2165 2545 ferma

152 2565 264 2630 culum
286 2563 593 2629 communicationis
615 2563 677 2626 fnit
694 2563 781 2625 inter
795 2564 905 2628 Deum
922 2571 956 2628 et
972 2564 1132 2628 homines.
1184 2565 1270 2632 fuit?
1315 2565 1439 2646 Utique
1460 2564 1496 2628 in
1519 2564 1592 2639 alia,
1626 2587 1692 2631 non
1722 2573 1834 2628 tamen
1861 2566 1896 2629 in
1916 2566 2022 2630 nulla.
2069 2568 2164 2633 Item:

154 2649 266 2732 Quam
300 2652 314 2690 ¹
345 2650 505 2732 flagitiose
539 2647 698 2714 Servatus
734 2648 856 2713 realem
889 2649 1134 2716 distinctionem
1188 2653 1409 2733 Quaecunque
1421 2651 1607 2715 substantia
1618 2651 1778 2716 sermonis
1790 2651 1862 2727 fait,
1881 2651 1974 2715 illam
1982 2651 2059 2717 dieo
2072 2655 2086 2693 ⁵
2096 2659 2163 2732 [pag.

152 2744 301 2802 evertere
322 2744 465 2813 conetur,
490 2735 582 2799 nobis
600 2734 784 2799 tacentibus
802 2735 907 2800 cnivis
925 2736 1135 2818 conspicuum
1189 2744 1244 2817 88]
1257 2757 1440 2820 personam,
1452 2736 1676 2801 etillinomen
1687 2736 1901 2802 filiivindieo:
1926 2736 2055 2802 etdum
2065 2740 2165 2804 filium

151 2829 213 2889 est.
257 2821 332 2901 Quo
354 2841 453 2886 sensu
476 2828 612 2887 vocetur
634 2821 649 2861 ¹
671 2820 816 2885 formalis
838 2819 1014 2904 dispositio,
1041 2820 1136 2885 ¹ali·
1188 2843 1338 2908 agnosco,
1363 2824 1377 2861 ⁶
1398 2821 1578 2888 seeundum
1599 2845 1619 2887 a
1640 2830 1734 2904 patre
1756 2823 1903 2886 defendo.
1927 2825 2033 2891 Tetus
2055 2826 2092 2890 in
2109 2826 2164 2893 hoc

150 2908 186 2977 bi
208 2907 361 2974 dicemus.
1189 2919 1248 2989 est,
1272 2918 1309 2973 ut
1334 2910 1347 2947 ⁷
1368 2908 1491 2974 realem
1511 2908 1753 2974 distinctionem
1782 2918 1916 2974 asserat
1963 2909 2042 2990 Quo
2066 2913 2165 2977 maior

1189 3003 1239 3061 θεῖ
1260 2994 1392 3061 Servati
1415 2994 1667 3077 8impudentia,
1690 3001 1723 3059 ct
1744 2995 1855 3059 minus
1872 2995 2067 3074 tolerabilis,
2090 2997 2164 3061 dnm

242 3079 350 3144 chr
379 3077 573 3143 Cliimecras.
623 3076 739 3142 2Ima
767 3077 905 3141 maxime
931 3077 966 3143 id
994 3077 1040 3142 ibi
1070 3097 1137 3142 cea-
1188 3083 1225 3146 in
1259 3089 1328 3146 tam
1364 3080 1454 3145 clara
1487 3080 1560 3146 luce
1595 3082 1702 3146 fumos
1736 3101 1891 3164 spargere
1927 3104 1994 3146 non
2032 3083 2163 3150 dubitat

153 3167 252 3232 teredii
265 3165 497 3230 Tertullianus:
519 3162 602 3228 Filii
622 3162 833 3228 substantiam
850 3163 1003 3228 visibilem
1021 3168 1048 3227 et
1067 3185 1135 3229 cer·
1189 3166 1287 3249 Quod
1303 3164 1455 3250 προβολὴν
1472 3172 1545 3244 seg)
1564 3165 1717 3232 inducere
1739 3174 1848 3251 negat,
1871 3187 1910 3231 eo
1933 3169 2073 3235 consilio
2094 3169 2165 3234 facit

145 3253 299 3336 perulam.
352 3256 374 3316 3
405 3250 477 3315 Tibi
502 3268 631 3316 caecam.
684 3254 704 3312 4
731 3248 758 3314 0
783 3248 963 3314 aabiclcacm
990 3270 1134 3315 maceca
1187 3261 1226 3319 ut
1246 3251 1405 3318 invidiam
1428 3274 1448 3316 a
1469 3273 1504 3316 se
1527 3252 1677 3336 depellat,
1701 3274 1799 3336 quam
1821 3253 1968 3336 maligne
1989 3262 2025 3320 et
2047 3255 2164 3321 calum·

151 3339 319 3403 tissimum.
373 3334 504 3401 5Hacc
531 3341 575 3400 est
601 3339 664 3401 tota
692 3339 800 3400 metra
826 3337 966 3416 quaestio
998 3357 1060 3401 nea
1084 3335 1135 3401 laic
1187 3341 1280 3405 niose
1314 3339 1488 3403 struebant
1518 3338 1683 3403 haeretici.
1735 3339 1869 3403 Interea
1901 3340 1991 3405 clare
2027 3349 2164 3407 testatur

151 3423 395 3491 dissimulanda.
442 3427 462 3485 6
491 3420 578 3487 Ubi?
601 3420 726 3487 subdole
746 3420 828 3506 sapit
848 3422 996 3505 ciclicab)
1187 3425 1291 3503 duoh)
1314 3446 1348 3490 εθ
1371 3423 1486 3503 dicere,
1513 3427 1527 3465 ⁹
1547 3425 1657 3489 Deum
1680 3432 1712 3489 et
1730 3445 1914 3491 sermonem
1934 3426 2018 3505 eius,
2042 3435 2163 3512 patrem

1187 3520 1220 3576 et
1242 3512 1347 3576 filium
1371 3511 1454 3575 eins:
1477 3511 1573 3576 sicuti
1596 3510 1691 3575 radix
1714 3520 1748 3576 θῖ
1769 3511 1879 3575 frutex
1903 3511 1989 3576 duae
2009 3534 2064 3578 res
2082 3520 2161 3588 sunt,

239 3593 281 3656 In
304 3599 397 3659 sexte
418 3592 490 3656 loeo
514 3591 693 3656 ¹falsarius
716 3591 1034 3675 deprehendeturzc)
1057 3591 1135 3674 quia
1187 3596 1244 3662 sed
1266 3597 1472 3675 coniunctam
1506 3597 1578 3661 fons
1606 3603 1640 3661 θῖ
1666 3599 1789 3660 flumen
1811 3595 1896 3661 duae
1925 3599 2055 3680 speeies
2082 3605 2161 3675 sunt,

153 3698 272 3760 corpus
297 3684 371 3758 [pag.
391 3683 446 3757 87]
467 3678 593 3743 Christi
614 3677 849 3760 imaginarium
871 3678 971 3743 fnisse
993 3676 1133 3759 probare
1186 3681 1244 3748 sed
1265 3681 1442 3762 indivisae;
1476 3682 1525 3747 sol
1548 3690 1581 3746 θῖ
1603 3681 1715 3747 radius
1739 3680 1822 3746 duae
1844 3683 1968 3748 formae
1992 3694 2082 3762 sunt,
2111 3679 2162 3750 sed
2197 3732 2203 3748 .

153 3764 270 3830 volens
282 3765 442 3842 Marcion,
456 3763 554 3828 Pauli
573 3762 696 3828 dictum
715 3763 903 3845 arripiebat,
922 3763 1008 3845 qnod
1018 3762 1132 3828 Chris·
1185 3769 1407 3834 cohaerentes.
1452 3766 1561 3833 Omne
1591 3768 1680 3831 enim
1713 3767 1798 3850 qued
1830 3767 1939 3850 prodit
1972 3791 2016 3834 ex
2051 3771 2161 3854 alique,

152 3858 208 3915 tus
239 3851 349 3934 figura
382 3858 532 3932 repertus
558 3849 659 3913 fuerit
684 3860 722 3912 ut
750 3849 861 3913 hemo:
894 3849 1132 3930 oppeciere·
1185 3874 1319 3920 neeesse
1351 3860 1401 3918 θεῖ
1432 3854 1475 3918 sit
1504 3854 1573 3918 eius
1595 3853 1775 3919 seeundum
1797 3852 1837 3917 de
1860 3876 1923 3936 quo
1946 3856 2067 3937 prodit,
2102 3874 2161 3919 non

153 3936 325 4013 tullianus,
360 3935 458 4000 simul
490 3934 553 3999 diei
586 3935 686 3999 fuisse
712 3935 748 3997 in
775 3935 880 3999 forma
901 3934 975 3999 Dei.
1021 3936 1132 4016 Atque
1184 3940 1257 4005 ideo
1280 3947 1392 4004 tamen
1415 3946 1610 4022 separatum.
1643 3939 1709 4005 Ubi
1733 3947 1842 4004 autem
1866 3950 1917 4004 est
1935 3941 2111 4019 secundus,
2138 3940 2162 3979 ¹⁰

152 4021 232 4087 hinc
255 4021 381 4105 colligit
408 4022 548 4085 formam
571 4023 586 4060 ¹
608 4041 683 4086 eum
709 4020 848 4084 veritate
879 4041 946 4084 non
972 4040 1131 4103 pugnare.
1185 4024 1249 4091 duo
1271 4034 1363 4091 sunt:
1398 4032 1432 4089 ct
1452 4025 1569 4089 tertius
1591 4025 1649 4089 ubi
1671 4033 1729 4103 est,
1760 4028 1784 4068 ¹¹
1808 4034 1874 4090 tres
1897 4034 1988 4091 sunt.
2036 4027 2160 4092 Tereus

153 4107 266 4172 Verba
282 4118 373 4171 sunt:
397 4105 564 4190 Numquid
587 4126 665 4189 ergo
686 4114 721 4170 et
740 4105 804 4184 hie,
827 4127 890 4188 qua
912 4114 945 4170 et
966 4107 1002 4169 in
1025 4106 1134 4190 effigie
1185 4113 1273 4176 enim
1294 4119 1345 4177 θεῖ
1364 4111 1499 4193 spiritus
1528 4117 1662 4193 epatre
1684 4119 1717 4175 θῖ
1738 4110 1815 4175 filie.
1860 4110 2012 4177 Tandem
2036 4112 2160 4180 conclu·

152 4215 231 4260 eum
260 4194 326 4257 Dei
360 4192 514 4269 collocat,
538 4212 640 4274 aeque
672 4211 740 4256 nen
771 4192 835 4256 erit
865 4192 956 4256 Deus
978 4191 1132 4257 Christus

153 4299 248 4359 vere,
271 4280 299 4344 si
320 4299 382 4343 nee
402 4279 500 4344 homo
522 4298 600 4343 vere
622 4277 685 4341 fnit
705 4278 740 4341 in
762 4278 870 4362 effigie
892 4278 1035 4342 heminis
1057 4299 1133 4342 een-
1186 4303 1389 4310 ···-·-··-·-

153 4364 311 4430 stitutns?
354 4365 537 4447 Utrobique
569 4365 656 4428 enim
683 4364 806 4429 veritas
840 4384 972 4429 necesse
999 4362 1133 4428 habebit
1254 4404 1283 4464 a)
1306 4399 1383 4468 Qasr
1400 4399 1469 4470 qaid
1485 4401 1540 4455 ati
1556 4402 1637 4455 „eh-n,
1653 4401 1773 4467 somme
1791 4416 1823 4454 aa
1840 4402 1941 4469 qam-⁶⁰
1959 4404 2065 4459 eliaca:
2088 4403 2159 4458 ersi

153 4449 293 4548 excludi,
317 4451 347 4548 ¹¹.
367 4451 500 4533 effigies,
524 4458 558 4514 οῖ
579 4448 769 4528 similitudo,
793 4458 826 4514 et
848 4450 955 4534 figura
976 4450 1132 4531 phantas-
1186 4470 1276 4524 enne
1294 4486 1311 4523 a
1328 4471 1386 4523 aaa
1405 4471 1466 4538 iuge
1485 4486 1520 4522 au
1537 4478 1670 4538 parmata
1683 4470 1741 4524 rus
1758 4470 1878 4538 reaten,
1896 4479 1993 4526 enum
2008 4473 2071 4543 qun
2085 4471 2159 4527 estoit

153 4537 235 4599 mati
257 4535 488 4602 vlndleabitur.
521 4535 619 4616 Quod
641 4536 668 4601 si
690 4535 725 4598 in
748 4536 856 4619 effigie
874 4543 908 4600 et
925 4536 961 4599 lu
978 4536 1132 4620 imagine,
1186 4555 1220 4592 en
1247 4539 1275 4592 la
1300 4538 1386 4591 forme
1414 4538 1447 4592 de
1474 4538 1557 4605 Uien,
1586 4540 1734 4594 concluens
1763 4538 1827 4605 qu’il
1856 4546 1900 4593 est
1925 4548 2084 4610 vrayement
2109 4539 2159 4593 Fila

154 4639 221 4701 qua
240 4620 329 4687 filius
357 4622 461 4704 patris
483 4641 562 4688 vere
584 4622 647 4685 Dei
675 4621 916 4703 praeiudicatus
943 4627 1001 4698 θεῖ,
1034 4621 1134 4686 etiam
1187 4607 1329 4673 &¹¹⁰me
1348 4614 1442 4662 ⁰¹¹¹²¹¹l
1460 4607 1524 4674 ‘¹¹¹'ss
1543 4614 1586 4661 est
1603 4609 1699 4662 trouve
1718 4622 1751 4660 ⁹¹¹
1770 4605 1860 4673 affige
1879 4606 2025 4666 d’homme.

154 4705 190 4769 in
212 4707 321 4789 effigie
343 4713 377 4771 θῖ
402 4707 547 4792 imagine
575 4706 729 4783 heminis,
762 4728 827 4790 qua
860 4706 949 4772 filius
982 4707 1133 4785 hominis,
1256 4676 1287 4804 ll
1304 4674 1429 4813 ssdfqyfe
1448 4677 1493 4744 qui
1510 4673 1581 4730 n’est
1596 4693 1614 4744 p
1617 4677 1674 4730 cini
1692 4692 1725 4729 ⁶¹¹
1744 4674 1894 4730 l’Autheur.

1258 4813 1288 4876 d)
1307 4812 1327 4865 il
1344 4812 1409 4865 abat
1425 4818 1502 4866 toute
1522 4827 1552 4866 sa
1569 4813 1696 4867 resverie.

156 4895 361 4905 --
1258 4884 1287 4946 θ)
1306 4880 1457 4935 Tertullien
1476 4881 1515 4934 dit
1532 4879 1613 4948 qu’on
1630 4888 1697 4950 peut
1714 4882 1824 4935 estimer
1848 4882 1875 4936 la
1894 4881 2005 4937 Parolle
2024 4893 2095 4938 estre
2115 4894 2158 4936 une

224 5015 254 5077 a)
275 5011 351 5066 Edd.
368 5013 429 5067 illie.
1189 4949 1283 5082 ehosll
1302 5033 1354 5071 veu
1372 5015 1469 5085 qu’elle
1488 5022 1530 5071 eat
1547 5017 1573 5069 le
1591 5016 1648 5071 Fila
1666 5017 1700 5070 dc
1717 5017 1796 5071 Dieu.

224 5080 256 5148 h)
276 5081 351 5135 Edd.
369 5081 415 5134 lat.
451 5082 503 5136 Ubi
521 5082 635 5139 subdole
654 5084 729 5152 fingit
747 5085 841 5138 victus.
1276 5086 1342 5151 >un
1360 5086 1416 5140 iect
1432 5084 1512 5139 d'uue
1531 5086 1613 5140 chose
1631 5089 1648 5140 b
1666 5086 1770 5141 l'autre.

225 5150 253 5217 c)
272 5150 393 5218 surprins
412 5156 439 5204 et
457 5151 613 5206 convcincu.
1257 5104 1290 5217 l)
1308 5152 1379 5208 deux
1397 5155 1494 5208 choses
1512 5154 1660 5209 distinctas.
