4620 5894
151 192 214 261 607
492 284 500 306 .
951 184 1079 250 VERA
1101 185 1361 254 ECCLUSIAU
2097 194 2161 258 608

147 394 320 458 nunquam
339 338 410 438 tam
432 372 594 456 speciosos
623 372 793 438 habebunt
814 380 1019 457 praetextus,
1048 374 1127 456 quin
1180 395 1257 440 uem
1284 375 1444 458 sapimus,
1479 375 1527 440 ita
1553 376 1665 441 Deum
1694 377 1850 443 metimur
1876 384 1988 444 nostro
2015 380 2159 465 ingenio.

149 458 269 527 saltem
290 459 400 544 palam
431 459 502 538 fiat,
531 459 682 524 exitiales
712 460 800 542 ipsos
828 458 964 525 tendere
990 458 1129 527 insidias
1179 459 1277 527 Unde
1298 462 1345 541 fit,
1368 469 1405 526 ut
1426 481 1555 543 semper
1570 463 1677 546 magis
1699 462 1867 528 arrideant
1887 471 2043 530 externae
2065 487 2161 550 pom·

148 546 323 613 hominum
339 549 414 625 [pag.
434 549 488 624 99]
505 544 618 610 saluti:
641 565 722 628 quas
739 546 768 610 si
785 564 901 611 cavere
918 544 1127 631 negligimus,
1179 567 1250 630 pac,
1273 568 1356 630 quae
1378 546 1477 611 nihili
1498 554 1697 613 suntcoram
1710 549 1790 628 Deo,
1813 569 1912 631 quam
1932 550 2071 617 interior
2087 573 2160 619 cor-

149 632 273 698 lrustra
299 629 437 715 posthac
506 650 634 695 memus
662 629 803 696 salutem
831 631 1001 708 amissam,
1029 651 1128 715 quam
1180 631 1231 697 dis
1251 633 1392 711 veritas,
1421 652 1519 716 quam
1547 632 1651 697 solam
1678 635 1796 716 probat
1818 654 1856 699 ac
1878 637 2023 718 requirit.
2067 637 2159 703 Rur-

149 718 214 870 {psi
236 722 352 800 sponte
370 714 465 815 prodi
488 716 611 781 erimus
634 714 777 782 Satanae
805 726 838 781 et
860 717 929 782 eius
956 717 1126 784 ministris.
1179 738 1246 798 sus,
1269 724 1349 783 nota
1360 718 1431 784 θεῖ’
1460 718 1546 868 qquii
1566 719 1671 783 nostri
1682 719 1826 798 lascivia,
1849 721 2158 803 quaehicmaxime

180 802 346 869 avendum
367 808 488 883 itaque,
510 822 552 866 ne
569 801 646 866 illae
668 823 728 866 nos
750 802 960 868 demulceant
971 801 1127 868 Sirenum
1179 802 1334 884 exsultet,
1355 802 1412 868 ubi
1430 805 1465 868 ni
1492 803 1514 868 ‘l
1536 825 1669 886 prorsus
1690 804 1879 871 audendum
1900 815 1979 872 erat
2025 806 2159 890 Quosli-

149 907 262 956 voces:
275 888 301 972 ¹)
327 887 401 954 Hoc
422 907 538 968 pamm
560 895 624 953 est:
654 886 716 952 hoc
738 888 908 953 commoda
929 890 1127 971 interpreta-
1179 889 1236 955 bet
1257 889 1373 970 cultus,
1396 897 1430 954 et
1449 889 1530 955 alios
1552 887 1691 955 subinde
1719 899 1818 974 atque
1840 891 1921 958 ahos
1941 894 2156 976 comminisci,

36 1052 38 1057 .
150 976 240 1040 tione
261 972 481 1056 mitigabitur:
504 972 566 1039 hoo
588 973 683 1038 facile
695 973 827 1040 latebit:
850 974 911 1040 hoc
933 973 1128 1039 admittetur
1179 963 1329 1040 hemines
1361 973 1424 1040 sibi
1456 976 1663 1058 permittunt.
1712 976 1827 1060 Neque
1855 977 1918 1044 hoc
1952 985 2002 1046 est
2034 980 2158 1046 saeculi

149 1081 219 1127 nou
241 1080 361 1144 magno
374 1057 530 1143 periculo.
542 1060 571 1144 ²)
604 1059 720 1124 Potius
742 1059 914 1127 audiamus
935 1067 1126 1125 mouentem
1178 1061 1277 1126 unius
1291 1062 1419 1126 vitium.
1454 1061 1566 1144 Usque
1588 1060 1629 1124 ab
1649 1061 1784 1127 exordio
1803 1062 1927 1143 mundi,
1950 1065 1997 1130 ita
2018 1064 2158 1132 licenter

150 1146 334 1215 Christum:
375 1143 553 1210 Ambulate
585 1143 665 1209 dum
696 1145 804 1211 lucem
836 1146 964 1212 habetis
998 1146 1124 1224 (Ioann.
1178 1145 1320 1212 mundus
1342 1167 1417 1213 cum
1438 1145 1511 1212 Deo
1532 1146 1620 1211 lusit
1665 1148 1742 1231 Ipse
1769 1157 1880 1214 autem
1907 1149 2041 1230 clamat,
2071 1151 2159 1217 nihil

153 1235 202 1311 12,
221 1233 287 1315 35).
331 1230 418 1296 Nam
440 1231 468 1294 si
490 1250 571 1314 quas
593 1231 737 1313 patimur
763 1230 871 1296 clarae
891 1231 958 1297 luci
979 1231 1125 1298 nubecu·
1178 1231 1243 1298 sibi
1263 1231 1368 1315 pluris
1389 1252 1470 1312 esee,
1494 1253 1592 1315 quam
1612 1233 1829 1299 obedientiam
1853 1236 1886 1317 (l
1907 1234 1997 1300 Sam.
2021 1240 2069 1315 15,
2088 1236 2155 1319 22).

148 1317 235 1402 las⁸)
258 1317 395 1401 opponi,
417 1316 514 1382 citius
536 1338 635 1399 quam
656 1326 810 1400 putemus
832 1316 973 1383 obruent
995 1338 1055 1382 nos
1077 1324 1125 1383 te-
1177 1317 1293 1401 Iteque
1316 1338 1429 1383 omnes
1452 1317 1569 1397 cultus,
1592 1327 1724 1402 praeter
1741 1319 1934 1384 mandatum
1956 1343 2055 1386 suum
2077 1343 2157 1388 oon·

148 1402 281 1470 nebrae.
331 1401 439 1468 Unica
466 1410 517 1468 est
544 1403 660 1480 ianua,
690 1423 755 1485 qua
781 1402 911 1487 ingredi
937 1423 998 1469 nos
1019 1402 1125 1469 vitam
1176 1405 1278 1483 fictos,
1300 1424 1367 1468 non
1388 1402 1484 1469 modo
1504 1409 1663 1486 tanquam
1685 1405 1797 1470 irritos
1818 1406 1952 1489 respuit,
1976 1406 2035 1473 sed
2056 1407 2156 1490 plane

149 1496 319 1556 aeternam
342 1496 482 1571 oportet:
506 1490 603 1554 unica
620 1496 670 1553 est
691 1488 755 1568 via,
779 1509 845 1571 qua
866 1487 908 1552 ad
925 1509 1124 1573 camperve·
1178 1488 1318 1554 damnat
1366 1487 1456 1570 Quid
1478 1489 1676 1554 testimoniis
1703 1497 1780 1556 utar
1808 1491 1841 1555 in
1870 1512 1907 1556 re
1933 1500 2050 1557 tama
2092 1500 2156 1574 rta,

147 1577 249 1640 nitur.
301 1574 461 1640 Minimus
487 1575 527 1640 ab
555 1574 608 1639 his
635 1573 796 1652 deflexus,
832 1573 984 1658 proclivis
1013 1581 1064 1640 est
1088 1575 1124 1639 in
1176 1595 1278 1658 quum
1304 1573 1524 1658 proverbiales
1552 1576 1640 1640 inter
1667 1574 1874 1642 Christianos
1908 1597 1980 1643 esse
2013 1575 2054 1643 de
2116 1585 2157 1644 nt

146 1670 289 1727 mortem
315 1681 415 1725 error.
460 1659 537 1726 Huc
569 1659 708 1738 accedit,
742 1658 828 1743 quod
859 1659 1000 1743 obliquis
1033 1659 1124 1725 velut
1176 1659 1335 1726 eiusmodi
1357 1659 1563 1726 sententiae?

147 1744 308 1814 cuniculis
331 1745 428 1810 simul
456 1746 629 1829 impetitur
653 1745 780 1812 Christi
801 1746 922 1830 gloria,
951 1766 1049 1829 quam
1076 1744 1124 1810 ita
1262 1744 1361 1827 Quod
1382 1746 1474 1828 prius
1494 1745 1695 1825 membrum,
1724 1748 1816 1829 quasi
1836 1768 2079 1830 supervacuum
2103 1771 2155 1817 εθ-

147 1832 358 1900 coniunctam
381 1851 453 1897 esse
474 1853 549 1898 cum
571 1832 677 1897 salute
699 1840 812 1897 nostra
833 1832 943 1910 voluit,
968 1839 1007 1895 ut
1028 1831 1123 1896 alteri
1175 1852 1253 1898 cure
1275 1832 1432 1896 omittunt
1452 1832 1555 1897 fucosi
1576 1831 1780 1910 mediatores,
1804 1839 1842 1897 ut
1863 1855 1905 1897 ne
1923 1834 2059 1900 verbulo
2081 1836 2154 1919 qui-

147 1918 205 2002 qui
232 1917 389 1995 detrahit,
418 1924 594 2000 utrumque
619 1918 728 1983 violet.
773 1918 863 2002 Urgo
890 1918 926 1981 in
948 1915 1123 1983 asserenda
1175 1917 1250 1983 dem
1276 1917 1456 2001 attingant,
1485 1917 1688 2000 spiritualem
1711 1939 1782 1983 esse
1808 1918 1873 1984 Dei
1902 1920 2044 1984 cultum:
2095 1921 2155 1987 uid

147 2004 311 2089 gratuitae
332 2003 575 2069 iustificationis
596 2003 760 2083 doctrina,
783 2024 852 2068 non
873 2010 1003 2069 tantum
1024 2022 1123 2086 quam
1175 2001 1273 2079 aliud,
1297 2008 1371 2082 [pag.
1388 2008 1461 2082 101]
1484 2024 1582 2085 quam
1604 2003 1747 2068 latebras
1769 2005 1956 2087 quaeritant
1972 2003 2014 2069 ad
2035 1941 2154 2072 faden-

148 2090 192 2154 sit
212 2088 308 2154 nobis
330 2096 532 2155 caranostra
552 2089 649 2170 salus,
673 2089 843 2154 sedetiam
860 2110 958 2172 quam
979 2089 1124 2171 pretiosa
1175 2088 1276 2154 dum?
1319 2089 1503 2172 Fingamus
1531 2096 1644 2153 tamen
1671 2088 1706 2153 id
1734 2111 1805 2155 esse
1833 2089 2008 2155 tolerabile.
2054 2089 2156 2172 Quod

148 2173 274 2240 Christi
296 2173 408 2258 gloria,
432 2176 598 2258 specimen
619 2174 783 2239 edendum
805 2181 863 2240 θεῖ.
903 2174 1001 2241 Unde
1023 2193 1123 2257 appa-
1176 2183 1289 2240 autem
1317 2174 1353 2237 in
1386 2174 1538 2257 operibus
1565 2195 1624 2256 per
1650 2195 1685 2239 se
1713 2173 1807 2239 bonis
1841 2184 2033 2256 numerant,
2068 2198 2155 2259 quae

147 2267 208 2339 ret,
230 2280 329 2343 quam
350 2259 578 2326 detestandum
599 2261 771 2325 interitum
779 2260 809 2343 ⁴)
832 2259 925 2325 nobis
946 2259 1125 2324 moliantur
1176 2268 1292 2344 sponte
1313 2259 1539 2342 suscipiuntur
1560 2259 1681 2342 absque
1703 2258 1769 2325 Dei
1790 2259 1961 2338 mandato,
1983 2261 2019 2326 in
2042 2281 2081 2326 co
2103 2269 2155 2328 to-

146 2345 265 2430 perfidi
276 2344 481 2425 mediatores,
506 2347 562 2429 qui
577 2346 646 2411 suis
663 2346 745 2412 fucis
757 2345 822 2412 huc
838 2367 898 2411 nos
914 2345 1085 2424 inducunt,
1094 2345 1123 2428 6)
1175 2353 1244 2411 tam
1267 2345 1321 2429 pie
1343 2354 1495 2428 reeteque
1514 2345 1650 2410 vivendi
1672 2347 1822 2429 regulam
1843 2354 2045 2429 pervertunt
2088 2347 2156 2414 Ubi

146 2439 185 2497 ut
211 2452 278 2497 non
304 2431 415 2498 minus
441 2432 478 2495 in
506 2432 611 2496 filium
632 2430 698 2496 Dei
726 2430 828 2498 simus
856 2431 995 2516 ingrati,
1024 2450 1124 2514 quam
1176 2433 1266 2497 enim
1288 2432 1352 2496 erit
1372 2429 1468 2495 illud:
1490 2430 1632 2495 Frustra
1653 2452 1706 2496 me
1728 2431 1858 2511 colunt,
1882 2431 2036 2498 docentes
2058 2454 2156 2516 prae·

146 2517 298 2602 propriae
320 2517 436 2583 salutis
456 2517 647 2601 proditores.
1175 2526 1270 2600 cepta
1291 2517 1465 2581 hominum
1486 2515 1621 2596 (Matth.
1644 2514 1764 2601 15,'9):
1795 2518 1822 2582 si
1845 2519 1961 2602 vagari
1983 2537 2043 2583 suo
2065 2519 2156 2585 arbi·

233 2604 344 2687 Atque
365 2610 405 2667 ut
426 2603 551 2682 demus,
573 2603 715 2687 relinqui
727 2602 816 2668 istud
833 2602 928 2668 nobis
946 2603 1123 2687 integrum,
1175 2605 1253 2682 trio,
1287 2610 1382 2668 extra
1409 2600 1476 2667 Dei
1503 2601 1625 2684 legem,
1659 2602 1848 2667 hominibus
1874 2602 1992 2670 liceat?
2038 2605 2089 2671 Ao
2117 2625 2156 2670 eo

145 2688 317 2756 iustificari
337 2688 407 2754 sola
427 2688 492 2755 fide
514 2687 703 2754 hominemz'
716 2689 772 2773 qui
795 2696 906 2755 tamen
923 2687 1006 2753 nihil
1027 2707 1123 2770 prae·
1174 2688 1400 2773 impudentiae
1427 2694 1619 2770 erumpunt,
1648 2694 1686 2753 ut
1714 2687 1825 2754 dicant
1851 2709 1871 2752 a
1892 2688 2012 2772 spiritu
2040 2698 2156 2757 sancto

146 2782 237 2841 terea
258 2774 463 2859 relinquunt,
493 2796 558 2859 quo
580 2775 715 2841 tandem
742 2775 814 2841 loco
836 2773 1026 2840 habendum
1047 2795 1123 2840 ceu·
1176 2775 1371 2857 discrepare,
1393 2773 1449 2856 qui
1471 2794 1538 2837 non
1560 2774 1702 2857 probant
1723 2774 2064 2859 supererogationisc
2107 2796 2154 2840 ra

146 2868 221 2926 sent
250 2860 375 2927 cultum
397 2860 482 2926 Dei?
527 2862 632 2927 Estne
660 2860 728 2927 illis
755 2881 808 2926 res
835 2869 905 2926 tam
926 2859 1059 2937 frivola,
1086 2864 1125 2923 ut
1175 2860 1245 2926 Cur
1266 2858 1377 2924 istud?
1422 2859 1478 2923 Au
1503 2859 1658 2942 quoniam
1678 2859 1839 2925 eiusmodi
1867 2880 1966 2943 opera
1991 2881 2057 2944 apu
2101 2860 2156 2928 Ie-

145 2967 261 3031 paoem
283 2945 439 3013 ecclesiae
459 2947 582 3012 morari
603 2967 669 3013 non
690 2945 827 3013 debeat?
872 2946 1000 3030 Atqui,¹
1017 2943 1123 3010 homi-
1176 2947 1280 3012 seiam
1307 2943 1516 3011 commendat
1544 2945 1696 3028 spiritus,
1734 2965 1837 3028 quum
1864 2945 1927 3010 hoc
1960 2945 2028 3011 solo
2054 2947 2156 3013 titulo

144 3053 227 3098 num
253 3039 288 3098 et
314 3033 507 3118 angelorum
536 3033 636 3099 saluti
664 3032 915 3118 praeferendam
942 3052 1013 3098 esse
1041 3029 1122 3096 dico.
1175 3030 1311 3097 damnat
1332 3051 1547 3114 quaecunque
1574 3030 1831 3112 pulcherrimam
1861 3031 1981 3114 alioqui
2010 3033 2157 3115 speciem

144 3117 304 3199 Proinde,
328 3119 384 3202 qui
404 3140 472 3184 non
494 3125 627 3184 tantum
648 3118 845 3202 posthabito,
869 3116 927 3185 sed
949 3117 1048 3182 etiam
1070 3136 1122 3181 re-
1174 3116 1307 3196 habam,
1329 3115 1414 3200 quod
1437 3136 1476 3181 ee
1497 3113 1589 3181 Deus
1611 3136 1678 3180 non
1700 3117 1847 3200 requirat
1867 3137 1885 3182 e
1904 3116 2058 3183 manibus
2080 3139 2158 3184 nos·

145 3203 221 3271 licto
243 3203 308 3269 Dei
330 3205 436 3284 cultu,
467 3205 608 3271 alterum
634 3204 718 3271 illud
744 3212 843 3289 caput
869 3203 1032 3269 duntaxat
1065 3223 1122 3266 ur·
1175 3202 1238 3269 tris
1260 3203 1338 3289 (Ies.
1362 3207 1389 3280 1,
1418 3200 1495 3285 12)?
1540 3201 1647 3266 Video
1675 3201 1754 3286 quid
1782 3202 1950 3269 obiiciant:
1979 3210 2017 3268 ut
2044 3204 2158 3270 omnia

145 3298 233 3374 gent,
257 3290 336 3374 quid
355 3291 398 3356 sit
428 3295 502 3370 [pag.
523 3296 597 3371 100]
624 3313 704 3357 vera
731 3291 846 3376 religio
867 3288 1016 3356 nondum
1039 3286 1122 3353 didi·
1174 3288 1373 3365 vendamus,
1403 3295 1442 3352 ut
1463 3294 1656 3371 perpetuam
1677 3287 1823 3352 colamus
1845 3289 2089 3373 virginitatem,
2117 3296 2159 3355 ut

146 3381 271 3442 cerunt.
317 3375 356 3441 Si
385 3377 458 3459 quis
480 3375 625 3457 obiiciat,
655 3377 864 3461 praecipuam
891 3375 995 3441 divini
1016 3373 1123 3441 cultus
1175 3374 1357 3461 gratuitam
1378 3372 1630 3457 praedicationis
1653 3393 1786 3457 operam
1799 3373 2029 3456 impendamus
2051 3374 2158 3442 ecole-

145 3469 274 3545 partem
295 3460 360 3526 fide
382 3461 453 3527 eius
475 3484 517 3527 ue
536 3463 701 3528 exercitiis
715 3463 893 3528 contineri:
916 3483 977 3546 ego
994 3459 1028 3524 id
1048 3459 1121 3543 qui·
1175 3462 1252 3539 siae,
1275 3481 1342 3526 uon
1354 3459 1498 3542 praecipi
1520 3458 1652 3543 quidem
1675 3458 1858 3538 aDomino,
1881 3460 2010 3542 plaeere
2031 3460 2158 3526 nihilo-

146 3545 223 3611 dem
243 3547 360 3610 fateor:
384 3546 442 3612 sed
454 3483 640 3631 disputare,
663 3547 825 3630 quomodo
843 3548 984 3612 salutem
1000 3546 1122 3628 adipis·
1174 3547 1295 3611 minus.
1329 3546 1432 3629 Atqui
1454 3545 1644 3628 respondeo,
1668 3546 1768 3609 etiam
1791 3545 1819 3609 si
1842 3546 1914 3629 quis
1938 3545 2019 3612 haec
2041 3547 2158 3613 omnia

146 3639 265 3697 cantur
286 3631 452 3710 homines,
481 3632 641 3715 quomodo
664 3641 777 3698 autem
797 3635 861 3698 rite
883 3632 1009 3698 colatur
1030 3629 1124 3696 Deus
1175 3632 1288 3709 simul,
1318 3639 1352 3696 et
1380 3630 1478 3715 longe
1499 3632 1625 3698 maiora
1652 3637 1810 3713 praestet,
1838 3631 1923 3695 nihil
1951 3630 2038 3696 ultra
2058 3651 2158 3716 prae·

145 3730 263 3796 tacere,
287 3717 386 3783 nimis
408 3724 459 3781 θεῖ
478 3724 735 3802 praeposterum.
780 3717 890 3798 Adde,
916 3716 1003 3800 quod
1025 3717 1123 3780 huius
1175 3726 1273 3795 stare,
1296 3738 1392 3800 quam
1415 3713 1502 3798 quod
1523 3717 1577 3781 lex
1600 3717 1755 3783 continet.
1800 3715 1873 3780 Illic
1895 3716 1983 3782 enim
2001 3717 2158 3784 iubemur

144 3805 194 3870 rei
215 3804 358 3888 cognitio
379 3804 545 3887 propriam
565 3804 815 3887 explicationem
831 3801 1048 3884 desiderat:⁰)
1066 3822 1123 3868 cu·
1174 3804 1285 3868 Deum
1306 3823 1348 3867 ex
1369 3809 1436 3866 toto
1458 3801 1554 3867 corde
1576 3801 1721 3886 diligere.
1768 3799 1851 3882 Quis
1874 3802 2045 3866 hominum
2068 3803 2158 3871 hanc

143 3891 197 3957 ius
226 3889 291 3955 duo
321 3890 528 3973 potissimum
555 3898 633 3954 sunt
659 3889 815 3955 membra.
858 3888 1011 3955 Primum
1035 3887 1123 3951 enim
1175 3895 1297 3960 metam
1318 3908 1377 3952 sua
1398 3888 1597 3971 perfectione
1619 3886 1773 3971 superet?
1819 3886 1858 3952 Si
1880 3887 2056 3971 excipiant,
2080 3889 2159 3954 nul·

145 3974 355 4042 statuendum
378 3983 437 4056 est,
461 3976 663 4059 spiritualem
685 3996 757 4042 esse
779 3975 843 4041 Dei
865 3975 1000 4053 cultum,
1023 3993 1066 4037 ne
1088 3973 1123 4037 in
1175 3974 1244 4038 lum
1265 3981 1377 4038 tamen
1400 3971 1440 4037 de
1463 3974 1615 4056 operibus
1636 3974 1716 4057 ipsis
1737 3972 1877 4057 speciale
1906 3981 2038 4038 exstare
2060 3995 2155 4040 man·

145 4061 293 4127 externis
316 4061 371 4126 vel
394 4063 618 4145 caeremoniis,
638 4061 692 4126 vel
709 4061 782 4127 aliis
797 4059 996 4145 quibuslibet
1017 4059 1123 4143 operi·
1176 4059 1300 4136 datum,
1323 4056 1365 4123 ad
1387 4059 1450 4124 hoc
1472 4079 1601 4142 quoque
1622 4059 1727 4125 facilis
1745 4066 1796 4124 est
1817 4059 1993 4141 responsio.
2038 4058 2159 4144 Neque

144 4149 206 4214 bus
228 4155 420 4231 reponatur:
444 4146 561 4213 deinde
582 4169 649 4212 non
671 4167 744 4213 θεεθ
763 4147 966 4232 legitimum,
996 4145 1059 4210 nisi
1082 4143 1124 4208 ad
1177 4147 1266 4210 enim
1288 4145 1368 4210 haee
1390 4143 1541 4210 omnibus
1564 4145 1787 4211 convenirent.
1832 4144 1948 4228 Neque
1969 4145 2033 4210 rite
2051 4147 2157 4212 susci-

148 4235 218 4300 eius
239 4234 293 4299 oui
314 4242 503 4317 praestatur
525 4233 731 4298 voluntatem
753 4235 797 4299 sit
819 4232 1026 4316 compositus,
1048 4238 1123 4295 tau·
1176 4232 1313 4316 piuntur
1340 4232 1376 4295 in
1404 4251 1481 4296 eum
1513 4231 1629 4309 finem,
1658 4230 1751 4314 quasi
1779 4250 1838 4312 per
1864 4251 1899 4294 se
1921 4230 2069 4310 valeant,
2099 4239 2159 4297 aut

145 4339 244 4402 quam
265 4319 307 4384 ad
329 4340 424 4385 suam
445 4319 604 4404 regulam.
650 4319 835 4403 Utrumque
852 4318 928 4402 plus
949 4337 1047 4401 quam
1065 4336 1124 4381 ne-
1177 4318 1270 4400 quasi
1292 4318 1340 4381 ita
1362 4316 1423 4380 coli
1441 4315 1534 4382 Deus
1555 4316 1644 4381 velit.
1680 4314 1822 4398 Siquis,
1845 4315 2158 4383 nullaneoessitate

146 4405 325 4470 cessarium
346 4414 410 4472 est:
439 4427 518 4471 nam
539 4413 577 4470 ut
604 4405 688 4470 nihil
715 4425 812 4488 quam
842 4411 966 4470 terrum
992 4411 1027 4468 et
1053 4421 1125 4466 car-
1176 4403 1340 4480 inductus,
1363 4400 1485 4468 vendat
1505 4421 1715 4485 quaecunque
1732 4400 1841 4479 habet,
1864 4402 1990 4467 abiecta
2009 4402 2158 4468 familiae

1177 4509 1256 4555 suae
1277 4509 1370 4567 oura,
1397 4488 1492 4586 quasi
1512 4485 1661 4585 venditio
1688 4507 1748 4570 per
1770 4508 1805 4552 εθ
1827 4487 1870 4551 sit
1891 4487 2011 4585 virtus,
2042 4508 2157 4554 noune

216 4625 245 4692 1)
265 4626 482 4709 denouslaisser
499 4628 637 4684 eudormir
654 4645 690 4684 ou
701 4628 849 4683 amadouer
860 4642 911 4695 par
928 4641 974 4681 ces
992 4624 1125 4680 flattcries
1177 4575 1338 4674 Stulnime
1361 4572 1741 4672 menmdamnabffmr?
1786 4572 1910 4672 Neque.
1928 4593 2017 4690 enlm
2040 4594 2157 4641 ⁰³¹⁰OE

147 4694 295 4764 (laquem
313 4704 454 4751 anement
1177 4680 1361 4744 promiscue
1380 4659 1557 4742 alloqurtur
1572 4658 1737 4736 Christus,
1759 4678 1862 4741 quum
1880 4656 1972 4724 droit.
1995 4657 2102 4738 Vade,
2122 4667 2158 4725 et

215 4761 246 4826 a)
266 4763 340 4817 aaa.
358 4763 421 4818 ceci
439 4772 482 4820 est
498 4766 531 4819 ds
549 4781 603 4834 peu
621 4763 824 4835 d’importanee.
1177 4745 1284 4813 vende
1305 4740 1429 4810 omnia:
1456 4743 1515 4810 sed
1536 4765 1614 4809 eum
1642 4745 1698 4826 qui
1721 4764 1756 4810 se
1784 4743 1866 4809 falso
1888 4750 1956 4809 tota
1982 4743 2056 4829 lege
2079 4767 2157 4830 per·

215 4831 245 4897 3)
264 4833 364 4900 potitos
382 4832 497 4914 hmines.
692 4903 697 4915 ,
760 4904 765 4915 ,
807 4902 813 4915 ,
938 4903 944 4916 ‚
1058 4903 1064 4914 ,
1176 4833 1326 4898 functum
1358 4837 1480 4913 putans
1514 4834 1588 4908 [pag.
1618 4835 1691 4908 102]
1726 4829 1817 4894 inani
1848 4827 1968 4896 fiducia
1998 4830 2158 4916 turgebat

146 4898 246 5024 ῐῆιιΒ4)
266 4901 304 4954 ln
320 4901 971 4974 marpraeed.pmn.ladstohquse:1ntenm
996 4907 1125 4958 estmte·
1177 4917 1314 5003 (Matho
1336 4920 1384 4994 19,
1404 4915 1470 4998 21),
1513 4915 1659 5014 Utgeum
1686 4914 1837 5013 ostendas?
1858 4916 2012 4982 Ohmtus
2039 4917 2157 5018 ΡΜ(

216 5036 248 5175 ll
264 5037 735 5177 thasbalte...
752 5123 903 5163 ...a
1176 5002 1419 5163 liliati?
1436 5000 1990 5171 taltttttlttualttrt
2007 5003 2156 5154 til!
