4620 5894
144 218 208 284 679
1038 211 1284 281 APPENDIX
2106 216 2170 281 680

146 406 313 476 continet:
342 405 390 474 sic
413 404 503 470 enim
529 402 653 470 alieubi
673 402 805 487 loquor:
836 399 949 484 Quum
971 403 1134 486 scriptum
1187 401 1345 468 mesticus
1378 410 1451 467 erat
1482 400 1668 479 Abraham,
1701 421 1800 486 quam
1822 402 2081 472 circumcisionis
2102 404 2170 493 sig·

148 494 204 574 sit,
228 513 288 559 nos
309 512 423 558 omnes
445 511 517 557 esso
538 495 660 556 natura
679 489 764 555 filios
785 489 865 567 irae,
888 508 927 555 ac
943 490 979 553 in
1001 495 1134 572 peceato
1187 507 1268 551 num
1310 488 1442 571 aceepit.
1505 484 1603 569 Quod
1647 487 1688 552 ad
1732 489 1878 556 minores
1915 500 1998 557 natu
2037 493 2168 573 attinet,

149 585 342 662 conceptos,
371 578 425 643 cui
447 576 615 643 damnatio
637 574 811 642 adhaeret:
839 580 999 640 enatura
1020 582 1135 640 nostra
1186 573 1264 656 quia
1296 573 1370 639 illos
1410 573 1510 638 etiam
1549 572 1801 657 comprehendit
1827 573 1922 641 Deus
1949 578 1985 643 in
2025 577 2168 658 loedere,

150 666 376 749 demigremus
398 669 538 747 oportet,
560 668 737 745 antequam
755 661 791 727 in
812 681 953 745 regnum
975 659 1040 725 Dei
1063 659 1134 725 adi-
1186 679 1252 723 non
1274 659 1372 724 alieni
1394 659 1462 723 iam
1484 680 1520 725 re
1543 666 1690 741 utantur,
1711 658 1771 726 sed
1794 664 1919 746 gratiae
1947 670 2027 730 sunt
2051 662 2170 731 baere-

151 758 207 817 tus
228 750 325 816 nobis
346 755 466 833 pateat
510 747 648 831 thuid
670 747 734 814 dici
752 748 873 814 elarius
894 752 1010 830 potest,
1034 767 1134 829 quam
1186 743 1252 809 des.
1305 680 1591 826 Quemadmodum
1629 752 1663 811 et
1700 766 1743 813 ex
1776 748 1871 813 Petri
1909 750 2065 815 concione
2102 749 2170 817 dis-

150 858 286 905 carnem
313 843 346 903 et
379 835 574 920 sanguinem
601 854 744 918 reguum
771 832 836 898 Dei
864 832 1031 917 possidere
1064 852 1134 897 non
1186 832 1299 896 cimus.
1345 829 1436 912 Quid
1468 838 1579 897 autem
1606 833 1668 898 hae
1700 832 1742 899 de
1773 854 1819 921 re¹
1842 835 1933 917 prius
1963 834 2168 915 tradiderim,

148 922 268 1009 pessel
313 921 495 988 Aboleatur
517 940 596 1004 ergo
618 919 777 1003 quidquid
799 930 949 985 nostrum
971 928 1037 998 est,
1060 928 1133 983 tum
1185 918 1279 982 testis
1301 926 1353 982 est
1373 938 1449 982 mea
1458 917 1638 995 Institutio,
1658 920 1714 985 ubi
1725 919 1767 985 ad
1789 920 1930 986 verbum
1952 922 2168 990 sichabetnr:

148 1009 388 1094 possessionem
410 1008 497 1073 hanc
518 1025 701 1071 cernemus.
744 1005 828 1071 Inde
846 1005 972 1089 colligo,
995 1025 1133 1089 regene-
1186 1001 1256 1068 Cur
1282 1003 1317 1066 in
1344 1003 1535 1069 Abrahamo
1567 1002 1667 1069 fidem
1701 1007 1905 1073 circumcisio
1932 1029 1948 1072 s
1990 1009 2101 1087 uitur,
2134 1010 2170 1075 in

149 1096 278 1161 ratione
299 1113 382 1177 opus
398 1092 522 1159 habere
543 1091 696 1156 infantes.
731 1089 799 1157 Sed
821 1091 909 1157 hanc
932 1113 973 1156 ex
992 1092 1133 1174 promis·
1185 1088 1278 1154 Isaac
1307 1089 1375 1154 filio
1403 1110 1533 1154 omnem
1561 1090 1816 1175 intelligentiam
1843 1113 1903 1176 pra
1983 1093 2031 1159 it?
2077 1092 2170 1176 Quo-

148 1182 240 1249 sione
263 1180 405 1264 gratiam
426 1178 493 1243 illis
521 1179 699 1262 provenire
726 1177 901 1243 contendo:
929 1176 1133 1261 baptismum
1186 1176 1276 1239 niam
1298 1196 1383 1253 eum,
1407 1177 1464 1258 qui
1486 1175 1600 1240 adulta
1622 1176 1755 1242 demum
1777 1186 1883 1243 aetate
1899 1180 1937 1243 in
1957 1178 2101 1247 foederis
2118 1202 2170 1247 so-

147 1288 244 1345 vero,
272 1265 375 1351 sigilli
401 1265 508 1330 instar
530 1264 631 1348 sequi.
676 1264 829 1346 Denique
849 1263 911 1328 hoc
937 1263 1060 1347 passim
1082 1264 1134 1327 in·
1186 1261 1338 1326 eietatem
1366 1262 1534 1344 recipitur,
1564 1284 1584 1326 a
1612 1283 1676 1346 quo
1704 1264 1812 1328 fuerat
1838 1265 2000 1333 hactenus
2028 1266 2168 1347 alienus,

148 1352 253 1431 culco,
275 1350 527 1435 supernaturale
549 1370 620 1415 esse
642 1349 866 1434 privilegium,
889 1350 975 1432 quod
999 1370 1019 1413 a
1040 1360 1135 1414 reatu
1186 1347 1256 1412 eius
1279 1347 1481 1413 conditiones
1510 1354 1609 1413 antea
1635 1350 1819 1431 perdiscere
1847 1372 1990 1435 aequum
2017 1357 2086 1419 est:
2117 1355 2168 1418 in·

147 1440 350 1505 eximuntur.
397 1434 598 1519 Quanquam
620 1435 748 1501 censori
776 1435 857 1500 haec
880 1435 998 1501 solutio
1020 1436 1134 1521 ignota
1185 1433 1312 1498 fantem
1333 1454 1412 1500 vero
1435 1454 1476 1498 ex
1499 1454 1537 1498 eo
1558 1437 1769 1519 progenitum
1795 1459 1862 1503 non
1884 1438 1979 1518 item,
2007 1439 2067 1523 qui
2089 1438 2169 1505 hae-

146 1544 310 1592 essenon
332 1522 488 1600 debebat,
517 1543 621 1605 quum
642 1543 684 1587 ex
707 1522 897 1605 Augustino
924 1541 997 1586 eam
1019 1543 1133 1606 sump-
1185 1516 1341 1584 reditario
1378 1520 1464 1598 iure,
1504 1521 1684 1586 secundum
1723 1524 1951 1606 promissionis
1981 1524 2168 1603 formulam,

147 1612 257 1678 serim.
1185 1605 1250 1669 iam
1279 1625 1298 1668 a
1329 1606 1446 1670 matris
1477 1616 1570 1670 utero
1597 1606 1633 1670 in
1665 1607 1795 1674 foedere
1825 1612 2042 1677 contincatur.
2089 1612 2168 1688 Aut,

234 1694 333 1776 Quod
361 1694 506 1759 Ioannes
534 1693 690 1776 Baptista
717 1692 757 1758 ab
786 1699 881 1758 utero
908 1693 1133 1759 sanctificatus
1185 1711 1249 1773 quo
1271 1713 1324 1757 res
1346 1691 1467 1757 clarius
1488 1711 1527 1758 ac
1549 1693 1681 1758 brevius
1699 1694 1879 1775 indicetur,
1906 1697 1935 1762 si
1955 1695 2106 1763 fidelium
2127 1696 2169 1763 li·

146 1790 208 1861 est,
230 1782 319 1846 inter
340 1780 404 1845 alia
425 1800 508 1863 quae
530 1779 598 1845 illic
619 1786 800 1843 narrantur
816 1778 1131 1847 miraculareferen-
1185 1775 1264 1854 beri,
1287 1779 1371 1843 citra
1391 1776 1631 1862 intelligentiae
1650 1780 1898 1861 adminiculum,
1927 1782 2069 1850 foederis
2090 1790 2168 1849 aunt

35 1898 39 1905 ·
147 1867 226 1933 dum
249 1888 320 1934 esse
342 1866 430 1932 dicit
475 1867 666 1931 Assentior:
689 1885 797 1948 neque
819 1884 881 1950 ego
902 1864 965 1931 hoe
986 1866 1132 1931 testimo·
1185 1863 1376 1946 participes,
1414 1885 1482 1928 non
1512 1876 1563 1928 est
1589 1887 1649 1931 cur
1676 1867 1716 1931 ob
1745 1867 1778 1931 id
1810 1889 1830 1931 a
1858 1869 1952 1952 signo
1980 1878 2166 1949 arceantur,

145 1956 202 2020 nio
233 1955 270 2018 in
303 1952 471 2036 praesenti
509 1973 609 2018 causa
641 1973 721 2017 usus
754 1972 837 2017 sum.
893 1950 984 2016 Alibi
1018 1962 1133 2017 contra
1184 1949 1261 2031 quia
1282 1950 1318 2013 in
1339 1949 1478 2015 foederis
1500 1950 1744 2032 stipulationem
1762 1954 1870 2018 iurare
1888 1962 2065 2037 nequeunt
2100 1954 2167 2036 Qui

145 2039 384 2122 Anabaptistas
412 2037 555 2116 adduco,
588 2060 631 2103 ex
659 2058 799 2121 quorum
831 2058 969 2103 numero
998 2039 1131 2102 tametsi
1184 2056 1263 2099 vero
1284 2035 1427 2101 infidelis
1445 2046 1504 2113 est,
1528 2037 1638 2120 impiis
1656 2048 1747 2104 ortus
1760 2040 1961 2122 parentibus,
1984 2040 2091 2108 donec
2108 2062 2168 2125 per

146 2126 238 2191 hunc
251 2132 407 2207 nonputo
420 2144 501 2201 esse,
525 2132 646 2201 tamen,
668 2130 706 2187 ut
725 2122 965 2189 inconsiderati*
981 2123 1132 2189 homines
1183 2120 1283 2184 fidem
1304 2122 1377 2186 Deo
1405 2123 1553 2199 uniatur,
1583 2145 1602 2187 a
1627 2124 1767 2189 foederis
1796 2127 2026 2192 communione
2056 2136 2167 2193 extra·

148 2211 270 2289 solent,
304 2232 338 2276 se
370 2211 405 2274 in
436 2209 559 2272 malam
587 2209 807 2290 suspicionem
835 2218 959 2273 temere
991 2209 1129 2291 proiicit.
1184 2228 1266 2272 neus
1296 2216 1457 2273 censetur.
1502 2209 1619 2291 Itaque
1645 2210 1729 2274 nibil
1757 2213 1894 2289 mirum,
1929 2214 1957 2278 si
1984 2234 2046 2278 nec
2071 2214 2167 2299 signo

144 2298 252 2364 Peme
275 2296 369 2379 quasi
382 2294 542 2360 duosiam
552 2294 779 2378 profligaverit
797 2315 934 2373 errores,
957 2302 1131 2377 postquam
1183 2295 1410 2373 communicet,
1433 2295 1526 2360 cuius
1548 2297 1744 2378 significatio
1762 2299 1798 2361 iu
1820 2319 1857 2363 eo
1874 2298 1976 2363 fallax
1993 2300 2167 2383 inanisque

144 2391 271 2448 temere
294 2381 438 2446 effutivit
458 2379 589 2463 Pelagii
611 2402 741 2459 nomen,
765 2387 861 2445 etex
884 2380 991 2446 Paulo
1013 2380 1130 2446 recita·
1182 2380 1275 2443 foret.
1320 2380 1396 2444 Non
1414 2380 1573 2446 aliorsum
1595 2381 1676 2447 haec
1697 2384 1812 2461 refero,
1836 2384 1900 2449 nisi
1922 2391 1960 2449 ut
1980 2386 2088 2451 cuivis
2110 2406 2166 2469 ap-

144 2470 203 2548 rit,
227 2489 342 2532 omnes
356 2488 426 2531 esse
446 2476 566 2529 natura
588 2466 760 2544 filiosirae,
784 2465 824 2528 ad
837 2466 971 2531 tertium
985 2474 1130 2531 crr'orem
1182 2472 1298 2547 pareat
1318 2468 1463 2532 censoris
1485 2467 1716 2533 confidentiam
1735 2491 1777 2533 ex
1798 2491 1891 2535 mera
1912 2472 2044 2537 inscitia
2066 2474 2166 2556 profi-

146 2575 182 2621 se
204 2552 403 2619 descendere
425 2558 485 2631 [tol.
505 2555 537 2630 9]
561 2553 743 2634 profitetur.
789 2550 953 2632 Quisnam
976 2573 1055 2617 vero
1076 2552 1130 2617 hic
1183 2551 1269 2629 cisei,
1294 2556 1352 2630 [sol.
1378 2557 1429 2631 11]
1451 2553 1528 2635 quia
1549 2562 1696 2639 mentem
1720 2576 1829 2620 meam
1852 2578 1917 2621 non
1940 2558 1983 2622 sit
2006 2579 2165 2641 assequu-

144 2639 258 2705 error‘?
304 2637 401 2721 Quod
418 2637 629 2720 baptismum,
653 2639 681 2702 si
703 2637 819 2702 alienis
836 2639 1031 2716 conferatur,
1054 2660 1129 2722 pro·
1182 2645 1246 2702 tus.
1296 2638 1386 2704 Hinc
1419 2638 1581 2703 refellitur
1620 2639 1760 2705 altorum
1794 2641 1973 2707 obiectum:
2008 2643 2165 2709 Christus

144 2726 251 2791 sanari
274 2725 354 2791 dieo.
399 2724 517 2807 Atqui,
548 2725 577 2788 si
604 2724 731 2789 censori
759 2724 927 2807 negotium
947 2725 1033 2789 foret
1054 2746 1129 2790 cum
1183 2723 1273 2788 sanis
1306 2744 1388 2806 opus
1418 2744 1486 2788 non
1520 2746 1591 2790 esse
1619 2725 1746 2792 medico
1773 2725 1857 2792 dixit
1887 2729 2023 2811 (Matth.
2042 2734 2074 2809 9,
2102 2733 2165 2812 12).

143 2812 381 2895 Anabaptista,
414 2807 554 2875 eandem
582 2830 715 2876 mecum
746 2810 908 2874 rationem
942 2809 1128 2890 adduceret,
1182 2809 1307 2874 Fateor
1333 2829 1426 2875 sane:
1457 2819 1490 2874 et
1515 2810 1590 2876 ideo
1615 2833 1682 2876 non
1709 2812 1806 2877 aliter
1831 2835 1932 2897 quam
1958 2816 2029 2880 eius
2058 2816 2166 2900 gratia

142 2897 217 2963 iure
239 2897 383 2962 conferri
400 2896 605 2979 baptismum
616 2896 738 2978 pueris,
759 2916 839 2979 quos
850 2894 944 2961 Deus
964 2896 997 2960 in
1015 2895 1129 2961 foedus
1182 2895 1312 2961 restitui
1333 2898 1508 2961 sanitatem
1531 2896 1638 2976 doceo,
1661 2906 1730 2962 tam
1752 2900 2011 2984 parvulisquam
2033 2902 2165 2968 adultis.

143 3005 243 3050 suum
261 2982 441 3067 adoptavit.
487 2981 577 3062 Quid
606 3002 685 3067 ergo
707 2981 841 3048 absurdi
867 2982 903 3046 in
931 3002 967 3046 re
996 3003 1129 3064 prorsus
1184 2979 1252 3047 Sed
1285 2984 1340 3065 qui
1375 2984 1411 3047 in
1444 3004 1529 3066 aqua
1560 2983 1629 3048 sola
1662 2987 1776 3067 quaeri
1809 2986 1926 3052 volunt
1956 2987 2165 3067 medicinam,

143 3071 294 3137 confessa
314 3066 465 3134 invenit?
498 3068 635 3152 Excipit
656 3068 789 3145 scilicet,
811 3088 871 3133 nos
889 3069 1130 3151 quoquefuisse
1183 3067 1260 3151 quid
1282 3068 1345 3152 ipsi
1364 3069 1508 3145 Christo,
1532 3069 1609 3152 quid
1621 3071 1692 3135 eius
1705 3072 1867 3156 sanguini,
1890 3072 1969 3155 quid
1982 3075 2165 3160 evangelio,

144 3156 270 3222 alienos
293 3163 326 3221 et
348 3176 390 3220 ex
412 3152 781 3239 gentibuepeccatores:
803 3154 904 3219 firisse
917 3162 1029 3219 tamen
1050 3155 1129 3238 bap·
1183 3153 1261 3237 quid
1288 3156 1425 3238 spiritus
1446 3155 1563 3220 virtuti
1589 3156 1714 3220 faciunt
1735 3157 1925 3242 reliquum?
1969 3160 2078 3227 Porro
2099 3182 2166 3226 non

143 3243 260 3309 tiaatos
290 3241 420 3307 Christi
447 3238 618 3304 mandato:
652 3241 708 3324 qui
735 3260 802 3304 non
836 3248 966 3306 sanctos
998 3248 1129 3306 tantum
1182 3240 1248 3304 alia
1270 3239 1311 3306 de
1332 3262 1368 3306 re
1390 3260 1521 3307 mecum
1544 3241 1652 3326 litigat
1673 3264 1795 3322 censor,
1819 3246 1881 3309 nisi
1898 3245 2166 3328 quiarestituen-

143 3328 199 3393 vel
232 3336 421 3393 sanctorum
454 3325 553 3406 filios,
586 3326 643 3392 sed
676 3346 789 3392 omnes
822 3334 936 3410 gentes
969 3327 1130 3411 baptizari
1183 3326 1291 3391 disin
1313 3327 1417 3393 vitam
1439 3327 1596 3409 parvulis,
1620 3329 1676 3393 ubi
1698 3351 1787 3395 mors
1809 3331 1918 3396 subita
1938 3331 2098 3416 baptismi
2119 3334 2166 3399 fa-

143 3414 249 3479 iussit.
295 3412 394 3478 Certe
417 3412 471 3477 hic
491 3412 597 3478 bouus
620 3419 723 3496 pater,
745 3433 869 3491 secure,
893 3419 932 3477 ut
951 3413 1064 3493 video,
1094 3415 1129 3478 in
1183 3413 1342 3479 cultatem
1354 3413 1420 3477 illis
1432 3413 1549 3489 aufert,
1573 3415 1753 3480 remedium
1766 3419 1801 3480 in
1818 3418 2045 3500 promissione,
2069 3439 2166 3503 quam

144 3498 264 3565 umbra
275 3499 344 3563 vini
357 3505 415 3563 aut
436 3498 594 3563 cervisiae
606 3497 830 3583 philosophari
842 3498 967 3577 solitus,
990 3499 1129 3564 eandem
1183 3500 1315 3583 proprio
1337 3499 1499 3583 sanguine
1522 3499 1676 3564 Christus
1700 3503 1848 3577 sancivit,
1873 3505 1989 3569 efficax
2011 3506 2166 3588 plenum·

145 3584 379 3651 confidentiam
407 3584 539 3666 longius
565 3604 720 3667 spargere
749 3583 862 3649 voluit.
909 3583 977 3650 Sed
1005 3606 1129 3668 expen-
1183 3607 1246 3669 quc
1274 3606 1345 3650 esse
1374 3586 1486 3651 doceo:
1515 3585 1571 3650 ille
1593 3593 1701 3651 autem
1731 3589 1845 3655 salutis
1875 3611 1967 3673 spem
1994 3592 2165 3674 praecidit,

145 3670 224 3735 dere
252 3669 424 3748 debuerat,
453 3690 516 3751 quo
548 3690 646 3735 sensu
671 3670 837 3752 profanari
857 3669 1057 3753 baptismum
1081 3672 1130 3735 di·
1183 3672 1248 3735 nisi
1271 3672 1311 3736 ab
1334 3680 1469 3736 externo
1482 3672 1644 3736 elemento
1654 3679 1793 3755 petatur.
1828 3674 1968 3756 Quaerit
1984 3699 2028 3742 an
2042 3677 2167 3743 Iudaeo

144 3777 228 3835 cam,
250 3756 278 3822 si
301 3754 426 3820 alienos
447 3755 632 3838 promiscue
650 3776 688 3821 ac
710 3754 905 3821 domesticos
925 3755 1053 3820 adeum
1073 3757 1130 3820 ad-
1185 3757 1238 3822 vel
1261 3759 1388 3823 'furcae
1410 3756 1582 3841 negandus
1610 3759 1654 3823 sit
1675 3760 1873 3844 baptismus,
1901 3764 1929 3826 si
1952 3784 2028 3827 eum
2053 3773 2167 3847 postu·

143 3843 318 3908 mittimus.
363 3842 410 3905 Et
431 3860 510 3905 vero
531 3841 565 3905 id
587 3863 628 3906 ex
647 3841 774 3907 Christi
790 3840 956 3919 mandato,
980 3841 1067 3924 quod
1085 3843 1130 3905 ci·
1184 3844 1263 3907 lent.
1308 3843 1374 3908 Hic
1396 3864 1492 3907 nemo
1514 3864 1581 3907 non
1605 3844 1703 3925 videt,
1732 3867 1831 3929 quam
1854 3868 1962 3913 erasse
1984 3849 2167 3916 hallucine-

144 3938 209 4008 tat,
238 3929 391 3994 evincere
411 3935 601 4010 promptum
624 3938 682 3993 est.
727 3926 882 3992 Christus
904 3946 1018 3991 omnes
1039 3928 1132 3993 iubet
1185 3935 1250 4006 tur,
1273 3929 1328 4011 qui
1351 3928 1476 3993 alienos
1499 3930 1604 4013 fingit,
1627 3932 1746 4013 quibus
1768 3933 1867 3998 fidem
1886 3935 2043 4019 assignat.
2079 3935 2169 4017 Quid

143 4016 322 4100 baptizari,
356 4014 473 4097 inquit.
521 4015 578 4078 An
607 4035 673 4078 non
700 4013 792 4096 prius
821 4012 895 4078 vult
922 4014 1130 4097 evangelium
1185 4021 1294 4079 autem
1328 4035 1437 4080 secum
1470 4016 1541 4098 ipse
1575 4016 1706 4096 deliret,
1745 4019 1828 4082 nihil
1862 4040 1980 4084 moror.
2037 4021 2169 4088 Verum

143 4099 349 4185 praedicari?
396 4100 499 4166 Hunc
522 4100 610 4164 enim
634 4100 782 4163 ordinem
806 4098 1015 4164 commendat
1036 4120 1130 4182 apos·
1185 4101 1285 4166 stulte
1314 4101 1376 4165 hoc
1409 4108 1604 4185 argumento
1637 4124 1690 4167 mc
1723 4105 1930 4189 aggreditur,
1962 4107 2019 4188 qui
2048 4107 2170 4192 ubique

97 4240 101 4245 .
145 4188 230 4267 telis,
249 4198 287 4252 ut
308 4186 448 4253 doceant
470 4207 507 4252 ae
525 4186 695 4271 baptizent
712 4185 848 4265 (Matth.
869 4190 920 4264 98,
943 4186 1006 4269 19).
1039 4187 1130 4271 Ergo
1185 4188 1300 4266 doces,
1328 4187 1392 4252 fide
1420 4208 1475 4253 eos
1503 4208 1632 4265 omnes,
1663 4191 1719 4271 qui
1741 4191 1933 4257 alienissimi
1956 4193 2105 4274 fuerant,
2134 4194 2168 4258 in

145 4273 310 4357 evangelii
334 4271 493 4352 doctrina,
518 4273 573 4355 qui
586 4271 789 4353 priusalieni
809 4280 913 4349 erant,
936 4272 1132 4337 inseruntur
1184 4272 1250 4338 Dei
1272 4274 1429 4338 familiam
1457 4282 1490 4339 et
1517 4273 1643 4338 Christi
1673 4297 1790 4359 corpus
1815 4278 2005 4344 coalescere.
2051 4280 2170 4365 Neque

144 4359 182 4423 in
204 4359 385 4424 ecelesiam.
431 4359 485 4423 Ita
506 4358 632 4423 Paulus
655 4356 763 4434 docet,
792 4378 894 4440 quum
915 4357 1046 4433 Iudaei,
1075 4359 1131 4441 qui
1184 4369 1295 4424 tamen
1318 4358 1352 4423 id
1375 4360 1499 4435 obstat,
1528 4361 1703 4442 quominus
1731 4383 1791 4445 per
1817 4364 2017 4447 baptismum
2037 4386 2170 4451 quoque

146 4443 316 4509 naturales
343 4446 426 4510 rami
454 4454 588 4510 sanctae
617 4442 736 4509 radicis
759 4454 867 4520 erant,
899 4444 1034 4508 defracti
1058 4445 1129 4508 fue-
1183 4446 1220 4509 in
1245 4446 1414 4512 ecclesiam
1445 4446 1571 4511 solenni
1600 4448 1666 4511 ritu
1694 4460 1929 4533 aggregentur:
1963 4472 2027 4532 quc
2062 4455 2170 4537 magis

146 4529 225 4603 rint,
248 4538 363 4612 gentes
385 4538 543 4613 tanquam
568 4530 748 4615 sylvestres
770 4528 943 4606 oleastros,
971 4530 1073 4595 fuisse
1094 4531 1130 4594 in
1184 4538 1258 4596 rata
1280 4533 1323 4597 sit
1345 4553 1458 4596 eorum
1481 4532 1601 4610 insitio,
1626 4533 1705 4597 dum
1728 4535 1874 4620 sigillum
1896 4536 1930 4601 in
1954 4538 2025 4602 eius
2048 4540 2170 4605 confir·

146 4614 280 4679 illorum
314 4615 420 4680 locum
455 4617 573 4681 insitas
608 4616 718 4695 (Rom.
746 4620 794 4691 ll,
820 4616 886 4699 20).
932 4614 1006 4695 Quo
1033 4616 1131 4680 modo
1182 4618 1361 4681 mationem
1385 4617 1517 4683 aceedit.

147 4698 231 4765 hoe?
265 4700 393 4782 Nempe
413 4723 472 4784 per
494 4702 716 4786 evangelium.
751 4701 903 4766 Absurde
926 4722 1132 4785 ergocensor
1269 4705 1321 4767 De
1348 4703 1554 4786 papistarum
1587 4703 1697 4769 liberis
1726 4708 1881 4791 expedita
1907 4718 1959 4775 est
1987 4713 2168 4794 responsio.

147 4792 268 4864 noster,
296 4788 350 4868 qui
373 4788 558 4853 membrum
580 4810 686 4852 unum
709 4788 866 4870 decerpit:
895 4788 977 4866 imo,
1005 4808 1132 4870 quasa
1183 4787 1280 4868 Quod
1301 4790 1374 4853 iure
1396 4809 1452 4854 ees
1471 4791 1628 4872 baptizari
1651 4812 1711 4872 pro
1729 4794 1877 4859 confesso
1889 4796 2039 4872 assumit,
2062 4797 2169 4864 liben-

147 4871 283 4938 Christo
306 4871 480 4937 coniuncta
504 4886 608 4953 erant,
632 4874 760 4940 divellit
782 4894 819 4938 ae
841 4873 971 4938 lacerat.
1018 4872 1131 4954 Quare
1185 4882 1237 4938 ter
1258 4874 1307 4938 illi
1328 4875 1486 4941 concedo:
1506 4875 1563 4940 sed
1584 4876 1667 4942 falso
1690 4879 1872 4957 existimat,
1896 4890 2074 4949 extrancos
2096 4884 2168 4950 ideo

147 4957 295 5023 breviter
318 4961 378 5035 [fol.
401 4962 452 5035 10]
474 4960 670 5041 respondeo:
700 4960 811 5027 vocari
833 4959 964 5042 quidem
987 4958 1029 5025 ad
1051 4959 1130 5042 bap-
1185 4982 1280 5025 ame
1301 4962 1437 5040 censeri,
1461 4966 1518 5041 [fol.
1540 4968 1592 5041 12]
1623 4962 1700 5046 quia
1730 4985 1836 5049 neque
1864 4989 1906 5032 ex
1934 4974 2026 5050 pat-re
2055 4978 2169 5035 sancto

147 5044 294 5119 tisinum,
319 5042 443 5107 Christi
467 5065 561 5119 voce,
593 5046 731 5111 alienos:
758 5046 816 5111 sed
843 5046 936 5129 prius
965 5046 1131 5129 evangelii
1185 5048 1298 5130 geniti,
1320 5068 1426 5130 neque
1449 5070 1488 5112 ex
1513 5058 1626 5114 sancta
1647 5059 1753 5115 matre
1782 5054 1851 5116 nati
1873 5055 2004 5118 fuerint.
2049 5055 2167 5139 Neque

147 5128 391 5214 praedicatione
423 5132 568 5212 cooptari
599 5132 636 5194 in
667 5132 836 5197 familiam.
881 5133 933 5196 Ita
965 5141 1043 5196 ante
1074 5131 1131 5196 do·
1185 5133 1273 5197 enim
1295 5142 1469 5216 propterea
1491 5142 1679 5199 sanctorum
1702 5138 1760 5201 filii
1784 5159 1855 5204 esse
1878 5138 2041 5217 desinunt,
2065 5162 2165 5223 quum
