4620 5894
117 234 181 299 313
982 236 1266 305 Gaudentius.
2069 247 2133 309 314

115 428 208 496 baud
238 427 336 494 dubie
366 432 417 493 est
449 425 594 512 qualibet
620 426 725 492 otiosa
751 425 982 509 speculatione.
1026 426 1100 493 Illic
1152 435 1246 512 patre
1268 436 1346 493 ante
1368 428 1497 495 saecula
1519 429 1678 514 genitum,
1698 451 1797 498 verus
1819 431 1921 512 Deus,
1942 432 2042 498 unius
2059 450 2135 499 cum

114 517 206 582 enim
226 516 303 599 pius
324 514 455 580 animus
476 513 587 579 Deum
614 512 920 595 praesentissimum
942 514 1100 597 conspicit
1151 521 1245 598 patre
1272 514 1447 595 essentiae,
1477 517 1657 599 potentiae,
1686 517 1869 584 maiestatis
1897 517 2043 601 adeoque
2064 520 2135 604 ipse

115 610 151 669 et
172 622 280 688 paene
303 606 465 677 attrectat,
487 596 545 663 ubi
567 618 603 663 se
625 598 797 677 vivificari,
819 598 1010 678 illuminari,
1034 600 1100 666 sal·
1151 599 1313 680 Ieborah,
1342 600 1400 684 qui
1427 622 1447 666 a
1473 622 1508 666 sc
1536 603 1608 685 ipso
1636 623 1765 686 semper
1786 602 1901 669 habuit
1924 611 1962 669 ut
1983 612 2077 684 esset,
2100 612 2135 671 et

114 689 201 768 rari,
224 687 396 753 iustificari
420 705 458 752 ac
480 685 678 750 sanctificari
701 684 810 751 sentit
848 682 960 765 Quare
981 683 1099 751 iisdem
1151 685 1224 752 aliis
1259 685 1459 752 subsistendi
1492 687 1650 754 virtutem
1686 689 1870 772 inspiravit.
1927 688 1965 755 Si
2001 690 2134 773 quidem

116 777 262 841 etiams
289 773 434 838 fontibus
467 770 509 836 ad
536 768 797 837 confirmandam
831 771 967 853 spiritus
994 773 1098 838 sancti
1149 772 1221 856 ipse
1244 772 1284 836 de
1306 791 1341 838 se
1363 778 1503 839 testatus
1524 782 1583 854 est,
1606 774 1759 859 gloriam,
1779 796 1844 858 qua
1864 776 1900 840 in
1923 797 2021 842 earne
2042 776 2136 843 1llua·

112 861 323 929 divinitatem
355 858 503 941 probatio
536 856 680 939 petenda
711 862 769 921 est.
813 856 931 941 Longe
964 858 1053 922 enim
1079 879 1100 922 a
1150 865 1258 924 tratus
1279 864 1340 939 est,
1363 879 1398 924 se
1419 857 1461 924 ab
1480 859 1575 924 initio
1597 857 1685 943 apud
1704 867 1833 944 patrem
1855 862 2052 945 possedisse,
2076 884 2136 928 an·
2175 852 2183 868 ’

114 947 279 1014 creaturis
302 944 447 1010 alienum
470 950 521 1008 est
548 942 636 1026 quod
664 941 714 1006 illi
736 942 918 1024 scripturae
947 942 1099 1009 tribuunt
1150 952 1284 1028 tequam
1304 944 1419 1009 mundi
1441 944 1658 1011 fundamenta
1684 946 1885 1013 iacerentur:
1914 946 2002 1031 quod
2023 949 2135 1032 ipsum

111 1040 147 1100 et
168 1032 318 1116 nosipsi
339 1037 430 1097 certa
451 1030 585 1112 pietatis
608 1027 812 1111 experientia
834 1027 1000 1096 discimus.
1035 1029 1099 1094 Ille
1151 1038 1185 1095 et
1210 1030 1337 1096 Paulus
1367 1029 1474 1109 docet,
1505 1030 1584 1096 dum
1605 1031 1641 1096 in
1667 1033 1774 1098 forma
1794 1033 1859 1098 Dei
1886 1035 1988 1099 fuisse
2010 1034 2133 1114 scribit,

114 1120 206 1187 enim
228 1126 287 1199 est,
311 1117 366 1201 qui
387 1116 511 1199 ubique
531 1113 671 1180 diffusus
693 1115 804 1179 omnia
826 1116 976 1195 sustinet,
1000 1137 1098 1200 vege·
1150 1137 1211 1199 per
1231 1116 1355 1181 formae
1376 1117 1575 1183 vocabulum
1596 1118 1802 1183 maiestatem
1827 1119 2027 1204 intelligens.
2067 1121 2134 1186 Po-

111 1213 165 1272 tat
194 1212 229 1269 et
254 1205 416 1282 vivificat,
445 1203 501 1285 qui
526 1201 561 1265 in
583 1199 735 1266 fidelibus
757 1200 911 1267 babitans
932 1201 1022 1268 ducit
1044 1223 1099 1267 eos
1151 1203 1291 1266 tentiam
1314 1222 1392 1269 vero
1422 1223 1516 1268 suam
1545 1204 1616 1286 ipse
1639 1205 1756 1269 asserit
1779 1204 1831 1270 his
1853 1206 1976 1271 verbis:
2003 1207 2078 1291 Ego
2101 1213 2135 1272 et

103 1293 151 1359 ·in
174 1310 309 1356 omnem
332 1289 520 1366 veritatem,
543 1293 726 1371 regenerat,
750 1288 940 1365 sanctificat,
964 1296 998 1352 et
1019 1288 1098 1353 olim
1149 1294 1245 1370 pater
1265 1308 1441 1370 operamur
1460 1288 1631 1354 hactenus.
1671 1288 1864 1374 Scripturas
1882 1293 1982 1356 etiam
1999 1293 2133 1375 passim,

109 1379 152 1446 ad
191 1376 328 1461 plenum
360 1372 552 1441 vivificabit.
602 1373 672 1438 Nec
704 1394 785 1438 vero
818 1393 920 1455 quum
954 1372 995 1438 de
1027 1375 1098 1456 ipso
1150 1394 1253 1456 quum
1276 1371 1394 1439 docent
1414 1395 1474 1457 per
1496 1395 1572 1440 eum
1594 1381 1741 1441 creatum
1762 1397 1833 1442 esse
1855 1376 1977 1456 orbem,
2003 1377 2040 1442 in
2062 1379 2134 1461 ipso

111 1466 279 1548 scriptura
295 1460 449 1545 loquitur,
469 1457 564 1525 aDci
584 1458 803 1542 appellatione
822 1459 972 1525 abstinet.
1009 1460 1098 1524 Pau·
1149 1458 1255 1525 vitam
1281 1459 1398 1539 fnisse,
1428 1467 1461 1525 et
1490 1460 1648 1526 eiusmodi
1678 1462 1829 1544 plurima.
1874 1463 1991 1546 Neque
2013 1483 2133 1547 operae

109 1551 164 1617 lus
187 1549 280 1617 enim
299 1568 360 1613 nos
383 1567 454 1612 esse
476 1545 637 1628 templum
655 1545 719 1611 Dei
742 1566 784 1610 ox
806 1567 843 1612 eo
866 1545 998 1630 colligit,
1022 1547 1098 1629 quia
1149 1546 1293 1628 pretium
1321 1552 1371 1610 est
1399 1546 1454 1611 hic
1481 1546 1631 1629 pluribus
1658 1548 1836 1612 immorari.
1880 1549 1968 1613 Nam
1990 1551 2018 1614 si
2039 1550 2134 1616 Deus

111 1644 189 1719 [pag.
213 1639 268 1714 42]
286 1633 422 1717 spiritus
440 1632 512 1697 eius
530 1630 660 1696 habitat
680 1631 717 1694 in
733 1632 837 1697 nobis.
874 1631 996 1696 Petrus
1018 1652 1098 1697 rere
1150 1639 1215 1710 est,
1243 1632 1354 1696 omnia
1378 1632 1415 1696 in
1443 1653 1479 1696 se
1505 1638 1578 1711 [pag.
1600 1639 1654 1713 44]
1676 1635 1824 1699 continet
1845 1655 1929 1718 quae
1951 1636 2016 1700 Dei
2045 1643 2131 1701 sunt

110 1722 283 1789 Ananiam
302 1717 548 1803 reprebendens
560 1715 646 1800 quod
664 1717 794 1799 spiritui
806 1723 917 1783 sancto
939 1717 1098 1783 mentitus
1150 1716 1295 1782 Proinde
1321 1716 1532 1784 stolidissime
1564 1719 1768 1802 inoptiebant
1790 1721 1922 1799 Ariani,
1974 1722 2008 1785 ui
2052 1743 2133 1786 uum

110 1815 215 1887 esset,
245 1827 312 1872 non
340 1805 530 1870 bominibus
557 1803 734 1867 mentitum
762 1825 833 1869 esse
861 1802 1003 1881 dicebat,
1040 1803 1098 1868 sed
1150 1803 1261 1868 Deum
1287 1804 1486 1882 faterentur,
1515 1803 1580 1870 Dei
1609 1804 1828 1870 substantiam
1856 1805 1905 1870 illi
1934 1742 2042 1874 adime
2064 1814 2131 1872 ant.

109 1892 194 1960 Deo.
240 1891 314 1958 Iam
337 1912 439 1974 quum
460 1892 564 1954 fixum
587 1888 670 1953 illud
692 1892 838 1968 maneat,
861 1890 971 1954 Deum
992 1910 1097 1953 unum
1235 1888 1339 1953 Verbi
1377 1910 1505 1972 quoque
1542 1890 1760 1974 appellatione
1805 1913 1870 1956 non
1916 1890 2133 1977 intelligimus

111 2002 198 2059 csse,
234 2000 301 2044 non
332 1977 459 2062 plures3
494 1976 634 2041 verbum
664 1983 697 2039 et
730 1974 883 2058 spiritum
910 1995 978 2039 non
1009 1974 1097 2040 aliud
1149 1975 1274 2039 fluxam
1298 1981 1332 2039 et
1353 1975 1527 2041 evanidam
1549 1997 1679 2056 vocem,
1705 1998 1789 2060 quae
1811 1978 1846 2042 in
1868 1998 1979 2043 aerem
2000 1980 2132 2044 emitta-

110 2087 182 2133 essc
210 2086 310 2150 quam
334 2063 445 2146 ipsam
469 2062 535 2127 Dei
563 2062 739 2126 essentiam
767 2062 1006 2127 constituimus.
1051 2061 1098 2125 Et
1150 2068 1220 2125 tur:
1243 2060 1424 2127 cuiusmodi
1447 2069 1481 2127 et
1502 2063 1633 2129 oracula
1652 2063 1804 2146 patribus
1825 2063 1914 2129 edita
1936 2071 1969 2129 et
1992 2064 2132 2148 prophe-

109 2173 189 2219 sane
218 2153 248 2218 si
275 2150 311 2215 in
339 2150 437 2214 unius
454 2146 519 2213 Dei
541 2145 640 2212 fidem
663 2168 701 2213 ac
722 2147 916 2232 religionem
937 2167 996 2231 per
1017 2148 1096 2231 bap-
1148 2148 1214 2212 tiae
1235 2146 1379 2226 bierunt,
1403 2146 1460 2214 sed
1482 2155 1673 2231 perpetuam
1695 2148 1890 2233 sapientiam
1912 2149 2001 2234 apud
2021 2150 2133 2216 Deum
2207 2160 2216 2171 ‘

106 2239 244 2305 tisinum
262 2236 445 2315 initiamur,
462 2256 538 2299 eum
557 2255 616 2298 nos
633 2235 827 2316 profitemur
838 2234 948 2299 Deum
965 2231 1095 2313 habere,
1148 2232 1365 2312 residentem,
1394 2233 1483 2298 unde
1514 2240 1547 2298 et
1573 2234 1705 2300 oracula
1731 2242 1765 2301 et
1797 2235 1990 2319 prophetiae
2018 2256 2132 2303 omnes

110 2325 145 2390 in
166 2325 265 2393 cuins
292 2323 426 2388 nomine
447 2321 661 2404 baptisamur.
1148 2317 1349 2402 prodierunt.
1405 2319 1482 2384 Non
1514 2320 1603 2384 enim
1636 2320 1746 2387 minus
1773 2321 1892 2404 spiritu
1926 2320 2052 2388 Christi
2084 2323 2132 2388 lo-

196 2411 252 2477 Ex
275 2429 340 2492 quo
362 2414 500 2491 patrem,
523 2405 630 2471 filium
651 2413 684 2471 et
706 2405 860 2489 spiritum
884 2405 918 2470 in
940 2427 1008 2471 una
1030 2405 1097 2471 Dei
1149 2405 1243 2489 quuti
1266 2411 1346 2469 sunt
1366 2411 1497 2470 veteres
1518 2406 1698 2488 prophetae
1716 2428 1815 2489 quam
1834 2407 1986 2490 apostoli,
2009 2415 2043 2473 et
2060 2409 2132 2491 qui-

110 2497 254 2564 essentia
280 2494 441 2561 contineri
470 2493 569 2576 plane
596 2498 740 2572 constat,
768 2490 1033 2574 quandoquidem
1061 2494 1096 2558 in
1149 2512 1278 2574 cunque
1311 2489 1376 2554 Dei
1411 2491 1584 2556 veritatem
1622 2491 1812 2559 hominibus
1845 2492 2128 2560 administrarent.
2189 2542 2190 2546 η

108 2583 245 2649 nornine
276 2580 398 2665 patris,
426 2579 487 2644 filii
519 2585 552 2644 et
584 2577 721 2660 spiritus
749 2577 856 2643 sancti
881 2576 1094 2659 baptisamur.
1147 2576 1263 2659 Itaque
1286 2576 1478 2658 scripturae,
1499 2579 1632 2642 tametsi
1649 2580 1865 2663 proprietates
1885 2579 1960 2646 illas
1978 2580 2132 2647 distincte

106 2667 258 2736 Rursum
279 2672 315 2733 et
335 2664 497 2748 quaedam
518 2663 625 2746 patris
645 2684 665 2728 a
686 2663 797 2742 verbe,
820 2661 915 2728 verbi
936 2683 956 2726 a
978 2663 1096 2747 spiritu
1148 2662 1244 2727 nobis
1266 2661 1520 2729 considerandas
1541 2672 1745 2746 proponunt,
1769 2663 1850 2730 dnm
1872 2664 2006 2733 Christo
2027 2666 2132 2731 inter-

107 2752 277 2822 distinetio
294 2752 466 2836 scripturis
486 2750 738 2816 demonstratur.
769 2749 988 2832 Perspicuum
1006 2749 1096 2814 enim
1149 2747 1228 2812 dum
1255 2746 1340 2830 quod
1367 2747 1468 2813 solius
1497 2757 1548 2814 est
1569 2749 1648 2829 Dei,
1678 2750 1847 2816 interdum
1877 2752 1964 2835 quod
1986 2751 2132 2818 hominis

109 2840 271 2925 estquod
294 2838 424 2918 dicitur,
446 2846 573 2921 patrem
601 2857 662 2919 per
688 2837 795 2900 filium
823 2836 935 2899 omnia
956 2854 1094 2915 creasse,
1148 2840 1199 2899 est
1216 2834 1384 2914 tribuunt,
1412 2855 1524 2899 earum
1551 2842 1664 2900 tamen
1685 2837 1962 2916 coniunctionem,
1989 2839 2132 2921 quaein

107 2926 249 2994 eundem
277 2926 313 2989 in
341 2924 432 2988 hunc
460 2921 622 2986 mundum
645 2922 788 3000 misisse,
816 2921 853 2984 in
875 2926 1015 2986 mortem
1037 2942 1095 2986 ex·
1148 2918 1281 2984 Christo
1311 2917 1438 2998 subest,
1466 2927 1560 2986 tanta
1587 2921 1745 3006 religione
1773 2923 1982 3006 exprimunt,
2016 2930 2054 2988 ut
2075 2945 2131 2990 eas

108 3015 273 3098 posuisse,
309 3032 341 3086 a¹
360 3008 502 3073 mortuis
531 3007 706 3085 excitasse,
740 3004 868 3072 dedisse
895 3006 945 3071 illi
972 3027 1094 3072 nomen
1147 3005 1340 3088 quandoque
1367 3005 1455 3071 inter
1482 3027 1518 3072 se
1549 3009 1797 3073 communicent.
1848 3008 1909 3086 Ut,
1931 3029 2033 3091 quum
2054 3032 2130 3075 san·

107 3099 192 3182 quod
220 3104 273 3165 est
306 3117 407 3179 super
439 3114 536 3160 omne
569 3114 697 3159 nomen.
749 3092 812 3174 Ut,
840 3093 904 3158 nisi
934 3094 1006 3176 quis
1029 3092 1094 3158 Dei
1146 3091 1245 3191 guine
1268 3092 1333 3157 Dei
1362 3092 1556 3175 acquisitam
1585 3093 1769 3172 ecelesiam,
1798 3101 1831 3158 st
1858 3093 1965 3159 filium
1986 3094 2130 3161 beminis
2255 3096 2261 3107 “

107 3187 207 3252 verbo
230 3203 418 3268 repugnare
440 3202 481 3246 ex
509 3181 656 3263 professo
678 3179 773 3259 velit,
794 3201 861 3244 non
883 3180 970 3245 ausit
991 3179 1094 3264 tergi-
1145 3200 1182 3242 m
1204 3178 1293 3245 coelo
1315 3178 1416 3243 fuisse
1438 3175 1567 3258 dicunt,
1596 3200 1660 3261 quo
1679 3185 1824 3262 tempore
1845 3181 1880 3244 in
1903 3180 2000 3246 terris
2021 3179 2131 3248 adhuc

106 3271 242 3339 versari.
287 3270 375 3335 Nam
402 3287 464 3333 nee
494 3266 530 3331 in
556 3272 679 3331 terram
703 3263 872 3332 descendit
894 3272 1001 3348 pater,
1032 3286 1094 3331 nec
1146 3263 1279 3347 agebat:
1313 3264 1369 3346 qui
1402 3272 1517 3346 tropus
1544 3263 1711 3331 veteribus
1738 3263 1915 3345 ἰδιωμάτων
1942 3275 2080 3330 κοινωνία
2099 3269 2126 3352 ¹)

109 3378 244 3426 carnem
266 3364 416 3422 nostram
436 3352 552 3431 induit,
576 3372 638 3418 nee
660 3357 801 3417 mortem
819 3350 928 3430 subiit,
951 3372 1012 3417 nec
1035 3373 1092 3415 ex·
1146 3350 1253 3415 dictus
1275 3355 1333 3414 est.
1379 3347 1448 3414 Sed
1475 3349 1623 3414 omnium
1649 3350 1831 3416 clarissime
1859 3371 1975 3417 reram
1997 3352 2127 3419 Ohristi

106 3445 225 3512 citatus
249 3450 309 3508 est.
353 3441 427 3505 Iam
449 3446 483 3504 et
505 3459 582 3504 sea
611 3439 729 3520 spiritu
755 3458 814 3502 suo
832 3435 965 3501 differre
989 3437 1092 3520 signi-
1144 3433 1364 3500 substantiam
1392 3442 1550 3499 cnamant
1575 3434 1626 3499 illi
1652 3435 1715 3501 loci
1742 3437 1798 3520 qui
1826 3445 2002 3522 utramque
2030 3440 2129 3505 simul

106 3529 226 3598 licebat
248 3527 417 3605 Christus,
446 3546 548 3608 quum
570 3524 672 3588 alium
695 3523 932 3590 consolatorem
956 3543 991 3587 se
1012 3523 1091 3588 mis-
1144 3528 1297 3586 naturam
1321 3520 1591 3604 complectuntur,
1614 3522 1727 3604 quales
1749 3525 1785 3587 in
1803 3523 1976 3609 evangelio
1993 3525 2129 3592 Ioannis

105 3637 220 3683 surum
237 3614 463 3699 pollicebatur.
506 3611 613 3675 Porro
636 3607 911 3691 simplicissimam
928 3607 995 3674 Dei
1016 3608 1091 3673 uni-
1144 3613 1278 3673 exstent
1298 3627 1398 3690 qnam
1419 3605 1562 3691 plurimi.
1592 3607 1765 3674 Christum
1788 3631 1866 3694 ergo
1887 3631 2006 3676 verum
2016 3613 2127 3678 Deum

106 3710 208 3769 tatem
242 3701 324 3767 adeo
356 3719 425 3765 non
452 3696 592 3779 impedit
617 3696 682 3761 ista
709 3694 891 3774 distinctio,
920 3700 959 3758 ut
985 3693 1091 3759 filium
1144 3700 1178 3759 et
1198 3713 1316 3758 verum
1333 3692 1510 3772 bominem,
1526 3690 1592 3759 Dei
1610 3694 1717 3760 filium
1733 3716 1805 3762 esse
1823 3697 2009 3777 asserimus,
2028 3699 2127 3762 etiam

106 3788 181 3856 inde
209 3787 349 3873 probare
376 3786 488 3863 liceat,
517 3804 621 3847 unum
650 3801 721 3846 esse
746 3801 821 3846 eum
848 3778 1091 3864 patreDeum,
1142 3777 1324 3846 secundum
1347 3778 1599 3858 humanitatem,
1622 3781 1684 3846 etsi
1705 3802 1773 3846 non
1794 3782 2128 3848 rationehumanita-

106 3877 180 3959 quia
213 3892 283 3941 uno
313 3869 413 3937 simul
445 3891 528 3955 cum·
556 3888 595 3933 eo
618 3867 738 3951 spiritu
765 3875 907 3946 constet,
937 3867 1091 3950 spiritum
1143 3865 1194 3932 tis.
1223 3864 1320 3930 Istud
1332 3865 1422 3930 enim
1442 3872 1476 3930 et
1493 3865 1674 3948 scripturae
1691 3868 1889 3933 testimoniis
1908 3868 2030 3934 diserte
2047 3889 2126 3935 con·

106 3970 216 4028 autem
239 3980 308 4025 non
325 3956 415 4022 aliud
437 3977 508 4022 esse
527 3976 547 4019 a
568 3961 662 4036 patre
680 3961 714 4019 et
731 3953 799 4018 filio
817 3953 994 4033 diversum,
1013 3953 1090 4035 quia
1142 3952 1309 4036 signatum
1331 3956 1405 4031 [pag.
1424 3956 1479 4032 45]
1502 3957 1537 4016 et
1557 3953 1680 4018 veteris
1707 3953 1862 4020 ecclesiae
1890 3974 2050 4020 consensu
2071 3976 2123 4020 re-

104 4048 208 4130 patris
236 4050 311 4126 [pag.
336 4048 389 4123 43]
419 4048 452 4107 et
484 4040 545 4106 filii
572 4041 616 4105 sit
642 4039 787 4122 spiritns.
839 4038 980 4105 Summa
1007 4037 1089 4104 baec
1142 4044 1274 4121 coptum
1296 4046 1354 4103 est

104 4135 158 4200 sit:
180 4133 254 4199 Nos
270 4133 307 4196 in
324 4129 392 4209 illa,
411 4148 511 4211 quem
529 4147 628 4209 supra
645 4125 785 4191 confessi
802 4147 925 4205 sumus,
944 4132 1088 4205 aeterna,
1228 4124 1296 4189 Eos
1325 4143 1438 4189 omnes
1466 4124 1522 4205 qui
1549 4121 1680 4190 divinae
1713 4126 1750 4189 in
1772 4123 1908 4192 Ohristo
1940 4125 2122 4193 maiestatis

104 4218 284 4305 spirituali,
315 4216 447 4281 infinita
468 4213 534 4279 Dei
562 4212 705 4278 essentia
730 4217 860 4294 patrem
888 4231 965 4276 cum
986 4210 1088 4276 verbe
1141 4211 1321 4276 veritatem
1344 4215 1402 4274 aut
1426 4214 1590 4288 evertere,
1614 4221 1669 4275 aut
1690 4210 1903 4288 imminuere,
1927 4217 1986 4275 aut
2007 4211 2123 4278 obscu-

105 4316 137 4372 st
157 4305 280 4391 spiritu
303 4301 582 4386 recognoscimus,
610 4298 656 4364 sic
678 4304 791 4362 tamen
814 4317 856 4362 ne
879 4304 937 4362 aut
959 4304 1088 4380 patrem
1141 4315 1215 4360 rare
1242 4296 1352 4362 conati
1380 4301 1471 4374 sunt,
1499 4302 1538 4359 ut
1569 4295 1745 4380 sacrilegos
1775 4295 1984 4362 detestamur.
2029 4297 2122 4363 Mar·

103 4411 177 4459 cem
198 4391 317 4469 verbo,
347 4394 406 4453 aut
433 4385 573 4452 verbum
600 4382 838 4450 confundamus
860 4403 937 4449 cum
959 4382 1086 4465 spiritu.
1141 4381 1278 4445 cionitas
1307 4380 1363 4464 qui
1391 4387 1557 4464 spectrum
1585 4380 1632 4445 illi
1661 4400 1722 4464 pre
1752 4402 1885 4464 corpore
1908 4382 2121 4468 affingebant,

103 4479 175 4544 Arii
197 4476 414 4553 dementiam,
443 4472 499 4555 qui
527 4479 661 4535 aeterna
689 4469 795 4533 filium
818 4468 990 4534 divinitate
1012 4488 1087 4551 spo-
1139 4466 1351 4532 Manichaeos
1374 4468 1463 4544 item,
1487 4467 1542 4548 qui
1564 4466 1695 4532 coelesti
1718 4487 1818 4532 carne
1835 4466 2020 4550 praeditum
2037 4490 2123 4535 som·

102 4562 217 4644 liabat,
247 4561 348 4629 simul
375 4566 409 4626 et
435 4554 623 4623 Macedonii
649 4555 705 4638 qui
732 4575 792 4637 per
820 4554 973 4638 spiritum
1001 4553 1087 4618 dona
1138 4552 1290 4631 niabant,
1318 4552 1432 4636 procul
1456 4552 1631 4618 reiioimus.
1675 4553 1745 4618 Nec
1767 4552 1951 4635 Apollinari
1980 4557 2122 4621 assenti-

105 4651 225 4734 gratiae
248 4648 412 4714 duntaxat
432 4645 467 4708 in
488 4642 642 4708 homines
665 4642 770 4707 effusa
786 4640 1001 4725 intelligebat,
1023 4640 1086 4704 im-
1138 4658 1229 4719 mur,
1259 4639 1316 4722 qui
1341 4637 1510 4703 dimidiam
1539 4637 1755 4703 humanitatis
1782 4645 1911 4723 partem
1935 4639 1984 4705 illi
2012 4640 2121 4707 detra·

104 4738 279 4818 probamus
312 4741 346 4800 et
383 4749 603 4797 exsecramur.
664 4726 778 4792 Nihilo
810 4727 918 4811 magis
950 4724 1086 4793 Sabellii
1138 4722 1247 4790 hebet.
1292 4724 1439 4789 Nestorii
1472 4723 1613 4806 deniqne
1646 4745 1792 4789 errorem
1833 4724 2027 4792 damnamus
2063 4728 2120 4812 qui

105 4823 205 4889 errori
227 4820 429 4890 assentimur
455 4816 511 4901 qui
532 4813 659 4878 nullam
681 4814 716 4878 in
737 4821 846 4897 patre,
873 4813 942 4878 filio
966 4828 999 4878 et
1019 4813 1085 4896 spi·
1138 4811 1179 4877 ab
1196 4810 1406 4876 humanitate
1415 4809 1621 4874 divinitatem
1640 4808 1827 4877 distrahens
1846 4811 2010 4896 duplicem
2021 4811 2120 4879 Obri-

105 4910 166 4976 ritu
186 4906 433 4976 &stinctioncm
455 4899 657 4969 admittebat.
1136 4903 1226 4964 stum
1247 4895 1562 4963 comminiscebatur.

188 4994 289 5078 Quod
309 4991 352 5059 ad
374 4989 548 5058 Christum
570 4986 780 5070 peculiariter
801 4987 934 5065 attinet,
957 4983 1085 5050 duabus

109 5078 209 5162 ipsum
229 5078 361 5146 naturis
382 5083 532 5145 censure
554 5074 766 5174 affirmamus.
799 5072 887 5137 Nam
908 5079 1086 5172 antequam
1206 5101 1236 5168 1)
1267 5100 1305 5156 ra
1333 5100 1452 5157 sertae
1478 5107 1564 5156 vem
1590 5102 1689 5172 ιωωω
1715 5103 1813 5160 tarsae
1842 5105 1931 5160 carza
1958 5105 2118 5162 mereare

113 5184 238 5234 earnem
266 5163 437 5243 indueret,
466 5159 605 5229 verbum
631 5158 714 5224 dlud
742 5165 914 5225 aeternum
940 5158 1018 5238 furt,
1043 5179 1086 5223 ex
1135 5172 1274 5242 scriptum.
