4620 5894
204 233 325 301 XLVI
796 229 1071 301 mauranus
1093 228 1387 298 momulus
1408 228 1630 298 MINORllS.

200 423 354 490 convertis
374 441 470 504 quam
487 425 631 505 oporteat.
677 420 745 487 Hoc
762 420 842 503 foci
862 424 1004 502 conupto
1024 420 1062 486 dc
1082 440 1131 486 uro
1152 420 1257 505 ορὶιιίο
1279 425 1314 486 ut
1332 440 1412 502 quoe
1433 439 1595 502 uunquam
1611 420 1646 484 in
1662 423 1793 485 ueram
1809 422 1958 484 nurerum
1973 416 2055 483 miti
2071 415 2219 502 offisque.

203 533 377 600 Praetereo
403 535 481 600 dnm
503 537 583 598 miros
611 534 647 597 in
667 532 723 597 too
744 552 778 600 es
799 537 834 596 ut
855 537 925 612 tuo,
948 532 1181 615 qualiacunque
1202 532 1280 612 sint,
1308 533 1352 598 od
1372 536 1544 596 carenum
1564 551 1664 613 usque
1683 532 1820 611 tuearis,
1841 531 1945 614 moqis
1965 529 2122 595 interdum
2142 528 2221 612 quid

201 665 273 712 cum
293 645 362 711 illis
383 649 540 729 conquam,
563 664 659 727 quom
680 644 757 725 quid
777 664 886 710 corum
907 644 958 723 sit,
981 648 1117 725 reputas.
1164 642 1202 708 Si
1222 642 1278 707 tibi
1289 643 1395 727 placet
1410 643 1607 726 simplicitas,
1629 649 1681 726 eqo
1698 648 1777 708 certe
1794 662 1849 708 noc
1864 642 1948 723 tucis
1965 662 2019 709 noc
2036 639 2221 725 ornboqrbur

201 757 338 823 delector.
385 755 424 822 Si
452 755 585 822 libmom
609 756 750 821 nunctis
770 755 999 838 professionem
1026 775 1132 830 omos,
1161 773 1324 836 nurrquom
1344 754 1425 820 mitri
1446 756 1482 819 in
1504 754 1708 836 ommutuit,
1743 774 1823 835 quoe
1844 754 1969 836 scripsi,
1990 753 2035 819 od
2055 752 2221 818 bominum

199 870 341 953 qroticm
362 869 522 948 irqlectere.
570 866 607 932 Si
629 868 685 949 qui
708 865 844 934 Lutlrcro
866 867 914 933 cel
934 868 1013 933 aliis
1034 866 1170 932 tandin
1190 870 1275 945 sunt,
1304 886 1364 930 non
1392 885 1464 932 snm
1485 886 1523 930 en
1544 885 1650 930 enum
1671 885 1819 930 numero.
1833 913 1860 929 ..
1882 871 1979 930 oaett
2023 863 2119 948 Ipsas
2141 883 2220 929 veru

201 979 447 1046 observationes
468 1001 510 1044 ex
533 979 739 1063 autographo
756 979 791 1042 in
810 978 928 1044 iisdem
946 978 1089 1045 arohiris
1106 978 1191 1061 Epp.
1211 978 1302 1043 Tem.
1322 977 1383 1056 IV,
1406 977 1460 1042 fol.
1481 981 1544 1040 458
1567 982 1734 1042 asservato
1753 977 1854 1044 verbo
1872 983 1969 1042 tenus
1987 975 2220 1055 describemus,

202 1092 249 1157 ita
271 1097 309 1156 ut
329 1091 433 1156 fusius
458 1088 499 1154 de
520 1089 654 1156 illarum
674 1097 790 1155 tenore
811 1111 900 1156 nune
922 1089 1090 1172 disputare
1112 1111 1177 1154 non
1200 1089 1348 1155 attinent
1392 1090 1470 1173 Ipse
1490 1096 1538 1167 tu,
1561 1088 1719 1155 benevole
1741 1088 1853 1168 laetor,
1876 1088 2020 1171 perlecto
2040 1087 2098 1153 illo
2119 1087 2220 1154 doou·

202 1209 323 1281 mente,
348 1202 472 1268 antone
494 1202 652 1281 animum,
676 1222 779 1285 quum
800 1201 874 1266 illas
896 1201 1124 1279 conseriberet
1147 1221 1167 1265 a
1188 1200 1384 1267 conciliandi
1406 1200 1514 1266 studio
1536 1201 1774 1266 alienissimum
1796 1200 1898 1265 fuisse
1920 1199 2112 1266 credideris:
2143 1198 2221 1266 talis

201 1322 253 1381 eet
279 1315 346 1381 stili
375 1313 569 1392 acrimonia,
592 1319 662 1378 tam
683 1314 890 1380 stomachose
912 1313 966 1379 vel
987 1312 1245 1378 modestissimus
1267 1312 1455 1396 Bullingeri
1477 1313 1674 1379 obieetiones
1696 1312 1816 1391 reiioit,
1839 1319 1909 1378 tam
1931 1312 2071 1395 superbe
2091 1308 2221 1376 deridet

202 1427 231 1493 si
258 1425 338 1511 qnid
365 1425 422 1490 ille
447 1423 648 1490 mutandum
675 1426 829 1508 proponit
857 1431 915 1490 aut
943 1423 1130 1490 distinctius
1157 1424 1417 1508 explanandum,
1452 1431 1523 1488 tam
1551 1423 1692 1506 denique
1725 1423 1940 1508 indignanter
1971 1424 2058 1488 ferre
2086 1420 2220 1489 videtur

201 1538 288 1622 quod
315 1537 405 1603 idem
432 1558 527 1602 snam
552 1542 697 1602 mentem
718 1557 785 1602 non
807 1535 928 1620 ubique
949 1542 1148 1619 assequutus
1169 1536 1221 1600 sit.
1266 1535 1438 1602 Miraberis
1459 1543 1568 1601 totum
1590 1537 1759 1620 negotium
1781 1555 1849 1600 non
1868 1535 2017 1618 protinus
2039 1532 2220 1617 abruptum

199 1650 304 1716 inisse
331 1656 406 1732 post
434 1655 502 1712 tam
530 1668 685 1730 asperum
712 1653 744 1713 et
770 1648 1002 1715 inclementem
1028 1647 1198 1730 impetum
1241 1647 1370 1712 Verum
1391 1647 1608 1733 Bullingerus
1629 1647 1776 1713 bimestri
1799 1646 1905 1729 spatio
1925 1644 2096 1712 interiecto
2117 1643 2220 1729 plaui-

201 1760 351 1837 dissime,
372 1761 440 1824 imo
462 1757 640 1839 submisse,
663 1757 849 1843 respondit,
871 1759 1045 1825 noreiam
1067 1755 1287 1824 annotata'ad
1309 1758 1440 1825 Oalvini
1463 1757 1765 1825 animadversiones
1787 1757 1865 1822 huic
1886 1757 2094 1836 transmittit,
2117 1776 2220 1839 eaque

200 1875 250 1939 ita
278 1872 492 1946 eonformata,
521 1876 559 1935 ut
586 1869 708 1936 omissa
734 1870 850 1954 quavis
876 1870 1086 1936 eontentione
1114 1877 1149 1935 et
1176 1869 1398 1953 discrepantia
1423 1869 1562 1953 pedibus
1589 1878 1623 1936 et
1649 1867 1804 1935 manibus
1829 1869 1866 1933 in
1894 1869 1996 1934 huius
2020 1867 2219 1934 sententiam

199 1985 321 2051 abiisse
342 1982 507 2059 videatur,
530 1987 563 2047 et
586 1981 711 2064 ipsum,
739 2002 806 2047 non
828 2002 908 2047 vero
930 1980 1121 2061 Oalvinum,
1152 1981 1375 2048 consensionis
1401 1980 1536 2047 tandun
1557 1981 1696 2047 feliciter
1718 1980 1916 2064 compositae
1937 1986 2160 2064 promotorem
2182 1985 2217 2044 et

201 2103 351 2163 autorem
372 2093 472 2159 tuisse
494 2092 627 2158 dixeris.
672 2092 824 2176 Epistola
844 2092 1047 2178 Bullingeri,
1078 2113 1260 2177 quasnam
1281 2100 1426 2159 mentem
1448 2093 1688 2159 humanissime
1708 2091 1865 2176 exprimit
1886 2098 1920 2158 et
1938 2092 1979 2157 ab
2001 2091 2107 2157 amico
2127 2090 2220 2175 petit,

201 2216 241 2274 ut
261 2207 324 2274 sibi
344 2226 440 2272 suam
461 2224 561 2287 quam
582 2211 679 2271 vocat
699 2205 917 2270 rusticitatem
938 2204 1117 2283 condonet,
1142 2204 1229 2288 quod
1251 2205 1323 2271 eius
1344 2204 1465 2288 placita
1486 2226 1553 2270 non
1575 2205 1688 2271 statim
1709 2205 1794 2271 bene
1815 2203 2030 2283 intellexerit,
2052 2207 2163 2269 exstat
2181 2201 2219 2268 in

201 2318 360 2386 Arohivis
381 2315 457 2383 ecel.
480 2315 589 2382 Turia
612 2317 697 2401 Epp.
719 2317 811 2382 Tem
832 2315 948 2396 XXX,
971 2337 1002 2400 p.
1027 2319 1104 2397 2333
1137 2322 1295 2382 annotata
1315 2316 1387 2400 ipsa
1409 2339 1451 2382 ex
1472 2316 1590 2382 iisdem
1612 2317 1756 2383 archivis
1778 2316 1863 2400 Epp.
1886 2315 1979 2381 Tom.
2001 2315 2068 2396 III,
2089 2334 2121 2398 p.
2146 2316 2218 2393 318,

202 2431 261 2497 nbi
282 2428 511 2514 autographon
533 2427 683 2507 habetur,
707 2426 872 2512 descripta
893 2428 929 2492 in
951 2427 1013 2494 hoo
1034 2428 1106 2512 ipso
1127 2428 1294 2495 volumine
1315 2427 1458 2495 edemus.

356 2540 499 2616 Interea,
522 2544 700 2622 antequam
721 2539 804 2604 haec
821 2540 982 2623 posterior
999 2538 1186 2626 Bullingeri
1204 2540 1373 2623 responsio
1391 2540 1565 2607 Genavam
1582 2539 1683 2605 fuerit
1700 2539 1811 2618 allata,
1834 2559 1936 2622 quum
1954 2538 2086 2604 Bernae
2102 2557 2218 2605 mense

202 2654 325 2720 Martio
352 2651 460 2716 medio
492 2650 656 2734 synodum
682 2648 882 2715 oelebratum
911 2651 953 2715 iri
980 2652 1191 2718 rescivissent
1220 2652 1364 2718 ministri
1387 2651 1602 2718 Genevcnses
1624 2650 1680 2736 (de
1702 2671 1767 2735 qua
1788 2649 1886 2716 adeas
1908 2650 1938 2716 si
1959 2650 2068 2734 plaoet
2089 2648 2219 2715 Halleri

202 2762 430 2849 ephemerides
457 2763 493 2827 in
522 2761 640 2827 Museo
662 2761 824 2829 helvetioo
852 2763 944 2828 Part.
968 2762 1010 2840 V,
1032 2784 1106 2848 pag.
1130 2767 1171 2828 85
1194 2763 1298 2847 seqq.)
1325 2764 1562 2830 eonfessionem
1584 2785 1679 2829 suam
1701 2762 1742 2828 de
1764 2762 1978 2828 sacramentis
1999 2762 2120 2845 scripto
2142 2782 2219 2828 oon-

202 2884 333 2962 eeptam
355 2873 488 2960 collegis
507 2873 734 2939 Bemensibus
756 2873 1044 2940 transmittendam
1071 2881 1282 2954 censuerunt,
1311 2881 1481 2959 sperantes
1505 2876 1576 2940 fore
1598 2882 1637 2940 ut
1657 2875 1696 2940 hi
1717 2873 1828 2940 addito
1850 2895 1909 2940 suo
1931 2873 2056 2940 calculo
2078 2871 2221 2939 eandem

202 2986 378 3056 formulam
406 2985 579 3051 sancirent.
624 2983 719 3067 Quae
741 3007 780 3050 eo
800 2986 910 3050 minus
932 3007 952 3052 a
973 2987 1067 3053 nobis
1094 2986 1224 3053 silentio
1252 2985 1490 3070 praetereunda
1518 2986 1678 3070 estquod
1707 2988 1773 3051 iam
1799 2986 1905 3051 multo
1931 2985 2065 3068 propius
2092 2982 2222 3051 wesdit

203 3099 246 3166 ad
272 3119 346 3165 eam
373 3117 456 3182 quae
483 3103 598 3181 postea
627 3097 688 3163 sub
715 3096 849 3163 nomine
871 3096 1061 3164 consensus
1084 3098 1237 3183 Tigurini
1259 3096 1347 3163 edita
1367 3105 1431 3178 est,
1459 3098 1637 3183 pluresque
1664 3097 1794 3164 articuli
1815 3097 1915 3162 huius
1937 3097 2095 3180 postremi
2116 3095 2221 3162 libelli

201 3209 398 3294 simplieitor
430 3231 472 3275 ex
502 3208 561 3273 illo
594 3209 821 3275 Bemensibus
853 3209 962 3275 oblato
995 3209 1175 3293 exemplari
1208 3209 1361 3294 descripti
1394 3212 1537 3276 bierunt
1581 3210 1685 3277 (luins
1713 3209 1925 3277 oontessionis
1957 3208 2054 3293 plura
2085 3213 2221 3275 exstant
2255 3277 2258 3281 ,

203 3321 408 3407 apographa,
437 3321 584 3400 Bernae,
613 3319 771 3387 Gener-ae
798 3328 832 3385 et
860 3322 987 3390 anioi:
1023 3321 1111 3388 unde
1138 3343 1235 3388 suum
1263 3321 1419 3389 habuerit
1445 3323 1484 3389 P.
1507 3323 1627 3409 Henry
1658 3321 1748 3406 (Vol.
1771 3321 1816 3388 IL
1840 3322 1925 3405 App.
1948 3339 2022 3405 pag.
2049 3318 2125 3405 133)
2147 3321 2220 3404 ipso

203 3438 332 3500 moenie
359 3433 532 3498 nescimus.
576 3432 645 3498 Nos
673 3452 746 3498 eam
762 3453 849 3503 ,cnm
876 3433 1080 3501 variantibus
1108 3433 1303 3519 quibusdam
1329 3433 1542 3513 lectionibus,
1576 3433 1680 3519 ipsius
1709 3432 1842 3500 Oalvini
1868 3454 1970 3498 manu
1997 3431 2143 3516 scriptis,
2176 3451 2220 3499 ex

200 3545 359 3613 Archins
378 3543 454 3610 eccl.
470 3543 578 3609 nuno.
597 3543 680 3627 Dpp.
702 3545 795 3610 'Pom
814 3545 841 3624 Ι,
864 3566 894 3628 p.
915 3549 978 3609 390
995 3547 1132 3612 materis
1150 3545 1353 3614 documentis
1370 3546 1437 3612 huo
1454 3547 1697 3630 pertinentibus
1714 3545 1959 3629 subinngemus.
1993 3544 2088 3611 Hace
2104 3549 2220 3611 mmsn

201 3654 361 3726 confessio
382 3653 629 3720 Genevensium
651 3652 693 3719 ad
710 3655 756 3722 Io.
779 3655 954 3721 Hellerum
976 3659 1078 3724 missa
1099 3655 1223 3744 synodo
1247 3658 1395 3725 exhibita
1415 3679 1482 3724 non
1504 3659 1578 3738 tuit,
1608 3679 1710 3742 quum
1731 3657 1919 3723 Beruenses
1941 3674 2153 3740 quaeeunque
2175 3675 2219 3721 ex

203 3766 380 3835 Gallorum
401 3764 549 3849 partibus
570 3766 748 3832 veniebant
768 3788 837 3832 non
858 3769 929 3834 sine
949 3768 1075 3835 invidia
1096 3776 1131 3834 et
1151 3768 1338 3852 suspicione
1359 3771 1511 3854 excipere
1532 3771 1677 3836 solerent
1696 3769 1754 3833 illo
1777 3775 1938 3852 tempore,
1964 3768 2109 3851 adeoque
2136 3787 2218 3851 quo·

202 3877 377 3945 dammodo
394 3876 656 3960 perhorrescere:
675 3879 830 3944 ouiusrei
841 3880 1017 3944 innumera
1024 3880 1120 3945 nobis
1140 3880 1329 3945 testimonia
1345 3888 1559 3947 occurrerunt
1577 3882 1614 3945 in
1631 3879 1778 3963 epistolis
1795 3886 2054 3958 ooaetuneorum,
2073 3879 2220 3946 maxime

202 3991 259 4057 ubi
282 3988 323 4055 do
345 3988 443 4055 rebus
466 3988 693 4055 melesiastiois
716 3989 1006 4056 Lansannensinm
1028 3991 1196 4074 agebatur,
1218 4011 1361 4073 quorum
1381 3991 1514 4076 ingenia
1531 3992 1643 4057 minus
1662 3991 1847 4057 tractabilia
1863 3992 1912 4056 illi
1929 3989 2219 4074 deprehendebant

202 4109 236 4168 et
263 4098 306 4166 ad
334 4099 509 4184 populares
537 4120 630 4178 suos,
658 4101 725 4165 imo
749 4101 790 4166 ad
817 4102 928 4184 ipsum
951 4101 1143 4180 Calvinum,
1177 4101 1253 4184 plus
1282 4123 1380 4185 quam
1407 4124 1468 4185 par
1495 4103 1558 4169 sibi
1586 4101 1774 4182 videbatur,
1807 4103 2012 4169 inclinantia.
2056 4102 2219 4187 Legimus

201 4212 335 4279 Helleni
356 4210 529 4294 epistolam
551 4210 593 4277 ad
615 4210 793 4290 Calvinum
814 4211 926 4278 datam
948 4234 976 4278 a
1000 4212 1031 4277 d.
1054 4213 1118 4277 ΠΙ.
1142 4212 1211 4279 on.
1235 4213 1358 4293 Maias,
1386 4214 1424 4278 in
1446 4211 1525 4279 (lod
1550 4213 1676 4280 Gener.
1703 4218 1772 4292 114,
1795 4214 1849 4279 fol.
1874 4217 1914 4278 35
1944 4221 2147 4280 asservatam
2174 4232 2218 4278 ex

202 4344 268 4408 qna
296 4322 357 4391 hoe
382 4322 451 4388 loeo
478 4323 642 4418 nonnullo
664 4322 838 4409 decerpere
859 4323 953 4389 libet:
999 4323 1087 4405 Quod
1115 4329 1251 4390 oesmom
1278 4325 1400 4405 ottinu,
1430 4325 1552 4409 inquit,
1586 4326 1805 4408 nnfessionem
1831 4326 1896 4391 siue
1917 4325 2159 4391 &duraturam
2178 4323 2219 4391 de

202 4454 298 4500 coerm
318 4432 459 4513 Domini,
482 4435 554 4500 licet
574 4433 616 4502 D.
647 4435 775 4501 Viretns
796 4437 865 4501 ane
886 4435 980 4501 dubio
999 4437 1175 4518 aparine
1195 4436 1253 4502 tibi
1273 4438 1410 4504 rationes
1431 4458 1529 4520 quore
1548 4457 1611 4502 non
1631 4437 1737 4503 visum
1756 4437 1854 4519 tuerit
1874 4437 1941 4519 ipsi
1957 4441 1987 4502 et
2004 4436 2048 4503 D.
2068 4433 2218 4502 Musonio

203 4551 232 4612 ct
252 4543 335 4609 milri
355 4549 390 4609 ut
405 4551 629 4627 proponeretur
653 4545 811 4628 frutribus
836 4547 922 4612 olias
944 4547 1022 4629 plus
1042 4548 1124 4613 satis
1150 4549 1256 4630 efferis
1278 4555 1307 4613 ct
1327 4551 1484 4615 wmmotis
1509 4554 1602 4629 etque
1625 4550 1836 4629 mrrtentiosis,
1863 4548 1963 4614 ndito
1985 4548 2092 4612 mimis
2113 4558 2219 4614 mmm

203 4677 257 4742 eqo
284 4674 372 4721 moos
398 4674 517 4738 quoque
542 4656 600 4723 tibi
623 4677 684 4724 non
701 4658 857 4742 qrooobor
877 4657 1057 4742 siqnificore
1076 4659 1224 4739 rationes,
1253 4679 1352 4741 quere
1372 4660 1543 4726 concuties
1561 4657 1640 4724 mer
1660 4660 1764 4725 oisnm
1782 4660 1881 4742 fecerit
1901 4660 2099 4741 supprimere
2119 4678 2218 4743 quom

197 4786 381 4853 properiore.
426 4766 490 4831 Hic
515 4786 601 4848 oero,
623 4789 687 4851 pro
714 4774 766 4834 tuo
792 4769 927 4836 candore
951 4774 980 4835 ot
1006 4770 1074 4836 mm
1094 4771 1175 4837 sotis
1196 4770 1318 4853 coquin
1339 4775 1369 4835 et
1383 4775 1551 4852 perspecto
1572 4771 1652 4836 milri
1669 4772 1787 4852 pietate
1807 4776 1836 4837 et
1856 4770 2062 4837 bonmolertio
2083 4791 2147 4854 quo
2169 4790 2219 4836 me

203 4877 427 4962 complecteris,
455 4876 583 4961 deniqne
602 4898 688 4945 meos
714 4881 853 4948 rationes
878 4880 1044 4947 iudicabis.
1089 4881 1164 4946 Nou
1191 4901 1230 4946 oo
1254 4882 1339 4946 enim
1364 4881 1485 4947 ratione
1511 4883 1583 4947 oisc
1608 4883 1673 4964 fnit
1701 4882 1833 4948 mondo
1862 4881 2021 4966 fratribus
2050 4882 2132 4964 quod
2163 4903 2217 4968 eqo

203 4991 339 5073 impium
362 4994 420 5054 out
441 4989 608 5055 mousom
633 4990 722 5057 nobis
746 4993 881 5058 iudicem
905 4998 961 5058 cut
977 4993 1120 5059 indicere
1132 4993 1264 5076 possim,
1285 4992 1340 5059 scd
1358 4994 1436 5075 quio
1453 4994 1609 5077 quosdam
1622 4994 1853 5076 propositiones
1868 4994 2048 5061 viduetur
2067 4993 2218 5063 duriores

203 5101 356 5172 munere
375 5099 569 5183 munituras
588 5119 684 5183 quarn
704 5103 819 5184 quibus
838 5104 983 5171 ecstasim
1003 5109 1143 5185 umnec,
1171 5103 1311 5170 monime
1338 5105 1432 5171 uiam
1451 5104 1596 5172 naiores
1616 5109 1645 5171 et
1664 5107 1773 5171 minus
1794 5106 1957 5171 eceratoti
1978 5105 2032 5171 usi
2052 5105 2129 5186 sint,
2159 5109 2217 5171 orit
