4620 5894
142 1465 429 1548 ADMONI'PIO,
461 1465 619 1548 smus
652 1464 896 1533 ΗΟΒΤΑΤῙΟ
929 1463 1228 1533 ΒΕΘΑΤΟΒΠΜ
1255 1463 1393 1532 SEDIS
1427 1462 1772 1546 APOSTOLIOAE,
1805 1460 1870 1527 AD
1903 1457 2087 1526 PATRES
2113 1458 2166 1527 IN

16 1586 19 1591 ·
519 1567 745 1636 OONOILIO
768 1567 1070 1649 TRIDENTINO,
1093 1566 1249 1636 Luam
1269 1567 1321 1634 IN
1341 1568 1497 1635 PRIMA
1519 1565 1757 1636 SESSIONE.
1771 1563 1798 1652 ¹)

234 1761 310 1837 [pag.
330 1761 363 1836 5]
389 1755 565 1823 Reuereudi
590 1754 719 1836 Patres,
741 1761 793 1822 etc.
842 1757 946 1838 Qum
967 1758 1041 1839 ipso
1061 1775 1130 1821 mu·
1183 1755 1319 1837 quihus
1338 1757 1545 1836 convenimus,
1561 1756 1708 1837 primun
1728 1759 1835 1820 autem
1855 1771 1912 1818 uos
1933 1752 2028 1833 ipsos,
2050 1751 2108 1833 qui
2128 1752 2167 1818 iu

147 1843 234 1909 ueris
254 1843 356 1908 aedri
375 1844 472 1922 ratio,
501 1843 557 1924 cui
578 1843 615 1906 in
636 1840 695 1907 hac
715 1847 826 1907 sanda
850 1841 976 1926 Synodo
999 1841 1130 1907 Praesi-
1183 1847 1249 1906 tam
1270 1847 1375 1908 sancta
1396 1843 1573 1908 ministerio
1588 1841 1821 1922 praesidemus,
1845 1835 2053 1904 &monendos
2070 1838 2168 1904 duai-

146 1928 294 2009 dcnlium
316 1933 345 1994 et
365 1927 453 1994 sedis
470 1926 671 2011 Apostolieae
689 1926 879 2011 Lepaterum
893 1947 1067 2009 personam
1081 1947 1131 2011 pe
1182 1947 1266 2006 mus,
1289 1948 1328 1993 ne
1349 1948 1490 2008 unquam
1510 1928 1693 2011 capiternus,
1719 1926 1768 1991 cel
1783 1945 1846 2006 per
1865 1922 2015 2007 sinpnlos,
2036 1924 2095 2004 qui
2114 1923 2167 1990 hio

143 2015 257 2094 rimus,
279 2012 335 2080 hoc
350 2013 554 2095 postulatura
576 2012 734 2094 uideateu,
756 2019 792 2078 ut
813 2013 1022 2080 crescentibus
1041 2031 1131 2096 nepo
1183 2012 1314 2091 adsunt,
1342 2013 1389 2078 uel
1405 2035 1467 2098 per
1483 2015 1668 2079 uniuersum
1693 2011 1883 2090 Concilium,
1913 2009 2038 2074 etiamsi
2057 2029 2167 2076 uuum

7 2110 16 2129 ¹
143 2098 216 2178 tiis,
239 2119 321 2181 puae
342 2100 378 2164 in
399 2097 454 2163 hoc
481 2118 572 2164 sacro
593 2118 754 2178 consessu,
777 2100 821 2166 ad
842 2097 908 2165 Dei
927 2099 1079 2184 plemen,
1102 2103 1132 2161 et
1185 2096 1333 2164 Pastores
1360 2119 1399 2163 eu
1419 2101 1566 2164 uniuerso
1593 2102 1751 2162 terrarum
1773 2096 1844 2160 orte
1866 2094 1925 2159 huc
1946 2093 2074 2174 coirent,
2097 2099 2166 2160 taa-

145 2183 305 2251 Ecclesiae
332 2184 501 2250 utilitatem
527 2189 603 2249 sunt
635 2184 843 2265 ecpedtmaa,
885 2185 1016 2266 saepius
1042 2185 1131 2264 apud
1183 2184 1226 2249 tis
1246 2185 1351 2264 malis,
1374 2185 1487 2266 quihus
1508 2204 1591 2250 nuno
1606 2202 1684 2267 pree
1696 2182 1815 2248 Christi
1832 2186 1878 2248 est
1893 2199 2070 2263 oppressus,
2088 2199 2167 2261 pro

143 2289 199 2337 ros
219 2269 416 2347 cohortandi,
443 2274 472 2335 et
494 2270 706 2336 commonendi
727 2289 827 2337 causa
848 2270 1131 2353 calefaciamus,
1182 2269 1285 2335 uidem
1306 2290 1409 2352 posse.
1462 2270 1501 2335 Si
1530 2270 1613 2335 enim
1634 2274 1791 2350 putamus
1821 2267 1876 2333 hac
1896 2288 1919 2331 a
1945 2264 2035 2331 nohis
2049 2265 2168 2347 pertici

144 2359 211 2420 lum
231 2375 303 2421 aero
329 2355 365 2420 in
393 2354 452 2421 hac
467 2356 578 2438 prima
600 2353 761 2436 Sessiane,
789 2375 871 2438 puae
888 2356 968 2438 felin
992 2356 1042 2437 (ut
1062 2375 1130 2436 spe·
1177 2374 1280 2436 posse,
1299 2360 1356 2421 aut
1374 2355 1413 2421 ah
1436 2356 1508 2435 alio,
1530 2374 1627 2437 auam
1648 2354 1688 2419 ah
1709 2355 1779 2437 ipsa
1804 2351 1937 2431 Ohristo,
1959 2370 2051 2433 mern
2071 2351 2182 2418 Deus-

143 2630 216 2678 oero
244 2610 393 2677 libentiori
418 2610 474 2678 hoc
500 2611 603 2694 officio
628 2611 811 2695 funpimur,
844 2613 927 2694 quood
952 2632 1051 2695 quum
1075 2629 1130 2677 uos
1182 2612 1324 2678 damano
1351 2614 1490 2678 onmium
1512 2617 1586 2690 [pag.
1606 2616 1639 2691 8]
1668 2576 1825 2676 actionum
1850 2615 2030 2676 nostrumne
2037 2657 2046 2689 ,
2068 2613 2096 2674 el
2115 2608 2167 2675 di·

142 2696 192 2763 uel
213 2696 386 2777 hortamur,
407 2702 443 2762 ul
463 2717 501 2763 ea
520 2697 650 2779 fauetis
671 2717 752 2780 quoe
771 2697 870 2782 dipna
881 2704 965 2764 tanto
982 2702 1131 2765 conventu
1181 2698 1290 2763 cinam
1311 2699 1397 2764 iram
1418 2699 1521 2783 mapis
1545 2696 1795 2780 prooocalirnus.
1838 2695 2059 2779 Adiunpimns
2079 2696 2169 2760 enim

144 2782 217 2864 sint,
238 2783 287 2848 ocl
309 2804 330 2848 a
351 2782 520 2848 contrariis
543 2781 757 2862 dehortamur,
786 2789 905 2849 nosmet
925 2785 1013 2866 r'psos
1033 2784 1130 2850 ctiam
1183 2783 1226 2848 ad
1247 2785 1415 2866 superiora
1439 2784 1540 2862 mala,
1573 2803 1654 2866 quae
1673 2787 1843 2866 propterca
1868 2781 1957 2847 nohis
1978 2781 2166 2862 occiduunt,

144 2868 313 2933 hortum
338 2888 376 2934 aa
402 2866 619 2948 dehomamur,
648 2869 705 2951 qui
732 2869 767 2934 in
794 2870 903 2936 eadem
931 2870 1027 2952 cnosi
1053 2868 1131 2935 naci
1183 2868 1266 2951 quod
1284 2869 1392 2950 ipsum
1417 2870 1535 2953 sontem
1556 2889 1659 2950 aquae
1680 2869 1770 2934 cicae
1790 2865 1992 2949 reliquimus,
2013 2865 2069 2931 hoe
2090 2865 2167 2931 alte

143 2953 302 3021 mistum
323 2973 449 3034 summ,
470 2954 646 3035 iisdemque
656 2954 829 3037 periculis,
846 2955 961 3036 quihus
983 2975 1052 3034 uos,
1073 2955 1131 3020 iis-
1182 2974 1256 3020 rum
1272 2955 1628 3038 mauiummpecoatum,
1649 2952 2096 3037 quodnostraoclprndentia,
2116 2950 2169 3017 ool

144 3038 216 3105 mm
245 3039 476 3122 immutationis
496 3039 700 3105 mellicium:
727 3047 845 3106 nosmet
865 3041 966 3122 ipsos,
989 3042 1130 3122 inquam,
1178 3041 1320 3120 potentia
1341 3041 1454 3107 iisdem
1464 3041 1689 3107 molismederi
1702 3039 2013 3106 velimus:utmerito
2027 3037 2167 3104 denohis

145 3125 320 3191 endtamus
347 3126 391 3191 aol
417 3125 630 3209 aimundum,
660 3145 699 3190 uc
720 3125 768 3191 ocl
789 3127 825 3190 in
845 3126 991 3207 scopulos
1011 3126 1131 3191 ineida-
1183 3125 1318 3206 dicatur,
1339 3127 1421 3207 quod
1435 3126 1597 3210 propheta,
1620 3126 1656 3190 in
1670 3145 1811 3206 persona
1823 3122 1897 3203 Dei,
1917 3127 2045 3188 oderem
2060 3144 2167 3205 popu·

146 3229 235 3291 mus,
264 3211 322 3293 qui
337 3210 478 3291 plurimi
493 3211 608 3292 promel
629 3210 726 3278 dnbio
744 3211 782 3278 iu
802 3211 858 3278 hoc
878 3231 976 3278 cursu
997 3231 1064 3278 sese
1086 3212 1132 3294 ot·
1183 3211 1251 3276 lum
1272 3230 1434 3292 accusans,
1457 3213 1547 3279 dicit.-
1573 3210 1650 3277 Duo
1668 3212 1756 3277 mala
1773 3211 1846 3293 fecit
1861 3208 2004 3291 poprdus
2024 3207 2089 3274 hic:
2114 3229 2167 3275 me

145 3295 261 3378 luent,
289 3296 337 3362 uel
357 3297 574 3380 mapuitudine
595 3298 789 3381 nepotiornm
810 3303 961 3381 tanquam
977 3298 1132 3379 duduum
1184 3296 1416 3380 dereliquerint
1445 3298 1563 3381 fanum
1594 3317 1697 3378 aquae
1729 3298 1833 3375 aicae,
1872 3301 1902 3360 u
1928 3295 2077 3376 foderunt
2101 3294 2167 3362 sihi

148 3380 239 3446 ahrui
265 3400 323 3447 nos
343 3382 532 3465 ueplipentia
557 3387 669 3448 nostra
689 3384 874 3464 patiamur:
899 3404 1007 3449 renem
1028 3388 1132 3466 spect
1183 3384 1335 3449 cisternas
1367 3404 1430 3450 non
1455 3382 1594 3450 calentes
1627 3384 1780 3450 continere
1807 3401 1918 3464 acuas.
1971 3380 2067 3446 Tales
2092 3400 2168 3447 cero

146 3465 211 3546 fide
240 3467 347 3544 erecti,
376 3487 411 3531 eo
439 3467 669 3550 mcipatiouem
692 3469 889 3552 diripar'nus,
912 3489 971 3552 auo
993 3470 1132 3536 macinae
1183 3469 1334 3535 uncum
1356 3474 1429 3535 sunt
1450 3470 1555 3535 annia
1576 3469 1712 3535 consilia
1732 3488 1813 3549 puae
1834 3472 1974 3533 anostra
1980 3467 2165 3548 prudentia,

143 3554 260 3633 portus
286 3551 402 3616 salutis
429 3552 472 3617 ad
495 3550 560 3618 Dei
584 3552 724 3636 ploriam
751 3555 787 3617 in
818 3553 942 3620 Christo
965 3555 1041 3620 Iesu
1067 3575 1132 3621 sese
1183 3575 1246 3620 non
1274 3555 1385 3637 afflata
1412 3556 1533 3637 spiritu
1564 3556 1685 3636 diuino,
1707 3553 1970 3635 proficiscentur:
1994 3571 2076 3632 puae
2101 3571 2166 3617 non

149 3637 294 3702 ostendet.
323 3635 438 3718 Ipilur,
461 3642 497 3700 ut
517 3636 556 3701 oh
577 3657 610 3702 eo
632 3638 836 3718 incipiamus,
858 3641 896 3704 de
917 3660 977 3722 quo
994 3641 1133 3706 manime
1183 3640 1272 3706 modo
1288 3641 1423 3724 populos
1443 3643 1479 3706 iu
1494 3642 1613 3723 pietate
1634 3646 1662 3706 et
1682 3640 1866 3718 ohedientia,
1888 3645 2040 3717 tanquam
2061 3657 2167 3720 aquas

149 3723 185 3788 in
204 3720 259 3786 hoc
282 3721 445 3803 principio
467 3723 655 3789 admonendi
678 3743 784 3789 munes
806 3743 933 3789 sumus:
962 3727 1133 3807 uuusquis-
1185 3727 1221 3788 in
1242 3726 1395 3806 cisternis,
1418 3727 1572 3792 continere
1597 3746 1658 3790 uon
1678 3727 1798 3792 calent:
1827 3726 1884 3790 sed
1905 3743 1965 3806 quo
1986 3724 2090 3806 mapis
2111 3722 2166 3790 his

150 3828 210 3892 que
228 3812 370 3873 nostrum
391 3810 463 3871 ante
484 3807 587 3874 oculos
608 3808 670 3873 sihi
691 3809 728 3873 in
749 3810 870 3889 primis
886 3829 1061 3891 proponere
1082 3811 1133 3877 dc·
1185 3809 1308 3875 artibus
1328 3813 1459 3877 retinere
1480 3832 1530 3875 eos
1553 3811 1748 3891 laboramus,
1769 3831 1803 3876 eo
1825 3809 1991 3876 uiolentius
2012 3814 2167 3891 tanquam

150 3894 205 3974 oet,
228 3912 382 3976 quaenam
403 3893 476 3972 sint,
499 3913 579 3975 quae
600 3893 640 3959 ah
661 3895 717 3960 hoc
737 3913 829 3959 sacro
852 3892 990 3961 Concilio
1008 3915 1132 3976 easpec-
1185 3900 1333 3961 torrentes
1353 3918 1375 3962 a
1393 3897 1483 3962 nohis
1504 3897 1651 3976 maurit,
1675 3903 1704 3962 et
1724 3897 1894 3976 discedunt,
1912 3899 1947 3960 ut
1963 3896 2167 3976 superiorum

151 3984 270 4047 untur:
296 3999 335 4045 ea
356 3999 417 4061 quo
438 3979 571 4060 quisquc
590 3979 686 4062 facile
706 3979 872 4063 intellipet,
898 3985 1052 4063 quantum
1071 3980 1134 4046 sihi
1185 4000 1340 4046 annorum
1368 3983 1559 4064 eaperientia
1585 3982 1694 4048 multis
1720 3985 1755 4048 in
1781 3983 1858 4048 locis
1879 3981 1959 4048 satis
1980 4000 2038 4047 uos
2058 3981 2166 4049 docem

149 4065 255 4132 oneris
287 4063 455 4130 incumbat.
512 4069 586 4145 [pag.
607 4069 639 4144 7]
663 4063 745 4131 Sunt
777 4085 850 4132 cero
881 4087 919 4131 ea
951 4067 1000 4149 (ut
1026 4067 1133 4131 annia
1178 4070 1300 4148 potest,
1329 4073 1357 4132 et
1382 4088 1467 4134 nunc
1489 4069 1668 4148 admouere,
1695 4068 1823 4134 anuum
1847 4073 1970 4133 tantum
1995 4067 2083 4131 mam
2103 4088 2166 4133 me·

150 4152 332 4218 summatim
363 4150 611 4235 complectamur)
652 4171 733 4233 quae
766 4152 800 4216 iu
833 4151 919 4217 liclia
950 4152 1134 4216 indictionis
1184 4152 1297 4217 dendis
1318 4158 1392 4233 [pag.
1411 4160 1444 4234 9]
1467 4153 1518 4219 his
1536 4156 1634 4220 malis
1651 4155 1801 4233 relictam,
1823 4156 1971 4220 sinestra
1988 4152 2096 4218 munia
2115 4174 2166 4219 re-

153 4235 286 4303 Ooncilii
302 4237 509 4302 continentur:
530 4256 647 4319 nempe,
668 4235 835 4302 haeresum
857 4239 1049 4318 exstirpatio,
1069 4237 1134 4303 dis·
1184 4237 1291 4304 modia
1317 4240 1447 4306 inutilia
1469 4261 1534 4306 esse
1559 4246 1773 4324 canescentes,
1807 4245 1836 4305 et
1855 4239 1959 4306 ualere
1984 4239 2099 4319 potiere
2121 4239 2166 4306 od

150 4322 286 4403 ciplinoe
308 4322 532 4388 ecclesiasticae
551 4327 580 4387 et
599 4342 722 4387 morum
742 4322 936 4404 reformatio,
959 4343 996 4388 ac
1009 4323 1134 4388 tandem
1185 4325 1346 4408 anpenda,
1375 4345 1470 4407 quam
1493 4327 1536 4392 acl
1564 4326 1698 4392 tollenda
1725 4325 1826 4390 mala:
1853 4325 1898 4391 ad
1921 4322 2039 4389 Christi
2054 4329 2166 4406 poten-

146 4427 217 4489 paa
243 4413 370 4474 calerna
396 4408 490 4474 totius
517 4407 687 4474 Ecclesiae.
731 4407 820 4473 Haec
848 4429 918 4493 erpo
945 4415 1032 4488 aaut,
1055 4430 1134 4490 quae
1184 4411 1276 4492 tiam,
1304 4431 1395 4493 quem
1421 4412 1580 4478 mutuam
1606 4431 1699 4476 meam
1720 4411 1811 4476 Deus
1831 4416 1925 4492 poter
1945 4409 2100 4492 appellat,
2120 4411 2167 4477 ad

13 4518 17 4527 ·
152 4511 210 4557 nos
237 4512 363 4572 uacare,
389 4493 438 4558 uel
459 4495 570 4576 potius
591 4513 654 4576 pro
682 4493 799 4575 quihus
820 4495 950 4560 assidue
971 4514 1078 4576 orare,
1099 4499 1135 4560 at
1187 4495 1309 4563 Gluisti
1328 4498 1526 4580 sapientiam,
1548 4499 1603 4578 qui
1624 4502 1670 4561 est
1693 4496 1853 4578 sapientia
1870 4496 1984 4578 patris,
2006 4495 2041 4559 iu
2062 4498 2166 4562 omui·

152 4575 219 4642 Dei
240 4575 423 4678 henipnitate
437 4578 531 4676 filli
553 4584 679 4678 oportet
710 4579 818 4678 Atque
839 4580 922 4647 illud
943 4585 995 4660 cst,
1016 4581 1054 4646 de
1075 4601 1134 4663 qno
1185 4583 1243 4648 hus
1275 4603 1345 4661 uos,
1373 4584 1430 4666 qui
1452 4588 1587 4665 patrmn
1610 4601 1782 4663 personam
1800 4583 1954 4665 perimus,
1974 4579 2038 4661 fide
2058 4585 2087 4645 el
2107 4601 2166 4663 spe

152 4667 225 4728 ante
246 4683 352 4728 omma
373 4685 409 4730 cn
430 4684 500 4744 lpse
519 4663 654 4732 Ooncsln
671 4667 800 4731 mordeo
819 4685 924 4732 omues
940 4670 969 4732 et
984 4667 1133 4751 sinpulos,
1186 4667 1418 4754 coufupiamus,
1443 4668 1541 4734 huius
1573 4689 1630 4735 nos
1658 4669 1693 4732 in
1727 4669 1871 4734 omnihus
1899 4667 2065 4732 ministros
2096 4687 2166 4732 esse

1186 4774 1398 4854 apnoscomns.
1443 4754 1507 4820 Hic
1532 4776 1602 4821 uero
1634 4750 2164 4902 cummaclinauitudposlolsss)

152 4899 348 5027 mr
365 4899 1137 5040 r,
1185 4841 1731 5009 indemnitatis
2100 4856 2166 4990 u

146 5042 275 5110 proxime
296 5040 420 5110 sequenti
438 5053 460 5090 e.
482 5039 656 5102 Prmsatroni
670 5041 702 5094 iu
718 5043 888 5098 Antidotum
906 5043 1030 5113 primum
1047 5041 1135 5097 lamam
1185 5009 1280 5077 ”ibus
1306 5011 1430 5112 id⁰⁷²5³⁰⁸
1450 5012 1670 5110 Psaebessmus·
1724 5010 1865 5112 ETW?
1887 5031 1970 5109 vm,
1985 5010 2104 5090 &mir
2131 5009 2164 5108 Ψ.

150 5114 349 5174 maurorum,
366 5107 431 5163 lule
448 5122 512 5162 aero
529 5107 722 5164 edumhum·
737 5111 897 5166 umnam
1185 5115 1242 5161 uos
1259 5117 1297 5161 ea
1314 5099 1403 5164 nahas
1419 5117 1550 5163 mrnune
1567 5098 1694 5165 idoneos
1711 5117 1776 5164 esse
1792 5099 2050 5165 ruduaoerrmus.
2081 5095 2163 5178 Quoue
