4590 5902
142 284 181 348 13
964 284 1029 351 DE
1051 282 1326 353 SCANDALIS.
2112 292 2153 355 14

140 475 259 543 alienis
282 476 480 557 remotisque
502 475 648 540 fontibus
671 482 816 540 manant.
861 474 969 539 Primi
991 475 1121 557 generis
1146 476 1150 555 l
1173 475 1347 560 plerosque
1369 497 1482 541 eorum
1504 477 1560 560 qui
1582 476 1697 542 fideles
1719 477 1898 553 habentur,
1922 478 2001 542 dum
2024 479 2151 546 alienae

140 574 233 639 sunt,
269 583 354 644 quae
382 562 579 643 principium
613 562 707 642 quasi
735 560 901 625 inclusum
936 559 1060 624 habeut
1086 561 1122 623 in
1146 578 1149 649 j
1174 583 1212 626 ac
1234 583 1368 645 prorsus
1385 562 1544 628 adversae
1561 563 1771 645 professionis
1789 562 1977 627 hominibus
1997 566 2152 647 permixti

139 649 212 733 ipsa
230 647 394 731 evangelii
413 646 570 713 doctrina.
616 646 742 710 Paulus
770 646 982 729 evangelium
1003 644 1121 710 mundi
1146 666 1149 707 l
1173 649 1334 712 rat-ionem
1345 648 1506 714 fovendae
1517 650 1680 715 amicitiae
1690 658 1869 731 quaeruut:
1890 649 2034 727 ambitio,
2058 652 2152 732 quasi

140 734 345 818 sapientibus
374 732 453 798 dicit
484 754 556 797 esee
588 733 762 797 stultitiam
802 734 833 815 (l
859 732 934 797 Cor.
968 737 993 810 l,
1029 735 1066 795 18
1088 740 1122 795 et
1146 738 1149 791 Ι
1174 742 1352 815 tempestas
1375 734 1546 816 quaedam,
1567 735 1697 817 abripit,
1722 746 1757 799 ut
1780 735 1989 818 evangelium
2012 736 2152 801 abiicere

141 826 171 898 2,
209 822 278 899 ltl:
319 816 405 902 quod
436 840 549 885 verum
582 828 647 897 est,
681 839 749 882 non
776 818 850 881 ideo
879 817 1000 896 solum,
1034 816 1122 900 quod
1173 820 1300 898 malint,
1323 841 1422 902 quam
1443 842 1463 886 a
1483 822 1651 886 communi
1671 822 1739 885 vita
1757 820 1924 886 dissidere
1940 820 1965 903 ¹)
2009 819 2152 902 Quando

139 907 206 972 illis
229 905 353 970 derisui
380 912 432 969 ost
458 904 586 987 plebeia
612 914 645 968 et
666 904 885 969 ostentatione
913 924 1028 969 careus
1050 904 1121 968 eius
1145 956 1149 991 ,
1172 907 1276 989 igitur
1306 926 1382 971 oum
1411 914 1460 969 tot
1486 926 1523 972 ac
1551 916 1620 970 tam
1649 907 1788 972 diversis
1817 906 1975 971 monstris
1997 915 2048 972 est
2067 908 2152 973 mihi

138 991 348 1075 simplicitas:
373 990 431 1055 sed
454 990 538 1072 quod
561 990 667 1055 multa
688 990 789 1054 etiam
809 989 877 1055 illic
898 990 1119 1068 continentur,
1173 991 1432 1073 confligendum,
1462 991 1549 1057 hano
1576 991 1819 1058 distinctionem
1848 992 2008 1075 praeponi
2034 1013 2152 1076 operae

140 1099 224 1163 quae
245 1076 391 1142 humano
414 1075 643 1142 iudiciovalde
664 1086 742 1142 sunt
763 1096 832 1139 uon
848 1072 992 1140 absurda
1013 1074 1119 1152 modo,
1172 1079 1315 1160 pretium
1338 1079 1414 1155 luit,
1449 1077 1502 1142 vel
1531 1078 1593 1143 hac
1614 1099 1682 1142 una
1704 1078 1744 1142 do
1766 1098 1880 1155 caiisa,
1907 1088 1945 1141 ιιι
1971 1079 2000 1143 si
2022 1079 2153 1163 singula

140 1164 198 1231 sed
221 1164 320 1227 etiam
343 1161 489 1228 ridicula.
534 1162 621 1226 Nam
644 1160 730 1244 quod
751 1161 840 1225 filius
862 1159 942 1239 Dei,
971 1161 1027 1243 qui
1048 1161 1120 1225 vita
1172 1184 1341 1228 recensere
1363 1184 1430 1227 uon
1452 1164 1597 1246 patiatur
1618 1165 1774 1239 infinitas,
1802 1164 1843 1228 ad
1868 1184 1990 1249 genera
2011 1188 2046 1231 se
2068 1167 2151 1232 refe·

139 1257 276 1316 aeterua
298 1258 363 1326 ost,
392 1269 526 1314 earnem
549 1255 696 1313 nostram
718 1247 879 1323 induisse,
909 1268 946 1312 ao
972 1246 1120 1311 mortalis
1172 1262 1249 1314 rant
1270 1249 1417 1314 lectores.

140 1336 239 1401 homo
257 1335 357 1399 fuisse
375 1332 596 1417 praedicatur:
620 1333 706 1416 quod
727 1342 832 1397 morto
850 1334 920 1397 eius
938 1332 1031 1397 nobis
1052 1333 1120 1398 vita
1258 1335 1365 1418 Ergo,
1399 1344 1438 1398 ut
1464 1335 1504 1400 de
1532 1336 1639 1418 prima
1663 1335 1768 1401 classe
1797 1335 1958 1401 disserere
1987 1337 2149 1417 exordiar,

139 1442 213 1489 esse
234 1428 337 1503 parta,
361 1420 573 1485 damnatione
595 1421 736 1496 iustitia,
764 1416 996 1483 maledictione
1019 1418 1118 1496 salus,
1171 1420 1258 1484 male
1287 1420 1387 1486 habet
1414 1421 1576 1487 fastuosos
1605 1421 1770 1493 homines.
1798 1430 1831 1487 et
1856 1423 1984 1505 pompis
2013 1422 2151 1505 deditos,

139 1508 174 1573 id
197 1514 369 1589 tantopore
391 1506 546 1571 abhorret
574 1528 593 1570 a
615 1505 780 1570 communi
810 1504 981 1568 hominum
1009 1525 1118 1581 sensu,
1171 1505 1257 1589 quod
1279 1506 1407 1590 plebeio
1429 1515 1463 1572 οι
1482 1508 1606 1573 abieoto
1628 1506 1759 1574 dicendi
1775 1528 1904 1590 genere,
1928 1510 2063 1590 spiritus
2085 1510 2151 1574 uti·

139 1602 178 1658 ut
195 1614 260 1676 quo
281 1593 419 1675 quisque
442 1600 494 1657 est
514 1592 650 1671 acutior,
673 1612 711 1655 eo
733 1592 830 1657 citius
852 1590 1011 1673 repudiet
1046 1590 1120 1655 Iam
1172 1602 1227 1657 tur
1247 1594 1283 1656 iu
1306 1593 1494 1676 scripturis!
1522 1594 1578 1675 qui
1602 1595 1701 1658 etiam
1723 1594 1907 1677 elegant-iae
1929 1596 2050 1659 assueti
2073 1604 2152 1661 sunt

137 1700 218 1745 vero
239 1679 325 1761 quod
346 1678 554 1761 arrangelium
578 1698 636 1742 nos
655 1678 746 1741 omui
765 1678 955 1759 sapientiae,
977 1676 1118 1754 virtutis,
1172 1699 1209 1744 ac
1230 1680 1339 1757 nitori,
1361 1679 1519 1745 incultam
1531 1680 1629 1744 istam
1641 1690 1674 1745 et
1687 1678 1789 1744 nullis
1810 1678 1973 1745 coloribus
1994 1680 2150 1746 vestitam

138 1766 284 1831 iustitiae
305 1763 402 1829 laude
423 1764 551 1847 spoliat,
575 1785 613 1829 ac
634 1762 718 1828 nihil
740 1764 819 1828 lacit
840 1761 1001 1844 reliquum
1024 1782 1119 1844 prae·
1171 1766 1350 1830 orationem
1378 1765 1432 1831 vel
1459 1773 1637 1847 respuunt,
1674 1766 1728 1829 vel
1756 1764 1937 1831 farshdiunt.
1981 1765 2047 1831 Hic
2069 1764 2151 1831 mihi

137 1858 192 1916 ter
213 1859 398 1916 extremam
419 1850 644 1934 ignominiam,
666 1850 740 1913 fieri
751 1851 867 1931 nequit
883 1849 961 1930 quin
972 1848 1119 1931 graviter
1172 1850 1370 1915 defensionis
1392 1858 1519 1933 partem
1539 1852 1579 1915 ab
1601 1851 1675 1916 aliis
1697 1859 1873 1917 tractatam
1895 1852 2061 1935 suscipere
2083 1872 2151 1917 non

137 1936 293 2001 offendat.
337 1936 441 2014 Nam,
475 1956 557 2018 quae
580 1946 631 2002 est
667 1934 777 2001 carnis
804 1942 933 1999 nostrae
955 1933 1118 2017 superbia,
1171 1936 1265 2001 libet:
1289 1936 1390 2001 talem
1411 1958 1453 2001 ex
1475 1937 1607 2003 inscitia
1623 1946 1850 2020 contemptum
1863 1938 1962 2013 nasci,
1986 1941 2151 2021 quianon

136 2042 236 2088 nemo
258 2022 400 2087 libenter
422 2022 505 2105 eripi
527 2022 590 2088 sibi
612 2022 747 2104 patitur,
775 2041 914 2102 quorum
935 2020 1018 2085 falsa
1040 2020 1123 2084 ima·
1170 2024 1281 2088 minus
1293 2023 1327 2086 in
1338 2043 1399 2087 sua
1410 2022 1524 2106 lingua
1540 2023 1677 2106 expoliti
1688 2034 1766 2088 sunt
1776 2023 1899 2088 Moisos
1909 2034 1941 2087 et
1953 2024 2099 2107 plerique
2110 2043 2153 2088 ex

137 2108 309 2193 mantione
335 2116 506 2193 turgemus
534 2129 656 2172 omncs.
703 2106 791 2171 Hinc
825 2106 1007 2171 acerrimus
1042 2125 1121 2171 oon·
1170 2107 1349 2192 prophetis,
1371 2129 1470 2191 quam
1493 2109 1549 2191 qui
1567 2109 1654 2191 apud
1668 2108 1813 2175 Graecos
1826 2118 1860 2174 et
1870 2109 2008 2175 Latinos
2020 2130 2151 2175 summa

135 2195 255 2260 llictus.
290 2192 354 2259 Illa
370 2214 497 2277 quoque
517 2193 557 2259 do
576 2192 791 2275 abnegatione
816 2193 930 2269 nostri,
954 2191 994 2256 dc
1015 2191 1121 2256 oruci—
1171 2216 1247 2260 cum
1269 2193 1486 2259 admiratione
1508 2194 1692 2277 plausuque
1713 2194 1902 2278 philosophi
1924 2204 1983 2260 aut
2003 2203 2151 2260 oratores

135 2280 269 2365 figendo
287 2280 394 2345 veteri
412 2280 555 2355 homine,
579 2278 619 2343 de
636 2278 751 2342 muudi
772 2287 971 2361 oontomptu,
991 2278 1031 2343 de
1050 2297 1120 2342 am·
1170 2280 1336 2365 legantur.
1380 2280 1456 2345 Iltsi
1477 2281 1567 2344 enim
1588 2280 1750 2345 hebraeae
1778 2280 1912 2364 linguae
1933 2282 2048 2365 peritis
2071 2281 2151 2346 satis

135 2365 312 2451 plectenda
333 2387 430 2431 cruce
451 2373 640 2449 praecepta,
669 2372 831 2447 quantum
859 2364 1036 2447 asperitate
1057 2384 1118 2428 sua
1170 2366 1204 2431 id
1232 2376 1347 2431 notum
1377 2375 1442 2431 est:
1477 2367 1554 2448 quia
1586 2374 1700 2431 tamen
1727 2364 1831 2430 nihilo
1862 2372 1936 2447 [pag.
1964 2372 2016 2445 aa]
2045 2368 2150 2431 Amos

135 2450 331 2517 offendunt?
378 2450 446 2517 Sed
473 2453 545 2534 ipsa
573 2451 777 2533 experientia
805 2449 903 2533 louge
934 2450 1117 2514 etiamnum
1169 2452 1280 2517 minus
1302 2461 1354 2518 est
1375 2451 1544 2535 propheta,
1567 2450 1817 2535 qaamIesaias:
1841 2452 2152 2519 eundemlsremias

136 2538 264 2613 durior,
299 2559 402 2619 quarn
435 2536 744 2619 persequutionibus
777 2548 811 2599 et
843 2535 916 2601 aliis
949 2536 1117 2599 aerumnis
1170 2537 1310 2623 gradum
1331 2540 1457 2603 obtinet
1478 2558 1576 2621 quem
1599 2537 1719 2616 David,
1749 2559 1889 2620 quorum
1911 2547 2023 2603 tamen
2045 2540 2149 2603 orat-io

135 2621 396 2707 probaturfides.
430 2624 507 2688 Huc
528 2623 800 2689 acceduntetiam
813 2622 887 2700 alia,
911 2642 1117 2704 quaequam
1169 2626 1306 2689 minime
1327 2645 1439 2706 parem
1463 2623 1671 2705 splendorem
1692 2624 1804 2690 habet:
1828 2626 1906 2706 quin
1928 2624 2039 2707 potius
2060 2623 2150 2689 Iere-

137 2708 303 2773 humanae
332 2709 453 2773 rationi
479 2709 648 2791 paradoxa
673 2707 847 2786 videntur,
876 2707 1038 2790 plenaque
1060 2705 1117 2769 ab·
1169 2712 1257 2774 miae
1279 2710 1388 2794 stylus
1409 2708 1612 2793 oppidanum
1622 2712 1648 2790 ²)
1672 2708 1849 2785 hominem,
1873 2712 1976 2776 Amos
1993 2730 2072 2775 vero
2094 2731 2150 2792 pe·

136 2793 327 2872 surditatis,
356 2803 394 2858 nt
422 2795 531 2877 priora
557 2794 616 2859 illa
644 2792 825 2877 dequibus
855 2792 1017 2870 diximus,
1045 2804 1117 2857 tum
1170 2796 1318 2861 cuarium
1335 2795 1477 2861 redolet:
1496 2795 1636 2861 libenter
1654 2797 1759 2861 fateor
1776 2816 1887 2861 sacros
1903 2795 2012 2873 libros,
2032 2796 2151 2878 quibus

138 2900 217 2947 vero
250 2881 391 2963 spinosis
421 2879 666 2964 quaestionibus
705 2880 909 2945 occasionem
947 2877 1117 2961 praebent,
1170 2890 1238 2947 tota
1260 2881 1409 2948 coelestis
1430 2880 1637 2964 philosophia
1659 2882 1859 2960 continetur,
1888 2902 1957 2947 non
1979 2880 2150 2947 rhetorum

136 2988 221 3051 quae
243 2966 379 3031 totidem
405 2988 483 3031 mox
511 2966 665 3031 scandala
686 2966 836 3048 pariunt,
864 2965 927 3030 hoc
949 2971 1013 3043 est,
1041 2964 1117 3028 infi·
1169 2966 1265 3033 modo
1286 2968 1437 3052 picturis,
1466 2966 1523 3032 sed
1545 2966 1700 3031 mediocri
1728 2968 1827 3032 etiam
1854 2976 1990 3045 ornatu,
2019 2967 2150 3050 qualem

136 3053 219 3119 nita.
253 3052 345 3117 'l'ulis
358 3052 730 3136 estpraedestinationis
752 3051 908 3130 doctrina,
932 3058 966 3116 et
982 3049 1115 3116 similes.
1170 3053 1269 3120 etiam
1292 3052 1414 3119 literati
1435 3052 1586 3118 homines
1608 3051 1806 3132 desiderant,
1830 3074 1902 3119 esse
1923 3072 2060 3119 vacuos:
2092 3051 2150 3118 sed

136 3138 193 3205 Ex
216 3138 361 3204 secundo
384 3159 504 3223 genere
526 3146 606 3204 sunt
627 3138 704 3203 ista:
728 3137 814 3220 quod
837 3146 950 3203 exorto
973 3158 1117 3221 evange·
1169 3141 1269 3205 nimis
1292 3150 1371 3205 sunt
1391 3139 1527 3217 morosi,
1558 3139 1678 3222 quibus
1706 3140 1746 3204 ob
1774 3138 1860 3204 hauc
1882 3159 2015 3204 oausam
2035 3138 2150 3203 minus

135 3224 191 3305 lio,
213 3225 365 3308 protinus
386 3225 503 3290 turbae
521 3234 704 3307 sequuntur
723 3234 758 3288 et
778 3223 969 3289 seditiones:
993 3221 1116 3306 detegi·
1169 3227 1308 3308 sapiunt
1354 3225 1423 3306 Qui
1455 3245 1536 3290 vero
1570 3226 1632 3290 hoc
1659 3232 1850 3307 praetextu,
1881 3244 1995 3289 eorum
2024 3224 2149 3289 autori·

137 3320 194 3377 tur
214 3311 402 3389 multorum,
431 3332 515 3395 quae
538 3311 630 3393 prius
650 3309 801 3388 latuerat,
825 3310 990 3391 impietas:
1024 3308 1116 3373 ebul·
1141 3356 1144 3383 ,
1169 3320 1274 3375 ιοιοιιι
1295 3318 1485 3387 extenuant,
1508 3312 1607 3376 nimis
1623 3311 1727 3392 iniqui
1750 3310 2039 3393 suntaomaligni.
2072 3309 2149 3373 Non

138 3399 225 3464 liunt
249 3402 323 3476 [pag.
349 3402 402 3477 11]
425 3398 589 3481 plurimae
611 3406 719 3462 sectae
743 3404 777 3459 οι
797 3394 947 3459 inaudita
968 3416 1116 3459 errorum
1141 3396 1144 3443 ¹
1168 3396 1266 3462 modo
1288 3396 1436 3462 concedit
1456 3396 1592 3475 Paulus,
1614 3396 1835 3479 eloquentiam
1856 3395 1918 3461 sibi
1941 3395 2068 3462 deesse:
2090 3394 2150 3460 scd

137 3494 307 3571 portenta:
329 3483 453 3549 maiore
475 3485 607 3548 licentia
628 3481 726 3546 multi
747 3481 960 3557 insolescunt,
974 3481 1000 3563 ¹)
1019 3480 1117 3544 multi
1141 3448 1145 3581 l
1169 3483 1257 3547 ultro
1289 3482 1456 3566 praedicat
1494 3504 1533 3548 ac
1567 3482 1728 3566 gloriatur
1767 3486 1800 3565 (l
1828 3481 1904 3548 Cor.
1936 3486 1971 3559 2,
1999 3482 2041 3567 l).
2092 3483 2149 3547 An

138 3595 179 3639 ex
201 3571 439 3655 professoribus
461 3571 622 3654 flagitioso
639 3569 729 3635 vitae
751 3566 910 3649 exemplo,
933 3565 1115 3631 doctrinam
1169 3590 1248 3633 vero
1280 3567 1354 3633 ideo
1387 3568 1606 3650 contemptior
1634 3569 1704 3634 eius
1743 3567 1890 3634 doctriua
1924 3589 1996 3633 esse
2030 3567 2147 3633 debet?

136 3659 243 3743 ipsam
274 3657 471 3723 deformant:
501 3656 557 3736 qui
579 3654 620 3720 ad
648 3664 778 3738 tempus
806 3652 870 3719 visi
896 3654 1029 3717 fuerant
1055 3651 1116 3716 toti
1169 3654 1259 3735 Quin
1279 3656 1403 3739 potius,
1432 3654 1488 3719 ubi
1514 3654 1629 3719 nullus
1656 3662 1707 3720 est
1733 3656 1890 3719 orationis
1917 3652 2073 3737 splendor
2093 3654 2148 3738 qui

138 3746 275 3821 fervere,
299 3765 364 3809 non
386 3742 482 3807 modo
503 3743 713 3818 flaccescunt,
743 3737 801 3805 sed
822 3737 988 3804 horrenda
1009 3737 1116 3805 dofec-
1168 3741 1279 3807 oeulos
1310 3741 1530 3825 perstringat,
1563 3740 1682 3806 melius
1712 3740 1858 3807 relucere
1885 3738 2055 3806 contendit
2080 3740 2149 3805 vim

136 3833 227 3897 uone
249 3830 437 3895 alienantur
459 3851 479 3893 a
500 3827 642 3892 Christo.
688 3825 780 3908 Quin
802 3825 903 3890 etiam
924 3824 1043 3907 probos
1065 3832 1116 3889 at·
1169 3827 1319 3893 coelestis
1356 3826 1546 3910 sapientiae.
1609 3826 1679 3892 Nec
1711 3846 1793 3891 vero
1825 3826 2003 3911 quidquam
2037 3824 2148 3903 tradit,

137 3939 200 4002 quc
228 3915 349 3999 alioqui
384 3915 528 3981 sinceros
556 3912 703 3979 doctores
733 3911 839 3979 Satan
872 3910 966 3976 miris
990 3909 1117 3975 artibus
1169 3934 1272 3996 usquo
1310 3912 1352 3978 ad
1391 3921 1491 3996 eaput
1529 3920 1683 3995 quartum
1722 3914 1842 3996 prioris
1881 3912 1921 3978 ad
1956 3910 2149 3977 Corinthios

137 4005 225 4069 inter
246 4024 282 4069 se
304 4001 533 4083 committit,²)
562 4012 601 4063 ut
622 4010 735 4064 notam
764 3998 910 4081 aliquam
936 4018 978 4061 ox
1001 4016 1114 4061 eonun
1169 3999 1342 4084 epistolae,
1371 4018 1479 4082 quam,
1506 4008 1588 4065 tuno
1616 3998 1750 4064 demum
1778 3999 1841 4065 rite
1874 3998 2045 4063 fundatam
2077 4016 2149 4061 esse

137 4091 329 4155 infirmitate
359 4087 525 4152 doctrinae
554 4086 673 4150 inurat.
718 4085 912 4160 Praeterea,
942 4104 1043 4165 quum
1074 4104 1115 4146 ex
1168 4086 1268 4151 fidem
1290 4087 1326 4149 in
1340 4086 1476 4169 spiritus
1496 4086 1601 4151 sancti
1622 4084 1785 4167 sapientia
1804 4085 1983 4160 etvirtute,
2001 4080 2057 4146 ubi
2080 4081 2149 4147 dic·
2183 4114 2187 4123 ¹

136 4177 284 4242 novitate
305 4175 380 4256 ipsa
407 4173 463 4237 alii
485 4173 560 4256 plus
587 4170 729 4235 audendi
757 4170 924 4235 licentiam
946 4169 1114 4250 arripiant,
1168 4172 1268 4237 tionis
1290 4171 1456 4255 elegantia
1472 4180 1506 4236 et
1527 4171 1697 4255 ingenioso
1719 4171 1858 4237 artificio
1875 4168 1977 4235 animi
1999 4187 2064 4232 non
2087 4166 2148 4232 du·

136 4264 296 4329 usitatum
325 4260 423 4325 otiam
452 4268 503 4324 est
529 4260 563 4321 in
591 4257 689 4321 rebus
717 4257 829 4334 novis,
864 4253 1004 4319 necdum
1032 4253 1115 4319 beno
1168 4268 1295 4323 cuntur.
1328 4256 1433 4339 quue
1455 4266 1544 4321 certo
1565 4255 1641 4321 fidei
1663 4256 1890 4339 experimento
1912 4256 2048 4337 quisque
2070 4274 2145 4318 uos·

136 4347 330 4425 constitutis,
360 4347 467 4409 aterius
489 4344 664 4409 observare
687 4340 842 4426 quidquid
865 4348 1027 4422 peccatur.
1072 4340 1115 4403 In
1167 4352 1258 4407 trum
1280 4352 1485 4427 compertum
1507 4340 1614 4407 habet.
1659 4341 1768 4417 Certe,
1790 4344 1818 4407 si
1835 4339 2070 4405 Demosthenis
2091 4338 2147 4404 vel

135 4434 197 4499 hac
230 4432 335 4499 classo
369 4433 437 4496 sint
469 4431 552 4495 haec
584 4438 618 4493 et
650 4427 781 4494 similia.
826 4425 976 4491 Tertium
1008 4445 1114 4509 genus
1168 4428 1338 4494 Ciceronis
1372 4426 1536 4494 coloribus
1572 4429 1660 4511 picta
1692 4434 1779 4493 esset
1807 4426 1942 4490 Ioannis
1968 4424 2022 4489 rel
2049 4424 2147 4489 Pauli

135 4522 255 4603 partim
277 4540 318 4584 ex
341 4518 426 4582 fictis
444 4516 616 4582 calumniis
637 4522 772 4591 constat,
796 4511 919 4596 partim
938 4520 1052 4575 manat
1072 4532 1115 4575 ex
1168 4514 1331 4593 doctrina,
1361 4514 1436 4598 plus
1463 4514 1548 4578 forte
1575 4512 1616 4578 ad
1639 4512 1776 4578 lectores
1799 4508 1988 4577 alliciendos
2008 4509 2148 4577 haberet

134 4606 307 4673 hominum
330 4600 582 4688 ingratitudine:
618 4601 696 4666 dum
725 4599 837 4683 procul
860 4604 1034 4663 accersunt
1054 4617 1114 4661 va-
1227 4602 1302 4679 tiae,
1349 4601 1498 4665 raritatis
1520 4608 1631 4664 autem
1648 4597 1691 4663 ad
1711 4598 1928 4664 conscientias
1947 4616 2147 4681 permoven-

136 4693 202 4758 rias
224 4690 484 4765 criminationes,
516 4710 597 4771 quas
619 4686 764 4770 maligne
787 4685 934 4766 falsoque
955 4684 992 4747 in
1011 4702 1114 4747 evan·
1233 4694 1300 4766 ,ot
1319 4622 1492 4771 dignitatis
1514 4685 1555 4750 ad
1578 4684 1817 4752 conciliandam
1840 4684 1902 4750 sibi
1924 4684 2146 4761 autoritatem,

136 4779 259 4862 gaham
287 4776 472 4855 conferant,
508 4786 546 4839 ut
572 4773 648 4839 indo
676 4793 813 4838 exosum
841 4768 989 4835 reddant.
1040 4768 1113 4833 Iam
1166 4794 1209 4838 ne
1230 4773 1411 4839 centesima
1429 4771 1559 4856 quidem
1582 4791 1660 4854 pars
1680 4778 1830 4835 restaret
1863 4769 1954 4835 Viva
1975 4770 2064 4835 enim
2082 4770 2146 4835 Dei

137 4928 249 4935 —---
259 4926 309 4933 --

203 5019 234 5083 1)
251 5016 331 5071 hlnlti
349 5016 518 5069 insolescunt
536 5030 586 5068 om.
605 5013 680 5067 Beeu
700 5018 732 5067 et.
750 5013 836 5066 Amat.
1235 5012 1265 5075 1)
1284 5029 1319 5067 ue
1336 5013 1452 5067 laissent
1468 5013 1546 5133 point
1563 5011 1597 5067 de
1620 5026 1649 5067 se
1667 5012 1774 5067 tenire
1796 5012 1824 5067 lt
1840 5010 1921 5082 neon
1940 5026 2093 5077 commune,
2117 5018 2145 5065 et

202 5086 233 5153 2)
252 5084 336 5141 Satan
354 5100 403 5139 use
422 5084 455 5138 de
474 5096 548 5137 ceste
567 5098 629 5137 ruse
653 5094 681 5136 et
699 5082 814 5137 cautella
833 5082 867 5136 de
885 5088 983 5136 mettre
1000 5083 1112 5151 pinques
1166 5100 1213 5139 sur
1231 5082 1291 5138 cela
1308 5080 1455 5136 l'embitiou
1484 5095 1515 5135 es
1533 5088 1703 5150 nauspcrte:
1727 5081 1870 5137 anement
1886 5082 1921 5135 ilz
1939 5082 2038 5135 aiment
2055 5080 2144 5134 mieux

136 5170 164 5213 et
180 5156 351 5213 conoeatious
374 5163 451 5207 entre
469 5153 510 5207 lcs
528 5153 597 5207 bons
614 5151 752 5206 llinistres
771 5151 804 5205 de
822 5149 906 5221 Dieu,
931 5151 971 5205 les
989 5150 1112 5206 baudans
1166 5166 1196 5208 se
1215 5150 1369 5206 conformer
1387 5165 1421 5204 au
1439 5149 1538 5204 nonde
1556 5148 1619 5220 qu’t
1634 5148 1713 5207 Iesus
1731 5148 1828 5206 Christ.

136 5226 174 5283 les
191 5242 243 5282 uus
261 5234 355 5279 contre
374 5222 415 5276 les
433 5221 544 5276 anltres.
1233 5218 1266 5288 a)
1282 5220 1399 5289 paisant.
