4590 5902
152 276 214 339 669
889 272 1250 343 REFORMANDAE
1272 273 1427 343 RATIO.
2106 281 2170 346 670

152 463 293 530 delitiae
339 464 411 531 Cur
437 466 542 549 igitur
569 465 686 530 luxum
716 476 750 531 et
779 465 909 531 delitias
938 465 1027 531 domi
1057 487 1136 532 suae
1161 492 1164 511 ·
1188 470 1326 527 curvata
1364 463 1449 528 nihil
1482 485 1629 547 unquam
1669 465 1818 531 eoelestis
1852 466 1977 550 gratiae
2010 469 2168 550 gustavit.

150 551 295 702 qmssari
324 552 371 615 ita
394 552 534 634 patitur:
565 553 629 617 nisi
655 553 739 618 forte
766 551 853 635 quod
881 552 974 616 illinc
1002 552 1136 618 divinae
1187 545 1347 612 Eiusdem
1370 550 1438 614 fere
1461 549 1561 614 etiam
1584 559 1683 615 notae
1706 560 1770 627 cst,
1799 551 1885 635 quod
1908 572 1963 616 eos
1991 552 2078 618 viam
2102 554 2169 619 Ba·

163 658 240 720 eges
261 636 442 703 exsulant?
476 636 543 703 Sed
562 639 635 721 quis
657 637 824 703 hominem
842 646 954 703 mente
968 659 1039 703 9999
1057 639 1135 703 alic-
1187 632 1275 697 laam
1297 636 1388 716 sequi
1407 633 1495 715 dicit,
1514 637 1571 718 qui
1594 637 1814 703 sacerdotibus
1826 637 2015 721 coniugium
2033 640 2169 720 permit·

151 732 267 788 natum
290 744 357 787 non
379 722 478 803 videt,
501 734 665 789 utsancto
683 725 835 808 coniugio
856 732 925 788 tam
947 724 1136 807 petulanter
1186 725 1272 783 tunt.
1307 717 1412 801 Quasi
1434 720 1611 787 honestum
1632 723 1788 806 piumque
1809 724 2000 807 coniugium
2022 725 2058 788 in
2080 734 2170 792 casto

150 808 346 875 maledicere
381 831 448 875 non
475 809 652 876 vereatur?
704 808 794 890 Quid
830 808 942 876 enim?
984 811 1040 875 An
1076 829 1135 893 pa·
1186 803 1252 868 Dei
1273 805 1391 872 timore
1414 809 1590 891 auspicari,
1619 818 1653 873 et
1674 809 1888 875 madianitico
1916 818 2024 875 scorta
2045 811 2169 895 populo

150 894 371 960 triarcharum
392 895 619 976 tabernacula,
649 895 810 979 aedesque
838 895 1074 979 prophetarum
1096 917 1134 961 ac
1159 922 1162 933 ·
1186 890 1250 955 Dei
1283 892 1437 971 miseere,
1476 893 1681 976 pelliciendis
1712 893 1755 960 ad
1786 895 2006 962 idololatriam
2039 897 2169 977 animis,
2214 913 2219 921 '

172 981 281 1045 iorum
310 1001 428 1065 regam
456 982 593 1064 profana
621 979 781 1065 quaedam
808 982 907 1047 luxus
929 1003 1002 1048 rece
1024 982 1135 1049 facula
1186 974 1270 1040 nihil
1293 976 1380 1042 inter
1401 999 1436 1043 se
1459 976 1622 1045 differant.
1635 980 1661 1065 ¹)
1693 981 1873 1047 Nicolaitas
1894 990 2171 1064 praetereavocat

186 1068 253 1132 isse
275 1064 383 1133 dicet?
419 1067 475 1132 An
498 1068 532 1132 in
551 1067 774 1151 apostolorum
796 1066 947 1134 domibus
968 1068 1001 1133 ni
1030 1069 1036 1082 ·
1068 1068 1135 1133 nisi
1187 1061 1372 1129 sacerdotes
1398 1085 1513 1129 omnes
1535 1066 1741 1151 coniugatos:
1768 1068 1863 1150 quasi
1885 1069 1940 1151 qui
1962 1069 1998 1132 in
2020 1067 2170 1135 ducenda

149 1152 357 1219 luxuriosum
387 1152 551 1236 reperiet?
598 1152 693 1234 Quae
721 1175 866 1236 unquam
888 1154 1038 1220 coelestis
1060 1152 1133 1236 phi·
1186 1168 1254 1212 una
1275 1168 1378 1214 uxore
1401 1151 1503 1216 variis
1523 1173 1562 1217 ac
1580 1154 1722 1235 profusis
1739 1152 2025 1236 libidinibusquae
2045 1154 2169 1236 passim

149 1237 318 1322 losophiae
336 1240 468 1321 puriora
481 1240 616 1306 fuerunt
629 1239 794 1306 sacraria?
828 1241 940 1322 Atqui,
963 1261 1019 1305 eos
1033 1241 1134 1305 fuisse
1185 1232 1283 1299 hodie
1304 1235 1340 1299 in
1363 1244 1431 1300 t0t0
1452 1245 1576 1321 papatu
1605 1247 1799 1322 metantur
1825 1238 2008 1305 remedium
2051 1242 2168 1319 nterii,

149 1324 341 1409 coniugator
372 1325 522 1409 legimus.
568 1324 782 1407 Quinetiam
814 1325 848 1390 id
870 1326 958 1391 inter
988 1347 1134 1391 summas
1185 1320 1369 1418 ptomisouc
1391 1342 1512 1388 uxores
1538 1323 1656 1409 vulget
1684 1346 1722 1391 ac
1748 1326 1933 1408 prostituat.
1978 1263 2050 1392 Sed
2069 1336 2171 1412 negat

150 1429 266 1476 eorum
287 1408 402 1476 laudes
425 1412 561 1495 spiritus
580 1413 646 1477 Dei
668 1419 837 1488 numerat,
860 1410 946 1495 quod
968 1412 1021 1493 pie
1044 1422 1077 1476 st
1098 1412 1132 1476 in
1187 1404 1240 1471 hrc
1263 1404 1367 1473 bonus
1390 1408 1516 1487 doctor,
1544 1412 1766 1477 necessarium
1789 1432 1860 1477 9999
1882 1410 2094 1495 corrigendae
2116 1413 2168 1476 in·

149 1504 243 1563 casta
264 1495 437 1579 disciplina
458 1497 599 1564 familias
628 1518 704 1564 suas
726 1497 912 1564 educarent.
957 1497 1134 1564 Exclamat
1186 1492 1407 1559 continentiae
1429 1495 1622 1575 remedium,
1645 1496 1731 1580 quod
1753 1496 1878 1562 Paulus
1900 1517 1942 1562 cx
1964 1497 2082 1580 spiritu
2104 1499 2169 1563 Dei

148 1603 281 1648 rursus:
300 1579 384 1663 Quis
398 1584 500 1662 furor,
520 1581 651 1666 quodve
664 1584 826 1663 delirium,
844 1583 1031 1650 carnalibus
1045 1584 1132 1651 euris
1185 1576 1337 1661 iniungit.
1382 1579 1563 1646 Contendit
1585 1584 1673 1647 enim
1695 1604 1805 1667 posse,
1835 1584 2020 1666 quissunqllfl
2042 1582 2168 1664 10111111,

149 1688 187 1734 ec
209 1666 381 1735 desideriis
402 1690 458 1735 eos
479 1669 686 1755 immergere,
707 1671 764 1752 qui
786 1691 852 1734 non
875 1670 938 1735 nisi
956 1669 1131 1752 puritatem
1185 1663 1325 1729 ustionis
1357 1666 1470 1733 morbo
1503 1669 1617 1733 eximi:
1650 1671 1728 1752 quia
1760 1669 1921 1752 seriptum
1954 1669 2011 1734 sit:
2046 1667 2170 1736 Omnia

149 1753 258 1821 colere
279 1752 421 1820 debent?
455 1754 583 1822 Omitto
605 1756 692 1839 quod
715 1755 875 1821 diabolica
896 1756 1040 1821 amentia
1057 1776 1132 1839 per·
1184 1769 1318 1832 possum
1339 1752 1374 1815 in
1396 1772 1433 1816 eo
1454 1754 1511 1836 qui
1532 1775 1585 1819 ure
1603 1757 1784 1820 confirmat.
1816 1752 1883 1820 Sed
1900 1776 1967 1820 non
1984 1754 2170 1821 considerat

149 1841 237 1907 citus
259 1844 335 1921 [pag.
358 1846 430 1921 191]
460 1840 599 1907 subinde
627 1842 771 1926 coniugii
793 1841 953 1906 honorem
976 1841 1132 1908 scelerate
1185 1856 1227 1900 cx
1249 1835 1397 1917 adverso,
1421 1837 1593 1905 Christum
1616 1841 1669 1906 his
1691 1841 1768 1907 solis
1790 1862 1862 1906 9999
1884 1840 2083 1919 adiutorem,
2112 1841 2170 1924 qui

150 1925 321 1993 deformat
344 1924 414 1992 Sed
426 1927 993 2007 hoecuiusestfuroris,furiososct
1010 1926 1132 1992 deliros
1184 1922 1349 1987 vocationi
1388 1944 1468 1990 suae
1508 1925 1744 2009 obtemperant
1800 1927 1891 2010 Ergo
1925 1935 1963 1991 ut
1995 1926 2168 1993 victricem

149 2032 277 2090 vocare,
299 2013 405 2095 quiin
423 2011 537 2079 ordine
552 2012 742 2079 sacerdotali
757 2014 945 2097 coniugium
967 2012 1130 2096 probant?
1183 2005 1277 2071 illam
1309 2006 1436 2074 Christi
1467 2013 1650 2095 potentiam
1683 2014 1717 2077 in
1758 2012 1909 2077 omnibus
1948 2014 2168 2095 experiamur,

150 2095 264 2179 Quum
287 2106 415 2163 certum
436 2099 495 2176 sit,
525 2101 621 2165 annis
649 2099 725 2183 plus
752 2100 908 2166 trecentis
929 2100 965 2163 in
988 2108 1058 2164 tota
1080 2120 1132 2165 ee·
1183 2092 1327 2174 pendere
1353 2098 1415 2161 nos
1444 2118 1485 2163 cx
1507 2098 1573 2163 Dei
1594 2098 1749 2164 mandato
1779 2118 1912 2164 neccsse
1938 2106 2003 2164 est:
2030 2098 2168 2182 nequis

149 2182 249 2250 olssia
276 2184 378 2249 fuisse
405 2186 589 2267 probatum.
636 2186 761 2251 Paulus
788 2206 890 2268 quum
918 2183 960 2249 ad
988 2186 1132 2267 exquisi·
1185 2177 1247 2243 sibi
1279 2180 1355 2263 plus
1387 2203 1518 2248 sumere
1544 2185 1647 2264 ausit,
1682 2205 1781 2267 quam
1808 2184 1933 2249 abillo
1967 2183 2167 2250 conceditur.

149 2269 312 2335 tissiraam
335 2271 494 2336 amussim
522 2272 717 2354 praescribit
745 2272 857 2354 quales
883 2278 1034 2355 oporteat
1060 2291 1133 2337 9999
1186 2262 1275 2346 Qud
1301 2278 1413 2332 antem
1439 2269 1567 2334 Paulus
1594 2271 1635 2336 ad
1665 2269 1766 2336 hace?
1810 2272 1935 2355 Aperte
1963 2270 2169 2353 pronunciat,

149 2356 327 2506 qqriscopos,
350 2356 546 2422 nominatim
564 2359 758 2442 coniugatos
769 2356 884 2422 laudat
897 2361 930 2438 (l
945 2358 1029 2422 Tim.
1044 2359 1072 2435 3,
1086 2357 1130 2440 2).
1184 2372 1251 2416 non
1270 2353 1422 2419 omnibus
1435 2356 1738 2422 communiterdari
1757 2355 1947 2422 continendi
1960 2356 2166 2422 facultatem:

181 2462 264 2525 eque
292 2441 380 2507 enim
408 2441 501 2522 dicit,
538 2444 595 2526 qui
623 2444 758 2509 fuerint:
773 2443 798 2525 ¹)
831 2443 889 2509 sed
924 2450 1132 2526 praesentem
1185 2458 1241 2502 ecs
1262 2460 1342 2504 vero
1371 2460 1501 2521 omues,
1528 2442 1585 2526 qui
1613 2442 1872 2525 incontinentiae
1899 2442 1979 2509 vitio
2006 2440 2167 2522 laborant,

151 2533 273 2591 statum
294 2535 536 2593 commemorat..
569 2528 721 2610 Quocum
739 2529 802 2596 sibi
823 2538 921 2612 putat
941 2550 1014 2595 esse
1032 2548 1132 2614 nego-
1185 2543 1228 2588 ne
1250 2536 1399 2599 urantur,
1420 2526 1461 2591 ad
1483 2528 1673 2612 coniugium
1695 2550 1731 2594 se
1752 2529 1900 2594 conferre
1922 2528 2014 2594 iubet
2036 2527 2069 2612 (l
2091 2526 2167 2594 Cor.

152 2613 251 2691 tium,
281 2634 384 2695 quum
409 2615 445 2677 in
467 2615 531 2679 Dei
561 2616 713 2698 spiritum
736 2615 834 2681 Pauli
861 2638 917 2681 ore
944 2616 1131 2698 loquentem
1187 2611 1216 2687 7,
1235 2613 1281 2693 9).
1327 2609 1416 2691 Quid
1445 2614 1543 2677 etiam
1567 2612 1723 2679 Christus
1751 2614 1843 2697 ipsc?
1889 2611 2001 2695 Quum
2030 2613 2168 2696 apostoli

151 2697 273 2764 foetida
292 2721 353 2764 sua
380 2699 555 2767 maledicta
577 2702 724 2768 eructat?
769 2701 863 2767 Idem
884 2702 1012 2768 Paulus
1039 2702 1133 2765 testis
1187 2700 1359 2775 [1191198]
1387 2697 1499 2763 audita
1525 2699 1704 2766 caelibatus
1732 2700 1844 2776 laude,
1874 2700 2007 2765 beatum
2034 2697 2169 2765 vivendi

152 2794 201 2849 991
213 2785 385 2868 apostolos,
408 2808 489 2869 quas
505 2785 671 2852 habebant
693 2808 822 2866 uxores,
845 2809 911 2852 non
935 2786 1031 2852 modo
1053 2788 1131 2851 reti·
1184 2801 1291 2863 genus
1314 2804 1386 2849 9999
1408 2782 1562 2865 dicerent,
1588 2796 1689 2870 negat
1711 2808 1824 2851 omnes
1846 2807 1918 2852 csse
1940 2786 2010 2851 91119
2031 2806 2168 2868 capaces

151 2871 262 2936 nuisse
282 2870 318 2934 iu
340 2892 400 2936 suo
422 2871 650 2949 contubernio,
674 2873 731 2938 sed
756 2874 820 2938 huc
843 2880 877 2938 et
896 2874 975 2939 illue
996 2873 1134 2938 circum-
1185 2867 1320 2948 (Matth.
1345 2874 1391 2948 19,
1415 2872 1486 2953 ll):
1514 2893 1578 2954 quo
1606 2873 1771 2955 significat
1798 2892 1864 2936 non
1895 2872 1975 2937 alios
2004 2869 2167 2937 99991119-

152 2955 284 3021 duxisse
305 2957 336 3040 (l
359 2956 434 3023 Cor.
456 2962 484 3037 9,
504 2957 548 3041 5).
594 2960 678 3024 Tota
699 2959 850 3038 ecclesia,
878 2980 978 3042 quum
1000 2958 1035 3022 in
1058 2978 1133 3041 per·
1184 2973 1279 3031 neos,
1307 2956 1372 3019 nisi
1393 2957 1448 3039 qui
1476 2957 1688 3040 peculiariter
1709 2979 1728 3022 a
1750 2956 1824 3023 Dco
1846 2966 2011 3024 vocentur.
2056 2957 2168 3040 Atque

151 3040 301 3107 fectionis
321 3063 399 3108 suae
418 3045 498 3109 flore
520 3052 615 3121 esset,
639 3066 681 3110 ne
703 3052 737 3109 et
758 3043 831 3110 Deo
852 3045 996 3129 coniugii
1014 3044 1131 3121 autori,
1183 3037 1263 3103 hinc
1284 3042 1364 3106 satis
1386 3054 1535 3125 apparet,
1566 3043 1649 3108 nihil
1678 3044 1787 3109 minus
1809 3064 1909 3125 quam
1931 3041 2168 3109 ecclesiasticas

152 3142 182 3193 91
206 3127 377 3212 prophetis
398 3131 616 3213 apostolisque
644 3131 799 3196 iniuriam
821 3132 957 3207 faceret,
985 3142 1132 3213 pastores
1184 3145 1256 3191 esse
1278 3125 1377 3210 leges,
1405 3148 1488 3211 quae
1511 3151 1530 3194 a
1549 3130 1702 3214 coniugio
1725 3139 1840 3194 arcent
1858 3150 1940 3212 quos
1961 3128 2039 3193 illuc
2061 3130 2166 3193 nomi-

151 3236 226 3280 suos
253 3214 390 3281 maritos
417 3214 535 3281 habuit
561 3226 595 3282 st
623 3216 886 3299 patresfamilias.
931 3215 1131 3298 (1111111119-
1183 3212 1288 3276 natim
1309 3214 1444 3296 spiritus
1465 3214 1530 3280 Dei
1552 3217 1680 3282 inritat
1725 3216 1825 3281 Certe
1842 3214 2038 3297 Apollonius
2055 3221 2167 3280 vetus·

150 3300 256 3366 centis
283 3301 352 3365 fere
376 3312 450 3384 post
477 3303 574 3368 annis
602 3303 735 3369 fanatici
763 3304 914 3368 homines
936 3302 1132 3369 caelibatum
1184 3298 1331 3364 tissimus
1360 3301 1510 3383 scriptor,
1540 3310 1624 3366 teste
1645 3300 1802 3380 Eusebio,
1824 3301 2020 3381 Montano'b
2047 3319 2165 3382 expro-

149 3384 314 3469 impcrare
335 3387 460 3453 vellent
477 3387 712 3468 sacerdotibus,
735 3397 869 3454 sanctus
880 3397 1010 3474 martyr
1020 3388 1133 3470 Paph·
1184 3381 1272 3461 brat,
1301 3385 1387 3467 quod
1409 3388 1620 3452 matrimonia
1648 3388 1776 3470 primus
1806 3386 1957 3465 solverit,
1985 3397 2019 3451 et
2040 3386 2167 3469 primus

147 3472 279 3551 11111119,
309 3473 366 3555 qui
388 3473 430 3539 ad
452 3483 635 3539 extremam
658 3482 861 3539 senectutem
891 3474 1018 3540 caelebs
1040 3475 1132 3539 vixe-
1184 3469 1342 3535 solvenda
1369 3469 1524 3538 docuerit.
1571 3471 1674 3539 Cuius
1702 3493 1737 3537 99
1771 3472 1947 3555 discipulos
1975 3471 2166 3551 ostendunt,

146 3566 212 3636 rat,
234 3558 354 3624 aeriter
374 3560 569 3639 intercessit,
592 3581 715 3644 suaque
736 3561 911 3626 autoritate
928 3560 1072 3643 perfecit,
1095 3567 1134 3624 ut
1184 3556 1240 3638 qui
1259 3577 1320 3622 nec
1338 3557 1490 3623 contrahi
1512 3559 1629 3625 volunt
1650 3559 1802 3643 coniugia
1823 3557 2004 3624 seeundum
2026 3556 2091 3623 Dei
2114 3559 2166 3622 in·

146 3642 297 3727 synodus
318 3644 445 3711 Nicena
465 3645 607 3711 liberum
629 3645 862 3723 sacerdotibus,
891 3654 928 3711 ut
948 3647 1040 3728 prius
1062 3646 1132 3711 fue·
1185 3642 1352 3721 stitutum,
1381 3653 1414 3708 et
1435 3665 1518 3727 quae
1545 3646 1592 3710 sie
1619 3656 1786 3712 contracta
1808 3654 1918 3725 erant,
1947 3653 2021 3710 rata
2042 3650 2167 3728 negant

144 3742 211 3807 rat,
233 3730 426 3816 coniugium
449 3732 658 3815 relinqueret.
703 3732 802 3797 Nunc
825 3732 1038 3816 phreneticus
1059 3732 1131 3810 iste,
1184 3748 1265 3793 9999.
1312 3728 1431 3808 Porro,
1467 3753 1509 3795 ne
1535 3732 1680 3797 insanire
1708 3732 1831 3814 absque
1859 3732 1985 3796 ratione
2013 3729 2164 3797 videatur

140 3836 320 3894 cornuum,
343 3838 426 3899 quae
447 3818 483 3882 in
504 3819 604 3883 mitra
625 3826 742 3902 gestat,
765 3818 894 3898 fiducia,
915 3819 1007 3901 quasi
1029 3817 1131 3883 solem
1184 3812 1328 3895 Cenalis,
1350 3823 1472 3881 terram
1490 3839 1568 3884 mox
1580 3818 1762 3884 incolarum
1781 3816 1993 3882 multitudine
2010 3814 2166 3881 obrutum

139 3901 268 3968 cedere
289 3922 309 3965 9
331 3903 421 3969 coelo
444 3903 567 3982 videat,
592 3904 634 3970 ad
656 3913 788 3969 tantum
810 3926 870 3987 pro
896 3905 903 3918 '
931 3906 997 3969 'um
1019 3904 1132 3970 obstu-
1183 3900 1225 3966 iri
1247 3900 1409 3980 admouet,
1433 3904 1498 3968 nisi
1519 3903 1681 3970 caelibatu
1703 3904 1807 3969 nimia
1823 3903 1951 3968 soboles
1964 3901 2164 3967 cohibeatur.

139 3989 263 4073 pascit.
295 3988 342 4052 Et
363 3996 432 4053 tam
455 3989 675 4056 exsecrandae
697 3993 732 4055 in
744 3991 898 4074 spiritum
931 3990 1132 4073 lasphemiae
1183 3987 1328 4052 Perinde
1351 3988 1404 4053 hie
1425 3988 1570 4072 loquitur
1590 3989 1721 4056 subtilis
1732 3989 1853 4066 doctor,
1877 4010 1914 4055 ac
1936 3989 1965 4054 si
1987 3986 2165 4053 caelibatus

138 4074 359 4157 excipiuntur
375 4095 495 4159 magno
517 4097 592 4142 cum
614 4077 743 4159 plausu.
786 4077 904 4162 Pergit
925 4076 1044 4142 deinde
1064 4077 1131 4141 fce-
1184 4082 1218 4138 et
1238 4074 1459 4139 continentiae
1481 4075 1610 4141 nullum
1631 4084 1719 4142 esset
1740 4075 1924 4141 discrimen.
1958 4073 2071 4155 Atqui,
2094 4093 2164 4137 om-

137 4159 238 4226 111199
268 4179 345 4225 suas
375 4182 471 4226 voces
500 4162 669 4227 ructando.
714 4163 817 4240 Nam,
844 4174 884 4227 ut
912 4184 947 4228 sc
971 4161 1131 4227 Ovidium
1184 4180 1243 4224 nes
1276 4170 1400 4226 norunt
1432 4161 1643 4245 propagando
1677 4161 1849 4227 hominum
1889 4160 2000 4244 generi
2033 4157 2165 4223 nullum

135 4240 271 4332 legisse
287 4245 412 4328 probet,
435 4247 522 4330 quod
543 4249 701 4332 profanus
722 4249 778 4314 ille
790 4248 830 4313 de
843 4249 1008 4331 impudico
1021 4268 1132 4313 amore
1183 4267 1255 4310 esse
1277 4247 1383 4330 magis
1405 4247 1601 4312 foecundum
1623 4268 1736 4314 semen
1754 4268 1853 4330 quam
1871 4243 2080 4312 sacerdotale.
2114 4244 2165 4309 Eo

136 4330 237 4426 dicit,
261 4329 433 4414 detorquet
451 4332 492 4398 ad
511 4341 663 4400 sanetum
681 4334 885 4418 coniugium:
908 4336 995 4399 Non
1012 4334 1130 4412 bene,
1183 4332 1272 4396 enim
1299 4333 1451 4415 prorupit
1469 4333 1631 4399 indomita
1658 4334 1806 4399 omnium
1834 4333 1903 4397 fere
1927 4329 2166 4396 monachorum

135 4419 267 4500 mquit,
289 4419 541 4485 conveniunt
561 4420 694 4486 necin
712 4441 790 4484 una
807 4419 903 4485 sede
920 4428 1132 4485 morantur
1183 4416 1452 4501 sacerdotumque
1475 4420 1641 4502 papalium
1663 4419 1779 4497 libido,
1808 4426 1848 4481 ut
1871 4416 2074 4484 castissimus
2095 4437 2165 4481 me·

135 4501 283 4569 delitiae
303 4504 472 4571 maritales
490 4508 681 4575 etmcnsin
694 4507 804 4571 Deum
815 4514 932 4572 erecta
967 4512 1041 4585 [pag.
1056 4510 1131 4584 197]
1183 4503 1249 4567 rito
1270 4515 1459 4583 censeatur,
1488 4505 1545 4587 qui
1572 4506 1749 4571 domestico
1777 4510 1885 4570 scorto
1907 4510 2082 4569 contentus
2103 4512 2163 4568 991

136 4582 257 4675 Ergo,
289 4587 469 4656 secundum
496 4591 581 4658 hanc
608 4591 783 4677 pecudem,
810 4612 919 4675 neque
940 4590 1130 4675 prophetae,
1184 4587 1310 4670 Quare,
1340 4611 1383 4655 ne
1405 4599 1528 4656 terram
1549 4591 1714 4675 repleant,
1742 4608 1811 4655 non
1838 4589 2031 4673 aconiugio
2052 4587 2165 4673 prohi-

138 4692 257 4760 neque
284 4677 389 4741 suncti
417 4687 546 4760 patres,
574 4700 681 4761 neque
703 4678 856 4761 apostoli,
879 4699 987 4761 neque
1008 4678 1131 4742 infiniti
1183 4672 1281 4740 bendi
1303 4685 1443 4752 tantum,
1462 4674 1519 4742 sed
1541 4678 1675 4760 penitus
1696 4673 1862 4742 castrandi
1879 4681 1987 4739 erunt
2031 4674 2165 4757 Alioqui

140 4770 317 4846 martyres
348 4783 495 4846 unquam
528 4764 655 4829 animos
686 4764 722 4828 in
756 4763 883 4828 coelum
915 4763 1130 4829 sustulerunt
1182 4761 1256 4825 ficri
1277 4781 1345 4825 non
1366 4761 1508 4838 desinet,
1536 4761 1623 4844 quod
1648 4762 1775 4846 pridem
1797 4782 1869 4827 9999
1895 4761 2017 4826 factum
2039 4768 2165 4825 norunt

141 4840 241 4947 Ergo
251 4848 386 4926 hfoises,
409 4849 462 4914 cui
505 4870 561 4914 rae
583 4850 655 4915 aliis
669 4848 783 4914 datum
805 4857 980 4916 estcoram
993 4849 1131 4933 etquasi
1183 4866 1312 4914 omncs:
1336 4856 1381 4927 ut,
1404 4869 1464 4932 pro
1485 4847 1642 4932 legitimis
1664 4847 1800 4927 duobus,
1829 4853 1965 4932 cogatur
1985 4854 2075 4912 terra
2095 4852 2163 4913 tres

142 4929 231 4999 facie
265 4933 308 4998 ad
341 4935 458 5000 faciem
522 4956 597 5001 eum
632 4933 761 5013 videre,
797 4944 909 5001 mente
942 4937 977 4999 in
1007 4945 1130 5001 terram
1183 4988 1377 4995 -,--.

1253 5069 1541 5139 lucanusque
1567 5069 1699 5125 Bolaham
1727 5070 1769 5125 fut
1791 5071 1933 5127 inventeur
1956 5068 2019 5125 d’un
2044 5070 2082 5125 tel
2106 5085 2161 5124 ma·

216 5139 245 5205 1)
262 5140 281 5194 11
300 5156 335 5194 119
354 5137 395 5193 dit
411 5141 488 5208 point
506 5139 586 5210 qu’on
604 5141 670 5196 eliae
690 5155 759 5197 ceux
777 5141 823 5209 qui
841 5148 940 5197 aurout
951 5142 1009 5197 cett
1020 5141 1130 5209 marien,
1184 5138 1338 5208 querelege.

146 5206 207 5264 tha
223 5209 268 5279 qai
285 5207 312 5264 le
331 5214 402 5263 sont.
1252 5204 1283 5275 2)
1301 5208 1347 5277 qni
1365 5222 1382 5263 a
1400 5207 1459 5263 9919
1475 5223 1512 5263 un
1528 5207 1670 5263 merchant
1685 5207 1834 5277 teretique.
