4620 5894
121 225 185 290 ess
359 168 363 175 ’
951 221 1304 293 musmones.
1711 180 1714 185 ’
2071 235 2136 299 esc

119 412 190 494 ipm
209 408 358 492 Domino,
377 412 429 478 cui
450 417 525 478 sunt
546 418 743 494 conservata,
764 412 978 479 sacerdotebus
1001 418 1077 493 [pag.
1101 418 1155 493 ss]
1177 413 1368 495 relinquitur
1391 413 1679 496 cleomnrendatur,
1701 420 1729 480 et
1749 415 1819 496 ipse
1845 417 1928 482 nibil
1949 424 2082 501 damea
2107 427 2137 488 el

119 498 266 580 repostis
287 499 390 563 armis
411 503 466 563 aut
485 499 613 565 studeas
628 500 721 580 paci,
749 504 805 565 aut
831 500 863 564 si
889 499 982 565 aliter
1002 519 1075 580 ρεε
1101 499 1264 564 cancellari
1292 519 1354 564 uon
1376 504 1491 580 potest,
1517 499 1647 566 coneilio
1667 502 1810 585 qenmali
1830 504 1997 570 iudicandi
2019 507 2057 572 de
2079 507 2132 588 iis,

119 604 200 666 quae
221 588 286 648 tam
303 584 487 665 perniciosa
507 584 587 650 bdla
608 585 644 649 in
659 585 779 666 populo
800 584 971 650 christiano
999 585 1121 650 tamdiu
1143 586 1247 663 alunt,
1269 589 1455 665 potestatem
1472 586 1594 667 faciae.-
1617 587 1688 671 (47)
1712 589 1743 652 si
1764 589 1897 671 deumne
1918 611 1955 656 ea
1977 611 2057 671 quae
2072 613 2135 673 per

118 669 256 735 nirdam
276 669 503 754 indulqeutiam
523 669 688 737 rebellibus
708 668 783 736 buia
802 676 929 737 sauctae
951 670 1035 750 sedi,
1057 675 1086 736 et
1107 670 1335 736 contumacibus
1360 673 1547 752 emineret,
1569 673 1638 752 ipse
1658 674 1821 741 rescindas
1843 696 1879 741 ac
1902 676 2002 742 tollas.
2045 678 2136 744 Haec

119 754 221 836 aum,
248 757 412 822 aniame
433 755 498 837 aa,
527 776 624 838 quum
650 756 697 822 ila
718 757 797 837 sint,
824 777 905 838 quae
931 761 1019 822 tuam
1040 756 1145 838 ipsim
1170 759 1312 823 animam
1338 758 1375 822 in
1401 777 1551 841 maenum
1572 757 1689 825 salutis
1704 761 1885 840 periculum
1906 763 2079 842 adducant,
2106 769 2136 830 et

117 840 265 908 cuein
279 861 395 925 ρεεεννν
415 842 519 926 ννναρίε
539 844 702 927 maqisqree
718 842 907 925 perturbent,
925 841 1021 924 facile
1041 843 1146 908 uidere
1162 847 1260 925 potes,
1282 842 1348 908 uisi
1362 863 1424 925 per
1445 849 1472 908 te
1493 864 1590 925 quam
1603 845 1751 926 primum
1770 846 1822 911 leis
1843 847 1940 913 malis
1959 850 2134 915 remedium

117 925 309 994 adhibeatur
332 927 428 1010 (quod
448 932 476 992 te
493 928 654 1010 facturum
681 931 862 1011 spmamus)
892 930 927 993 in
956 949 1036 1010 queas
1059 930 1226 1012 anqustias
1245 930 1293 995 sis
1313 949 1370 994 nas
1392 930 1627 1012 conrpulsmm:
1655 937 1691 996 ul
1717 937 1774 997 aut
1801 930 1904 1014 officio
1931 940 1988 999 aut
2009 935 2134 1000 muneri

117 1011 320 1082 muscoso
324 1034 388 1096 per
399 1014 468 1079 eius
475 1012 581 1095 tilium
593 1016 666 1081 dala
678 1015 781 1081 deesse
790 1032 946 1097 eoqamur,
957 1015 1172 1080 cummanirno
1184 1015 1329 1081 ecclesiae
1340 1015 1536 1080 detrimento:
1548 1021 1603 1081 aut
1612 1017 1726 1082 itemem
1737 1019 1875 1084 scamnis
1885 1023 2024 1100 [pausa]
2034 1041 2133 1105 aque,

117 1119 216 1184 meam
226 1100 276 1165 vel
292 1100 478 1165 consududo
488 1106 607 1181 nostra,
618 1101 804 1180 uelnatura,
822 1101 868 1166 oel
878 1100 1142 1183 volunlasserant.
1173 1101 1362 1182 Quanquam
1374 1101 1407 1164 in
1424 1100 1527 1183 officio
1538 1103 1663 1185 quidem
1674 1104 1785 1185 deuse,
1803 1105 1839 1168 in
1851 1110 1935 1169 tanto
1948 1106 2093 1172 ecclesiae
2107 1107 2131 1188 ¹)

117 1186 311 1266 discrimine,
328 1206 384 1252 uec
400 1186 543 1251 debenus
552 1206 699 1268 ρνενεεες,
717 1208 771 1253 nec
780 1187 934 1266 uolumus,
952 1192 1105 1267 quautmn
1111 1207 1172 1269 per
1189 1188 1258 1252 eius
1273 1187 1421 1270 matiam,
1440 1188 1532 1252 cuius
1547 1190 1636 1267 uices,
1654 1188 1724 1254 licet
1733 1191 1867 1273 indipni,
1885 1191 1920 1255 in
1938 1192 2032 1256 terris
2048 1193 2131 1275 peri·

117 1292 206 1352 uuus,
234 1272 274 1337 de
295 1270 387 1336 nolu
402 1270 547 1352 polliceri
563 1292 742 1355 possumus.
787 1272 911 1339 Insrdet
931 1273 1015 1338 enim
1037 1273 1072 1337 in
1093 1274 1214 1352 animo,
1243 1279 1272 1337 et
1292 1273 1327 1338 ob
1349 1274 1453 1339 oeulos
1473 1273 1562 1339 nobis
1583 1273 1762 1341 obversatur
1782 1275 1864 1341 illud
1885 1277 1982 1357 idem
2009 1278 2048 1342 de
2070 1298 2131 1359 quo

112 1358 279 1443 ρνὺεείρίε
299 1357 457 1438 cuma,
478 1358 607 1424 diuinae
626 1359 800 1423 seueritatis
821 1359 857 1423 in
879 1358 956 1425 Heli
976 1359 1165 1424 sacerdotem
1186 1358 1378 1442 eaunplmu:
1398 1378 1489 1441 queru
1510 1380 1570 1426 uon
1592 1361 1627 1426 ob
1648 1361 1684 1427 id
1706 1361 1832 1444 quidem
1853 1361 2037 1428 damnatum
2056 1362 2132 1447 aqu

116 1462 206 1523 m,
234 1443 374 1526 quadiu
399 1443 482 1525 filiis
509 1443 721 1526 cormpiendis
737 1464 875 1526 prorsus
901 1445 1096 1511 abstinuerit.
1142 1442 1346 1528 Corripuisse
1372 1446 1457 1511 enim
1484 1465 1535 1511 eos
1563 1446 1644 1512 salis
1672 1451 1789 1513 constal
1816 1469 1854 1512 ea
1873 1450 2048 1529 scriptura,
2076 1450 2132 1515 sed

116 1530 203 1612 quad
223 1530 260 1595 iu
280 1529 488 1612 eonipieudo,
509 1535 545 1594 ul
564 1530 669 1612 mpuit
690 1531 785 1596 diuus
806 1530 1028 1614 Hieronymus,
1049 1530 1175 1596 lenitate
1189 1532 1307 1612 putris,
1328 1552 1390 1596 uon
1410 1532 1576 1598 amentata
1589 1533 1751 1614 pmdifieis
1772 1532 1888 1616 aqebat.
1919 1534 1987 1602 Nos
2008 1533 2132 1601 lenitate

109 1616 231 1699 ρωνίε,
251 1615 384 1700 inlapsis
401 1636 502 1698 prope
522 1614 627 1682 adbuc
646 1615 747 1697 rebus,
770 1618 823 1682 usi
844 1636 964 1697 summ,
984 1615 1098 1699 quibus
1119 1637 1159 1682 ea
1179 1617 1271 1683 edicti
1290 1617 1397 1699 forma
1418 1619 1595 1699 mamsedis,
1617 1621 1699 1701 quod
1721 1618 1811 1684 Deus
1834 1625 1973 1701 avertat,
1998 1621 2032 1685 in
2055 1620 2132 1687 Heli

115 1702 261 1784 mepte
282 1705 357 1781 [pag.
377 1704 432 1780 41]
455 1702 535 1767 satis
554 1702 652 1783 uideo,
673 1705 708 1767 in
730 1724 826 1786 quam
847 1723 905 1769 uos
925 1703 1136 1769 noeeedtaum
1156 1703 1205 1768 sis
1226 1703 1427 1770 adducturus.
1463 1703 1568 1786 Queare
1588 1710 1687 1771 meum
1708 1706 1880 1786 musidae,
1904 1704 2031 1786 Caesar,
2053 1706 2132 1788 quid

115 1788 273 1873 ὑεννναρίε
293 1788 410 1868 deceat,
441 1789 520 1870 quid
547 1789 590 1855 ad
616 1794 706 1854 tuum
733 1791 768 1854 in
783 1788 906 1872 prirnie
932 1789 1071 1871 officium
1098 1809 1175 1873 erpo
1195 1788 1301 1854 Deum
1322 1795 1350 1856 ct
1370 1790 1531 1856 cadesim
1551 1792 1655 1875 maqis
1670 1792 1845 1872 pertineat,
1873 1793 1951 1873 quid
1972 1792 2082 1858 honori
2102 1796 2131 1859 et

112 1873 208 1940 νὼννε
235 1875 302 1939 tuis
327 1873 432 1958 macie
458 1875 613 1955 expediat.
657 1874 714 1939 An
735 1881 771 1940 ut
796 1875 958 1941 breellum
986 1881 1111 1941 metrae
1132 1875 1304 1956 scandali,
1330 1877 1366 1941 in
1392 1877 1436 1941 iis
1457 1896 1538 1959 quae
1560 1878 1603 1943 ad
1626 1880 1780 1943 numum
1802 1878 1945 1944 caussae
1960 1879 2130 1959 pertinent,

108 1960 336 2044 praebeatur
351 1961 463 2042 potius
479 1961 548 2026 dlis
566 1961 687 2042 faueas,
710 1963 767 2043 qui
787 1961 868 2029 banc
888 1961 982 2027 semel
997 1966 1126 2042 ruptam
1147 1962 1181 2025 in
1194 1960 1305 2043 plures
1325 1962 1428 2028 adbuc
1443 1967 1555 2045 partes
1576 1965 1716 2031 scindere
1736 1963 1964 2031 miserabiliter
1984 1964 2131 2031 laborant

114 2052 145 2112 et
165 2050 286 2129 oplard
329 2044 420 2112 Deus
440 2048 543 2129 pacis,
558 2068 622 2128 ρνο
644 2049 798 2113 iunueusa
824 2047 1043 2114 misericordia
1064 2068 1141 2128 aea,
1167 2053 1256 2113 mam
1278 2047 1476 2114 Maiestatem
1505 2049 1545 2115 ab
1567 2051 1750 2133 ntiquom
1777 2051 1921 2116 eonmliis
1947 2050 2066 2130 liberet,
2093 2068 2131 2116 ac

109 2133 207 2218 pacis
227 2132 364 2200 consilia
383 2133 419 2197 in
441 2138 493 2198 tuo
509 2135 599 2201 corde
620 2134 791 2216 confimat,
820 2140 856 2199 ut
876 2135 1041 2200 unanimes
1062 2154 1125 2200 uno
1145 2154 1197 2200 ore
1221 2133 1460 2216 bonomfieemus
1480 2134 1586 2201 Deum
1602 2141 1729 2218 patrem
1745 2158 1807 2218 per
1828 2136 1937 2202 lesum
1960 2134 2131 2217 Olnidum

112 2312 178 2386 est,
200 2325 302 2391 quam
323 2305 483 2372 effrenata
504 2306 637 2372 luxuria
658 2306 809 2373 diffluent
830 2307 927 2374 hodie
949 2306 1099 2391 episcopi,
1154 2308 1242 2372 enim
1271 2305 1313 2372 ad
1340 2306 1524 2373 remedium
1551 2308 1758 2374 afferendum
1787 2308 1910 2392 aptior,
1945 2328 2043 2391 quam
2077 2307 2131 2373 cui

111 2391 264 2473 abbates,
292 2398 326 2458 et
346 2394 405 2477 qai
431 2391 545 2460 ordine
573 2400 766 2477 sequuntur.
810 2393 978 2460 Audirent
1006 2394 1100 2477 prin·
1152 2393 1237 2460 bene
1268 2400 1459 2478 perspectus
1494 2401 1545 2460 est
1575 2394 1732 2461 morbus?
1778 2393 1957 2460 Tollendae
1985 2400 2070 2493 sunt·
2091 2415 2130 2489 qe

11 2532 16 2541 .
111 2478 203 2563 cipes
224 2477 427 2562 opulentiam
449 2480 563 2560 istam,
587 2502 670 2564 quae
690 2477 787 2545 hodie
808 2487 877 2545 tem
900 2480 1026 2564 perdite
1048 2479 1098 2545 di-
1151 2481 1380 2565 repurgandae
1407 2480 1625 2565 eorruptelae,
1659 2501 1743 2564 quae
1771 2488 1917 2548 veterem
1944 2479 2128 2546 diaconiam
2255 2542 2257 2546 Α

111 2563 296 2648 lapidatur,
324 2586 507 2649 pauperum
532 2587 603 2634 esse
630 2566 876 2650 patrimonium.
921 2565 1007 2648 Quis
1028 2587 1098 2632 nen
1149 2587 1286 2650 prorsas
1323 2569 1537 2635 sustulerunt.
1590 2566 1720 2648 Quibus
1759 2567 1868 2651 potius
1902 2566 2033 2651 iniungi
2066 2565 2129 2632 hoe

110 2651 302 2735 insurgeret
328 2651 488 2718 adversus
515 2672 587 2732 ees,
615 2653 645 2718 si
671 2674 738 2720 non
765 2654 829 2737 ipsi
852 2653 978 2738 priores
1001 2673 1096 2719 occu·
1148 2674 1232 2719 onus
1261 2656 1429 2733 convenit,
1464 2675 1562 2737 qnam
1598 2654 1655 2735 qui
1688 2653 1851 2718 malorum
1885 2652 2033 2717 omnium
2060 2672 2129 2717 nen

110 2744 240 2820 parent,
262 2737 299 2803 in
320 2736 469 2803 ordinem
492 2760 527 2804 sc
549 2739 718 2822 cogendo?
762 2738 929 2806 Andireut
950 2761 992 2805 ex
1009 2741 1095 2804 anti·
1147 2737 1244 2806 mode
1264 2742 1398 2824 penitus
1420 2750 1498 2805 sunt
1519 2741 1649 2818 conscii,
1672 2736 1730 2804 sed
1751 2739 1851 2804 etiam
1875 2736 2027 2804 autores?
2058 2737 2129 2803 llx-

110 2824 184 2907 qais
204 2822 401 2904 canonibus,
430 2824 537 2907 qualis
559 2827 603 2890 sit
620 2833 654 2890 et
675 2824 718 2890 nd
739 2847 819 2908 quos
842 2828 1007 2910 pertineat
1028 2825 1095 2891 dis·
1147 2835 1332 2910 spectemus
1360 2828 1466 2911 qualis
1494 2826 1607 2891 futura
1634 2827 1679 2892 sit
1699 2824 1900 2905 emendatio,
1928 2822 2129 2891 muscerda-

109 2909 271 2993 pmcne.
314 2910 512 2976 Diacaniam
533 2910 627 2977 illem
644 2919 791 2978 veterem
813 2933 927 2977 omnes
948 2912 1094 2996 require·
1147 2913 1235 2979 tibus
1262 2913 1365 2980 libera
1387 2913 1441 2979 vel
1463 2912 1593 2997 agendi,
1616 2912 1670 2980 vel
1687 2911 1837 2979 cessandi
1860 2916 2005 2994 potestas
2026 2908 2128 2974 relin-

109 3002 193 3062 reat
239 2995 422 3076 Audirent,
455 2999 622 3062 neminem
656 3019 726 3063 esse
759 3019 800 3081 ex
833 2997 990 3065 ecclesiae
1016 3019 1093 3082 pro-
1145 3008 1275 3082 quntur.
1321 3001 1395 3067 Non
1419 2999 1466 3065 sic
1487 3000 1581 3083 prius
1598 3020 1658 3064 rex
1680 2999 1794 3075 Iasios,
1817 2999 1874 3081 qui
1897 3017 1966 3061 non
1986 3015 2128 3080 proven·

110 3088 212 3147 ventu
242 3080 413 3163 alendum,
447 3084 513 3149 nisi
539 3085 595 3167 qui
627 3084 788 3150 functioni
816 3105 895 3151 suae
923 3085 1092 3150 satisfacit
1145 3086 1194 3150 tui
1222 3093 1354 3152 tantum
1381 3085 1424 3151 ad
1449 3086 1574 3152 victam
1602 3082 1781 3164 destinato,
1812 3083 1870 3149 sed
1898 3083 1998 3147 etiam
2026 3080 2128 3146 sacris

110 3166 306 3235 mannent
327 3166 505 3253 abigendos
526 3170 629 3254 igitur
644 3190 715 3236 esse
734 3191 849 3237 omnes
870 3173 991 3237 otiosos
1011 3190 1093 3235 ven·
1146 3171 1366 3239 oblationibus
1400 3173 1542 3238 scribam
1581 3191 1680 3237 suum
1715 3170 1881 3252 praefecit
1929 3168 1978 3232 Et
2015 3173 2126 3231 tamen

111 3259 187 3321 tres.
231 3254 281 3320 Et
300 3257 557 3339 quotusquisque
580 3277 622 3321 ex
643 3263 693 3321 tot
714 3255 898 3341 legionibus
919 3256 1091 3323 maneret?
1145 3257 1343 3324 Frenesium
1370 3258 1453 3323 nihil
1479 3256 1583 3341 pudet
1614 3255 1778 3339 sacrilegii
1808 3274 1962 3321 accusare
1995 3251 2127 3334 imperii

111 3337 197 3421 Quis
218 3337 318 3406 hodie
339 3342 510 3425 episeopus
529 3342 634 3408 officio
656 3342 822 3427 fungitur,
852 3343 918 3408 imo
941 3344 1035 3428 fungi
1056 3364 1092 3408 se
1146 3343 1286 3422 ordines,
1309 3345 1338 3410 si
1360 3343 1550 3410 cohibendis
1572 3341 1752 3426 sacrilegiis
1774 3361 1810 3406 se
1831 3339 2098 3423 interposuerint

109 3424 268 3492 simulat?
313 3423 399 3508 Quis
434 3427 620 3510 parochus?
666 3428 752 3493 Nam
785 3429 936 3495 canonici
968 3437 1002 3494 et
1035 3429 1092 3494 alii
1233 3436 1307 3511 [pag.
1326 3435 1381 3509 84]
1394 3429 1452 3516 47)
1469 3427 1560 3510 Quid
1579 3428 1624 3495 sit
1642 3447 1833 3493 eoncessum
1851 3424 2127 3503 Protestantibus,
2197 3472 2202 3487 .
2230 3488 2235 3497 ,

110 3512 150 3578 ad
171 3520 323 3579 veterem
350 3513 545 3598 presbyterii
573 3513 713 3578 formam
734 3522 978 3581 revocarentur.
1023 3515 1091 3579 Ne·
1145 3514 1252 3581 dicere
1274 3515 1486 3599 supersedeo:
1509 3534 1696 3598 quenquam
1717 3512 1783 3579 huc
1803 3533 1933 3578 summa
1954 3508 2055 3590 redit,
2084 3529 2127 3574 ne

110 3618 170 3681 que
210 3597 295 3664 alias
325 3606 456 3664 tantmn
495 3599 647 3666 ecclesias
683 3607 923 3684 pervagaretur
954 3601 1092 3683 profana
1145 3600 1263 3684 quibus
1284 3602 1416 3667 iniustis
1438 3597 1664 3684 praeiudiciis,
1693 3599 1759 3664 nisi
1788 3618 1888 3664 causa
1908 3597 1972 3662 rite
1995 3596 2128 3682 cognita

109 3683 187 3764 ista,
211 3684 276 3751 hoe
299 3693 363 3764 est,
384 3685 484 3763 laica,
508 3685 756 3769 alloquuntur,
778 3687 945 3766 correctio,
969 3684 1027 3751 sed
1050 3684 1092 3751 ad
1145 3693 1180 3751 et
1211 3687 1369 3767 iudicata,
1404 3693 1481 3752 ante
1513 3693 1644 3770 tempus
1675 3691 1867 3768 graventur.
1911 3683 1986 3748 Hoc
2019 3688 2128 3747 tatum

108 3769 215 3854 ipsam
236 3790 408 3836 romanam
431 3769 542 3837 sedem
564 3770 726 3838 hactenus
746 3773 945 3838 inaccessam
966 3772 1091 3855 pertin-
1145 3773 1288 3840 rescindi
1321 3772 1412 3839 iubet
1441 3779 1574 3840 sanctus
1606 3778 1709 3855 pater.
1753 3771 1887 3836 Durum
1918 3767 1953 3833 id
1983 3767 2124 3851 quidem,

109 3872 211 3941 geret
255 3856 362 3922 Porro
391 3855 470 3941 quid
506 3857 596 3924 aliud
626 3858 688 3924 hoe
710 3867 811 3938 esset,
842 3879 940 3942 quam
963 3858 1092 3925 coelum
1144 3860 1253 3944 prima
1274 3861 1396 3943 specie,
1426 3859 1483 3924 sed
1510 3858 1596 3923 ratio
1619 3858 1740 3924 subest.
1787 3855 1877 3938 Quid
1905 3855 2004 3932 enim,
2035 3855 2063 3918 si
2085 3851 2127 3916 ad

109 3949 219 4009 tenue
246 3942 406 4009 miseere?
450 3941 632 4029 Indignum
661 3950 735 4024 [pag.
762 3950 817 4025 83]
845 3964 926 4010 vero
953 3945 1091 4025 facinus,
1146 3945 1322 4013 concilium
1360 3945 1483 4028 integri
1521 3945 1659 4010 veniant
1689 3943 1927 4019 Protestantes,
1966 3944 2126 4022 quantum

109 4035 146 4094 ut
158 4029 235 4095 Deo
257 4034 387 4095 terreno
403 4028 556 4095 dicantm
571 4029 709 4095 vivendi
729 4031 829 4116 leges,
851 4037 889 4095 ut
909 4030 980 4096 eius
997 4051 1091 4095 men·
1146 4040 1278 4099 sanctae
1301 4030 1370 4098 sedi
1397 4031 1587 4109 decesserit,
1616 4036 1655 4094 ut
1675 4029 1770 4113 quasi
1792 4025 1833 4092 de
1855 4048 1891 4092 re
1913 4024 2013 4090 dubia
2033 4024 2124 4087 inea·

110 4134 165 4182 sae
186 4122 341 4200 sumptus
361 4115 643 4199 praescribantur,
672 4117 825 4202 exigetur
854 4117 1027 4183 annuatim
1050 4117 1091 4182 ab
1145 4124 1201 4183 tur
1229 4117 1445 4201 disceptatio?
1490 4115 1567 4180 Non
1594 4116 1653 4182 abs
1681 4137 1718 4180 re
1747 4133 1826 4198 erge
1849 4119 1914 4191 est,
1944 4108 2029 4194 quod
2058 4114 2127 4173 tam

109 4221 145 4267 eo
173 4202 270 4268 ratio.
314 4199 430 4285 Neque
457 4200 493 4266 id
520 4200 631 4281 mode,
659 4202 716 4267 sed
743 4223 827 4285 quae
856 4203 930 4268 aliis
956 4202 1009 4267 vel
1030 4223 1092 4285 per
1143 4210 1278 4269 emanue
1301 4203 1472 4269 contendit
1491 4222 1585 4286 papa,
1611 4223 1654 4266 ne
1673 4222 1737 4285 quo
1759 4197 1931 4283 privilegio
1952 4193 2127 4291 subleven-

109 4288 176 4354 vim
197 4287 357 4354 iniustam
379 4308 417 4352 ra
438 4287 503 4368 uit,
530 4287 585 4356 vel
607 4286 722 4353 fraude
743 4289 873 4353 furatus
895 4294 961 4368 est,
989 4286 1029 4354 ab
1052 4309 1090 4353 eo
1142 4296 1206 4354 tur.
1252 4287 1342 4369 Quid
1376 4290 1464 4354 enim
1499 4294 1559 4354 aut
1589 4285 1793 4354 commodius
1827 4283 1891 4361 illi,
1926 4288 1985 4346 uut
2017 4299 2125 4362 magns

110 4379 376 4458 extorqueantur.
409 4309 499 4455 daia
522 4375 631 4453 etiam,
653 4382 688 4439 et
708 4374 849 4457 quaeim
891 4375 940 4438 rio
962 4372 1090 4457 pridem
1143 4373 1332 4457 expeditum
1354 4395 1453 4459 quem
1474 4381 1514 4439 ut
1534 4373 1683 4439 damnati
1700 4371 1778 4436 illuc
1800 4366 2046 4466 pertrahantur,
2069 4363 2125 4431 vel

111 4458 220 4526 ablata
240 4460 334 4544 quasi
355 4460 428 4525 iure
449 4458 606 4543 possidet,
629 4461 816 4526 restituere:
862 4460 979 4542 cuique
1001 4461 1088 4542 rapi·
1141 4481 1263 4545 poenas
1285 4460 1381 4526 luant
1402 4482 1481 4527 suae
1503 4457 1690 4526 absentiae?
1736 4455 1828 4536 Quin
1853 4474 1931 4537 ergo
1952 4451 2002 4516 1111
2024 4471 2124 4534 expe·

111 4566 170 4611 aas
197 4564 326 4627 omnes,
353 4566 437 4630 quas
462 4547 496 4610 in
522 4547 680 4630 urgitavit
705 4546 773 4611 iam
800 4545 985 4624 totenais,
1011 4566 1088 4611 evo-
1142 4547 1223 4627 diat,
1252 4568 1320 4613 non
1349 4546 1501 4626 dubium,
1522 4544 1580 4612 sed
1602 4564 1683 4609 num
1706 4541 1805 4607 etiam
1827 4559 1972 4623 acquum
1994 4557 2032 4603 ac
2053 4556 2124 4602 rec-

111 4650 200 4697 mere
220 4636 365 4716 cogatur.
411 4629 467 4714 Qu
532 4633 560 4697 si
582 4653 647 4716 qua
666 4633 771 4698 maior
789 4637 923 4716 urgeret
944 4631 1087 4697 necessi·
1140 4640 1213 4698 tum
1236 4634 1294 4712 sit,
1317 4633 1494 4717 quaer-itm.
1538 4629 1662 4696 Valeat
1681 4629 1847 4706 honestas,
1870 4625 1978 4724 inquit
1998 4622 2124 4689 Frene-

112 4721 176 4797 tas,
205 4715 339 4784 concedi
359 4716 395 4783 id
416 4719 502 4783 forte
523 4725 642 4802 posset
686 4719 734 4784 At
755 4739 846 4783 nune
868 4736 927 4782 cnr
947 4714 1085 4782 invade-
1139 4718 1217 4797 sius,
1240 4719 1366 4786 utilitas
1392 4717 1595 4803 praevaleat.
1637 4711 1965 4798 Hocquidem,1ure
1988 4728 2124 4775 mmeno

112 4808 186 4867 rent
209 4802 375 4888 principes
404 4803 549 4871 ahenum
583 4825 719 4883 munus,
752 4824 855 4887 quum
881 4812 950 4868 tem
981 4824 1086 4887 aequa
1111 4780 1115 4914 i
1139 4814 1190 4871 est
1224 4805 1398 4885 usitatum,
1434 4803 1492 4870 sed
1528 4823 1597 4868 non
1631 4800 1784 4866 meminit
1811 4819 1847 4865 se
1880 4799 1915 4864 in
1943 4795 2126 4894 Germania

114 4886 233 4972 alioqui
254 4889 339 4956 ratio
371 4888 427 4956 hic
454 4910 475 4955 a
502 4890 662 4957 Frenesio
691 4887 955 4972 praescribatur?
1001 4887 1087 4970 Quis
1138 4890 1243 4975 loqui,
1272 4890 1328 4957 ubi
1350 4899 1384 4957 et
1409 4889 1485 4956 fidei
1512 4887 1607 4954 datae
1636 4886 1751 4972 religio
1773 4884 1906 4964 celitur,
1936 4890 1971 4948 et
1990 4879 2125 4965 pudens

265 5163 295 5229 1)
314 5162 446 5220 ecclesiae
464 5164 598 5220 omittitur
615 5163 645 5217 in
664 5163 789 5218 omnebus
806 5161 867 5218 edd.
883 5168 995 5231 praem
1011 5163 1173 5232 principem.
1209 5163 1294 5220 Deest
1310 5166 1391 5221 mam
1409 5164 1440 5218 in
1457 5163 1581 5219 emtione
1597 5162 1708 5232 aalma.
