4620 5894
144 245 208 307 453
969 243 1070 310 CUM
1090 242 1340 311 ANTIDOTO.
2096 252 2164 316 454

144 430 421 520 quemadmodum
438 429 564 497 Paulus
587 430 749 496 admonet
786 432 895 514 Atque
918 438 956 497 ut
976 431 1123 497 eiusdem
1176 432 1288 512 (Rom.
1316 435 1345 511 3,
1372 436 1413 495 26
1437 453 1502 514 seq.
1526 438 1609 513 614,
1633 435 1683 520 2),
1718 435 1850 502 excludi
1883 456 2016 502 omnem
2048 440 2159 504 carnis

144 518 325 604 Augustini
362 516 471 582 verbis
509 516 717 583 concludam:
763 517 928 583 Voluntas
966 517 1121 597 humana,
1176 518 1611 603 6161161166661166611161,
1639 541 1683 585 an
1705 521 1747 586 ad
1769 529 1939 588 anteactae
1961 524 2160 591 1116611116-

144 626 214 672 non
234 605 386 671 libertate
408 604 549 687 gratiam
572 604 791 684 consequitur,
814 603 872 669 sed
894 603 1002 688 gratia
1024 604 1123 670 liber·
1175 611 1270 668 taxat
1291 606 1409 670 merita
1430 606 1577 686 respicit,
1601 626 1639 672 66
1660 628 1726 672 666
1747 609 1857 691 661166
1878 607 2050 689 admonet,
2072 609 2158 678 nihil

144 699 262 758 tatem:
285 696 320 755 ct
340 698 379 754 ut
400 697 596 771 perseveret,
621 688 845 755 delectabilem
868 690 1123 772 perpetuitatem
1176 711 1256 768 esso,
1279 711 1343 772 quo
1366 690 1548 773 glorientur
1568 692 1728 773 homines,
1752 715 1857 777 nsque
1870 694 1913 759 ad
1934 696 2024 760 vitae
2045 696 2157 775 finem,

145 783 180 845 61
200 775 455 859 insuperabilem
477 775 712 840 fortitudinem.
727 774 751 858 ¹)
1176 776 1232 857 qui
1254 774 1319 841 fide
1340 777 1420 842 iusti
1442 776 1541 840 sunt?
1586 778 1671 843 Nam
1695 800 1797 862 quum
1824 802 1867 845 ex
1888 779 2019 846 Davide
2041 782 2159 847 6666111

232 862 458 945 Capitonem,
478 860 1123 944 dumaliquamdarcstudent[pag.186]
1176 862 1344 943 imputari,
1366 864 1488 943 absque
1511 864 1674 945 operibus,
1696 866 1869 946 iustitiam,
1893 870 1968 945 [pag.
1990 873 2062 947 186]
2081 888 2155 950 661·

144 947 325 1016 modestiae
348 947 630 1030 significationem,
653 946 892 1029 impudentiam
905 967 1000 1011 suam
1018 946 1124 1029 magis
1176 958 1313 1029 potuum
1356 948 1503 1012 fidelium
1547 957 1671 1014 statum
1710 948 1856 1017 declarat
1896 952 2005 1035 (Rom.
2042 958 2072 1029 4,
2110 957 2154 1037 6).

144 1035 297 1120 produnt.
336 1032 501 1114 Quoniam
524 1034 559 1096 in
581 1042 734 1115 promptu
756 1039 828 1097 erat
846 1033 1027 1114 scripturae
1050 1031 1125 1097 doc-
1177 1031 1464 1113 Quemadmodum
1493 1042 1527 1099 et
1554 1034 1682 1113 David,
1720 1058 1771 1115 sc,
1806 1057 1845 1102 ao
1871 1037 2014 1121 reliquos
2041 1058 2157 1104 omnes

145 1124 234 1187 trina
255 1141 369 1185 eorum
381 1119 509 1202 placitis
531 1140 730 1203 repugnans,
753 1127 792 1182 ut
802 1117 888 1184 hanc
905 1118 1125 1200 suspicionem
1176 1119 1241 1183 Dei
1262 1119 1356 1198 filios,
1379 1119 1503 1184 nonin
1525 1141 1630 1186 unum
1653 1120 1749 1200 diem,
1772 1122 1831 1188 sed
1849 1132 1920 1188 tota
1940 1125 2019 1202 vita,
2042 1143 2156 1206 pecca·

145 1214 307 1284 avertant,
330 1206 475 1289 primum
496 1204 574 1287 quid
596 1207 648 1282 sit,
667 1203 732 1269 fide
752 1205 923 1271 iustificari
947 1203 1123 1282 hominem,
1176 1212 1287 1268 torum
1304 1206 1497 1270 remissione
1511 1207 1623 1272 beatos
1635 1228 1707 1274 csse
1728 1208 1893 1275 exclamat
1913 1210 2016 1292 (Psal.
2038 1214 2088 1289 32,
2111 1211 2154 1293 1).

144 1297 330 1377 exponunt:
353 1311 482 1373 nempe,
511 1290 597 1374 quod
619 1290 701 1355 fides
723 1291 838 1356 salutis
861 1290 906 1355 sit
926 1290 1068 1368 initium,
1092 1296 1126 1352 et
1176 1290 1246 1355 Nec
1268 1289 1309 1354 de
1331 1292 1430 1356 unius
1457 1294 1616 1357 momenti
1642 1294 1874 1359 iustificatione
1903 1295 2047 1378 loquitur
2069 1294 2157 1378 apud

144 1378 397 1445 fundamentum
430 1376 679 1441 iustificationis.
726 1374 831 1456 Quasi
867 1375 929 1440 hac
962 1374 1123 1441 solutione
1177 1376 1306 1442 Lucam
1344 1377 1479 1456 Petrus,
1519 1399 1620 1460 quum
1660 1379 1753 1444 dicit:
1793 1381 1861 1444 Por
1897 1381 2038 1465 gratiam
2077 1380 2156 1446 Iesu

144 1471 258 1532 666661
279 1462 433 1547 expediti,
457 1484 534 1527 mox
555 1462 596 1526 ad
619 1463 757 1527 alteram
777 1461 999 1527 transvolant:
1023 1461 1125 1544 gratis
1177 1460 1303 1527 Christi
1326 1462 1491 1527 credimus
1512 1485 1573 1529 nos
1595 1484 1666 1530 esse
1683 1465 1801 1544 salros,
1824 1466 2101 1549 quemadmodum
2123 1474 2158 1531 et

143 1572 206 1617 nos
226 1550 400 1616 iustificari
422 1547 497 1613 ideo
520 1549 703 1631 apostolum
716 1547 841 1627 docere,
864 1548 941 1631 quia
960 1568 1125 1630 quaecun-
1177 1549 1609 1630 661166666111(Αο1.15,
1638 1552 1699 1629 11).
1745 1551 1806 1615 1116
1839 1552 1930 1616 66116
1958 1559 2030 1616 6161
2056 1572 2156 1635 qnae·

144 1657 210 1721 que
247 1634 514 1701 iustificationem
553 1634 767 1716 praecedunt,
807 1635 878 1699 sive
916 1632 1015 1712 fides,
1055 1636 1125 1698 sive
1178 1634 1293 1698 ationis
1320 1642 1441 1699 status:
1470 1655 1514 1699 66
1544 1635 1707 1720 exigenda
1733 1637 1817 1701 foret
1845 1637 2043 1721 agentibus
2071 1637 2156 1722 legis

144 1743 261 1807 opera,
290 1723 397 1804 ipsam
420 1742 486 1785 non
515 1726 755 1802 promerentur.
800 1718 943 1800 Quaeso,
975 1720 1003 1784 si
1031 1718 1067 1782 16
1088 1739 1125 1782 16
1176 1720 1371 1785 observatio,
1433 1719 1473 1785 Id
1513 1722 1584 1786 fieri
1633 1721 1751 1787 debere
1795 1733 1911 1805 negat:
1958 1723 2044 1806 quod
2088 1744 2156 1788 non

144 1809 231 1874 scria
252 1808 381 1873 versari
403 1828 439 1871 se
458 1813 621 1889 putarent,
645 1826 687 1870 an
706 1805 787 1870 adeo
808 1805 937 1883 leviter,
961 1804 1054 1887 quasi
1072 1824 1124 1869 66-
1177 1804 1243 1869 alia
1274 1806 1318 1869 611
1349 1806 1438 1871 salus
1475 1806 1511 1870 in
1549 1807 1731 1873 christiana
1769 1809 1918 1887 ecclesia,
1960 1829 2060 1892 quam
2097 1830 2157 1892 per

144 1895 299 1973 citantes,
329 1890 625 1976 perfungerentur?
672 1889 814 1969 Omitto,
843 1889 930 1974 quod
952 1890 1125 1954 hominum
1177 1889 1304 1956 Christi
1327 1892 1467 1975 gratiam
1490 1892 1578 1977 (Act
1597 1898 1627 1970 4,
1650 1894 1719 1978 12):
1747 1914 1809 1959 nec
1831 1894 1896 1959 alia
1918 1915 2064 1977 unquam
2084 1895 2157 1959 fno-

144 1979 266 2047 iudicia
286 1978 369 2044 nihil
393 1979 491 2043 veriti
513 1986 604 2056 61161,
634 1978 727 2060 quasi
755 1985 962 2042 sacrosancto
984 1975 1046 2040 hoc
1069 1973 1125 2040 de·
1176 1976 1230 2040 rit.
1275 1977 1321 2041 Et
1347 1977 1476 2042 merito.
1520 1978 1591 2044 Nec
1618 1980 1707 2043 enim
1736 1980 1832 2045 aliter
1863 1982 1960 2045 firma
1988 1981 2053 2044 erit
2079 2000 2157 2064 pro-

144 2074 234 2133 61616
256 2065 406 2131 omnium
435 2065 545 2128 oculos
567 2064 804 2128 confodissent:
834 2061 935 2127 hides
957 2061 1124 2139 iustificat,
1176 2062 1299 2141 missio,
1321 2063 1449 2128 nisiex
1471 2064 1536 2128 Dei
1564 2065 1673 2148 gratia
1693 2065 1848 2147 pendeat,
1871 2086 1910 2130 ac
1931 2064 1996 2130 fide
2017 2066 2156 2145 nitatur,

145 2153 302 2236 qnoniam
324 2149 641 2216 inchoatiustitiam.
677 2150 800 2227 Primo,
824 2148 886 2212 hoo
903 2155 1125 2212 commentum
1177 2148 1285 2230 inquit
1321 2148 1447 2214 Paulus
1480 2150 1590 2232 (Rom.
1621 2156 1651 2228 4,
1683 2152 1748 2236 16).
1793 2152 1850 2215 An
1881 2151 1949 2215 illio
1981 2151 2081 2216 ctiam
2116 2150 2158 2216 de

145 2259 261 2305 sensns
289 2238 472 2304 communis
499 2236 634 2319 respuit.
680 2233 771 2313 Quid
798 2236 885 2298 enim
915 2233 1022 2316 magis
1044 2254 1125 2316 pue·
1176 2233 1448 2316 praecedentibus
1475 2235 1603 2300 meritis
1631 2236 1701 2319 agi,
1736 2236 1904 2320 garrient?
1949 2237 2022 2301 Imo
2053 2236 2155 2303 seleo-

145 2324 213 2402 rile,
236 2345 338 2408 quam
359 2331 466 2387 totum
488 2322 641 2387 effectum
669 2320 754 2385 vello
781 2321 982 2404 restringere
1009 2318 1052 2383 ad
1073 2340 1125 2384 so·
1176 2319 1313 2386 11661616
1340 2320 1523 2403 quibusque
1550 2320 1666 2386 salutis
1694 2320 1849 2388 fiduciam
1877 2343 1974 2405 posse
2007 2330 2157 2387 constare
2284 2386 2288 2391 .

145 2410 214 2476 lum
236 2417 351 2475 actum
372 2405 573 2474 inchoandi?
618 2405 686 2473 Sed
707 2407 923 2490 inspiciamus
947 2405 1124 2487 paulisper,
1177 2414 1293 2489 negat,
1327 2406 1394 2470 nisi
1426 2405 1598 2472 recumbat
1626 2407 1661 2475 in
1689 2407 1815 2473 Christi
1842 2408 1993 2492 gratiam.
2038 2407 2158 2472 Fidem

146 2493 307 2580 numquid
329 2493 426 2559 Pauli
453 2494 556 2560 verba
583 2494 752 2575 patiantur
777 2502 846 2556 tam
873 2491 968 2556 facile
994 2512 1030 2556 se
1050 2511 1124 2574 per·
1176 2491 1281 2575 igitur
1309 2491 1433 2571 abolet,
1461 2493 1518 2575 qui
1545 2511 1614 2556 non
1640 2493 1761 2558 retinet
1788 2494 1874 2558 hano
1901 2495 2033 2559 unicam
2060 2493 2156 2559 iusti·
2232 2496 2234 2500 ”

146 2583 238 2648 verti
284 2579 516 2663 Evangelinm,
539 2579 654 2661 inquit,
676 2579 824 2661 potentia
845 2577 911 2643 Dei
933 2584 991 2653 est,
1015 2576 1051 2640 in
1072 2596 1124 2641 sa-
1178 2579 1260 2642 tiam
1287 2598 1392 2660 usquc
1421 2577 1463 2642 ad
1491 2586 1639 2643 mortem.
1689 2579 1916 2645 Iustificamnr
1944 2579 2064 2664 gratis,
2103 2580 2157 2644 in-

145 2668 248 2733 lutern
272 2667 362 2731 omni
383 2665 545 2732 credenti:
570 2665 704 2748 661616
726 2684 763 2728 66
786 2664 954 2728 revelatur
971 2664 1035 2728 Dei
1056 2663 1124 2727 ius·
1176 2664 1304 2746 quiunt,
1326 2663 1414 2746 quod
1437 2663 1528 2728 nulla
1547 2684 1655 2747 opera,
1677 2685 1760 2747 quae
1774 2664 2039 2730 iustificationem
2059 2686 2156 2747 prae·

145 2756 217 2819 titia
239 2775 281 2820 ex
300 2752 365 2817 fide
386 2753 422 2815 in
443 2751 542 2815 fidem
566 2750 677 2835 (Rom.
701 2755 727 2827 1,
750 2752 812 2830 16).
847 2748 932 2830 Quis
954 2748 1125 2813 nonvidet
1177 2746 1311 2828 cedant,
1342 2750 1448 2833 ipsam
1479 2758 1718 2831 promerentur.
1763 2752 1882 2833 Atqui,
1916 2749 1995 2815 dum
2027 2751 2156 2816 Paulus

145 2840 344 2923 principium
366 2846 400 2902 et
421 2838 520 2902 finem
545 2836 668 2919 pariter
689 2836 745 2901 1116
767 2834 956 2920 designari?
991 2834 1124 2916 Alioqui
1176 2835 1333 2901 Abrahae
1354 2834 1528 2899 materiam
1556 2833 1672 2900 adimit
1694 2834 1874 2920 gloriandi,
1903 2857 1941 2902 eo
1965 2836 2052 2919 quod
2073 2836 2156 2902 fides

146 2925 321 2994 dicendum
340 2934 427 2989 erat:
447 2923 501 2987 Ex
523 2923 588 2987 fide
609 2924 645 2986 in
657 2942 769 3004 opera:
793 2923 822 2986 si
833 2921 966 3003 quidem
987 2922 1123 3004 6611166-
1177 2921 1220 2986 611
1240 2920 1289 2985 1111
1310 2923 1473 3004 imputata
1495 2920 1537 2986 ad
1559 2921 1733 3000 iustitiam,
1760 2922 1963 3004 probationis
1984 2923 2055 2986 loco
2077 2943 2156 2987 mox

146 3024 218 3077 1661
235 3010 324 3096 quod
342 3010 425 3075 fides
440 3008 583 3074 inchoat.
619 3008 746 3073 Eodem
762 3008 1008 3073 facitHabacuc
1026 3010 1069 3089 (2,
1088 3005 1123 3091 4)
1148 2979 1152 3134 l
1177 3006 1322 3071 subiicit:
1350 3007 1407 3072 ubi
1436 3015 1515 3071 sunt
1542 3027 1658 3090 66616,
1690 3007 1759 3073 illic
1792 3007 1941 3073 debitum
1970 3008 2156 3090 praemium

146 3099 386 3163 testimonium:
408 3095 522 3160 Iustus
544 3115 586 3158 ex
608 3094 673 3159 fide
694 3095 843 3159 victurus
867 3098 1032 3172 [666167]
1056 3100 1123 3157 est:
1175 3093 1328 3174 rependi:
1362 3091 1440 3158 fidei
1467 3100 1579 3157 autem
1608 3092 1696 3175 quod
1723 3092 1836 3173 datur,
1869 3094 2050 3176 gratuitum
2083 3110 2156 3157 6666

146 3183 231 3267 611611
253 3182 433 3266 1166166116
462 3179 585 3246 dictum
607 3181 705 3256 foret,
734 3181 799 3245 nisi
822 3181 926 3245 vitam
948 3186 1124 3262 perpetua·
1148 3144 1152 3223 l
1177 3178 1288 3258 (Rom.
1308 3187 1337 3255 4,
1357 3180 1402 3263 4).
1447 3179 1609 3243 Νο166166
1630 3176 1671 3242 do
1698 3184 1811 3243 sancto
1838 3178 2028 3261 patriarcha
2055 3176 2158 3243 verba

146 3280 194 3336 161
213 3270 308 3336 fides.
363 3268 406 3332 In
428 3265 584 3331 Abrahae
606 3287 748 3349 persona
768 3266 893 3330 relucet
911 3264 1124 3351 praecipuum
1175 3264 1256 3328 1611.
1295 3264 1404 3347 Negat
1425 3264 1559 3341 Paulus,
1582 3284 1647 3346 quo
1669 3270 1816 3347 16166616
1836 3263 1961 3328 mundo
1984 3268 2059 3343 [pag.
2080 3268 2155 3343 189]

145 3355 387 3423 iustificationis
405 3353 585 3435 speculum,
631 3351 816 3417 Audiamus
836 3372 929 3435 6166,
953 3371 1016 3432 666
1039 3352 1122 3412 1661-
1176 3350 1442 3428 renunciaverat,
1470 3358 1508 3413 ut
1528 3371 1564 3414 66
1584 3357 1693 3414 161661
1713 3348 1780 3415 Dei
1801 3349 1956 3433 obsequio
1977 3349 2200 3428 addiceret.

145 3464 221 3526 pore
232 3440 317 3507 fides
328 3440 380 3505 illi
391 3439 433 3502 ad
443 3439 607 3503 iustitiam
618 3439 780 3520 imputata
791 3438 892 3502 fuisse
914 3435 1122 3518 praedicatur
1176 3434 1253 3499 ullis
1281 3434 1433 3518 operibus
1459 3434 1561 3500 1111666
1586 3435 1720 3500 iustum.
1765 3433 1804 3500 81
1833 3436 2001 3519 6116161661
2027 3435 2156 3499 adulte-

146 3528 244 3609 (Gen.
260 3534 309 3607 15,
323 3526 443 3606 63Gal.
457 3528 486 3603 3,
499 3525 543 3609 6).
562 3525 639 3588 Non
650 3531 722 3587 erat
732 3531 820 3588 certe
831 3523 988 3588 novitius:
1001 3520 1058 3585 sed
1071 3541 1123 3584 re·
1175 3521 1241 3585 rini
1267 3520 1323 3586 isti
1350 3529 1476 3604 patres,
1512 3527 1593 3587 tnnc
1620 3520 1755 3586 demum
1789 3522 1934 3605 coepisse
1965 3521 2155 3588 iustificari:

144 3613 219 3682 licta
237 3614 357 3699 patria,
379 3615 445 3678 iam
467 3632 571 3676 annos
594 3609 777 3691 complures
799 3608 982 3672 Dominum
1004 3627 1124 3688 666611-
1176 3614 1288 3689 666116
1312 3607 1474 3672 refellitur
1496 3607 1558 3671 hoc
1578 3606 1735 3673 cavillum
1764 3628 1876 3674 sacrae
1898 3607 2056 3672 historiae
2078 3627 2155 3673 con-

146 3706 306 3766 mearat:
336 3707 373 3763 111
395 3704 483 3764 66661
503 3718 570 3760 666
592 3695 730 3779 vulgare
753 3695 937 3760 sanctitatis
959 3693 1123 3758 omnium·
1175 3698 1279 3756 textu.
1324 3693 1442 3758 Multis
1473 3693 1562 3757 enim
1591 3693 1686 3758 annis
1714 3714 1750 3759 66
1777 3700 1970 3759 exercuerat
1990 3694 2026 3757 in
2049 3693 2156 3776 quoti-

147 3807 206 3868 qne
227 3787 390 3853 virtutum
421 3782 597 3864 exempla-r.
643 3781 717 3845 Non
745 3801 824 3866 6166
850 3780 977 3845 aditum
1001 3778 1051 3842 illi
1081 3779 1123 3843 ad
1176 3777 1274 3843 diana
1296 3779 1360 3843 Dei
1382 3779 1602 3857 invocatione,
1632 3788 1666 3844 61
1686 3778 1752 3843 Dei
1774 3781 1980 3846 vocationem
2003 3788 2156 3844 constan·

146 3871 304 3938 iustitiam
325 3871 481 3953 patefacit
502 3868 598 3945 fides,
621 3875 658 3932 ut
680 3867 810 3932 aliunde
833 3873 946 3950 postea
967 3865 1123 3931 iustifica-
1174 3870 1226 3929 ter
1248 3871 1407 3947 sequutus
1428 3873 1515 3942 erat,
1542 3865 1579 3928 in
1601 3885 1667 3947 qua
1689 3866 1777 3930 vitae
1804 3873 1959 3931 66161666
1980 3863 2156 3948 promissio

147 3957 189 4022 tic
210 3957 425 4040 compleatur.
470 3956 516 4019 Et
544 3954 676 4018 tandem
704 3953 870 4020 concludit
891 3951 1031 4029 Paulus,
1060 3971 1123 4016 nos
1175 3951 1413 4034 continebatur.
1458 3950 1577 4015 Nonne
1599 3972 1678 4034 ergo
1700 3958 1751 4016 ter
1772 3953 1860 4017 caeci
1877 3950 2044 4016 iudicandi
2065 3956 2154 4026 66111,

147 4050 230 4109 stare
248 4044 284 4107 in
296 4042 463 4126 cagratia,
487 4061 584 4123 quarn
595 4039 659 4104 fide
671 4041 864 4122 consequuti
883 4060 998 4103 sumus
1010 4038 1121 4120 (Rom.
1176 4037 1232 4119 661
1253 4038 1431 4120 gratuitam
1448 4034 1514 4100 Dei
1530 4036 1692 4101 iustitiam
1713 4057 1781 4102 non
1799 4036 1922 4113 vident,
1944 4036 2007 4100 nisi
2028 4033 2155 4116 inipso

150 4134 175 4209 5,
194 4130 238 4214 1).
284 4127 458 4210 Quantum
479 4127 581 4192 distat
598 4128 665 4190 fixa
686 4136 719 4189 61
739 4128 876 4189 immota
896 4124 993 4189 statio
1015 4143 1122 4186 amc-
1176 4121 1359 4188 vestibulo?
1388 4142 1529 4205 regnare
1557 4128 1669 4187 autem
1696 4121 1732 4186 in
1760 4123 1833 4205 ipso
1863 4120 2011 4186 aedificio
2033 4124 2155 4202 putant

147 4223 318 4280 mentanco
346 4215 502 4290 transitu,
535 4219 665 4276 tantum
693 4231 713 4274 a
740 4212 837 4276 Pauli
864 4231 963 4274 sensu
999 4208 1124 4272 distant
1176 4226 1313 4290 operum
1337 4206 1477 4272 merita?
1521 4208 1649 4272 Verum
1676 4208 1847 4272 attendere
1873 4205 2043 4284 convenit,
2073 4224 2154 4287 qua·

148 4299 182 4365 16
200 4322 262 4367 6116
289 4302 355 4365 1616
381 4299 543 4383 dogmate.
589 4295 715 4362 Omnes
743 4297 923 4378 scripturae
945 4294 1035 4360 locos
1057 4293 1122 4357 col-
1176 4292 1241 4357 lem
1274 4302 1342 4357 tam
1371 4313 1500 4358 crassae
1528 4293 1692 4377 impietati
1719 4294 1832 4358 fucum
1864 4290 2032 4357 inducant.
2077 4289 2153 4354 Hoc
2219 4302 2222 4307 '

148 4384 262 4471 116616,
299 4395 333 4451 61
366 4386 501 4470 1666661
540 4392 641 4460 66661,
675 4392 709 4446 61
735 4400 984 4465 supervacuum.
1030 4377 1122 4444 86116
1175 4379 1298 4461 661666
1318 4378 1417 4443 modo
1439 4379 1643 4444 satisfactum
1668 4379 1892 4461 pronunciant
1913 4376 2053 4461 apostoli
2076 4396 2154 4440 sen·

150 4473 277 4555 quidem
312 4492 477 4556 superque
511 4492 553 4537 ex
579 4469 632 4533 his
667 4467 781 4551 paucis
815 4468 938 4550 liquere
971 4464 1121 4543 arbitror,
1175 4464 1313 4529 tentiae:
1338 4463 1377 4529 Si
1399 4485 1440 4528 ex
1462 4465 1585 4549 gratia,
1613 4484 1692 4548 6166
1713 4485 1780 4528 666
1801 4486 1843 4528 ex
1864 4463 2017 4546 operibus
2039 4462 2152 4545 (11616.

149 4578 212 4623 666
238 4559 354 4623 161666
382 4557 527 4622 1661111116
560 4553 838 4637 complementum
865 4571 964 4636 quam
991 4550 1124 4614 initium
1179 4553 1227 4627 11,
1249 4549 1293 4634 6).
1338 4550 1443 4632 Atqui
1463 4551 1605 4629 Paulus,
1632 4548 1719 4632 quod
1747 4549 1856 4614 salvae
1883 4551 1970 4614 fiunt
1994 4547 2154 4631 reliquiae

150 4644 220 4710 11161
242 4643 456 4710 tribuendum
477 4663 557 4707 6666.
1177 4636 1286 4717 (Rom.
1307 4640 1336 4716 9,
1356 4639 1423 4718 21),
1446 4644 1479 4701 61
1499 4637 1541 4701 ab
1563 4637 1689 4701 aeterni
1710 4635 1804 4700 exitii
1825 4635 1973 4717 periculo
1993 4631 2155 4699 mirabili·

230 4728 424 4797 Secundum
445 4727 631 4792 membrum
652 4734 712 4804 cst,
735 4723 914 4810 gratuitam
935 4722 1124 4787 1116616611-
1176 4727 1228 4785 ter
1250 4723 1353 4787 aDoo
1375 4730 1613 4788 conservantur
1621 4742 1727 4803 nsque
1748 4721 1783 4784 in
1800 4721 1910 4799 finem,
1928 4719 1963 4786 id
1981 4726 2153 4803 acceptum

153 4813 333 4881 ficationem
360 4816 472 4881 vocari
506 4812 668 4889 aPaulo‚
703 4809 938 4894 quianullum
969 4808 1124 4873 meritum
1175 4808 1278 4872 refert
1304 4809 1368 4872 Dei
1394 4809 1529 4891 gratiae.
1573 4807 1719 4872 Multum
1746 4807 1981 4891 igitnrabest,
2010 4807 2090 4889 quin
2111 4803 2154 4870 ad

155 4901 331 4981 praecedat
377 4899 589 4984 Quid-crgo?
619 4919 721 4982 quum
742 4896 831 4962 idem
853 4894 980 4962 Paulus
1003 4893 1125 4960 clamat
1176 4893 1341 5044 tanttrqllam
1362 4894 1556 4976 portionem,
1578 4892 1640 4959 hoc
1662 4899 1722 4973 661,
1751 4892 1793 4959 ad
1814 4892 1921 4959 solum
1943 4892 2151 4976 principium,

1174 5000 1228 5045 res
1298 4985 1364 5063 gat

158 5080 352 5092 “““·-“
1263 5064 1456 5130 Absurdum
1466 5062 1598 5146 quidem
1608 5064 1690 5129 illud
1701 5063 1867 5131 delirium:
1882 5064 1939 5130 sed
1956 5062 2152 5128 1166611616-

219 5174 247 5235 11
265 5173 348 5228 Libro
367 5172 400 5226 de
420 5173 591 5242 correptione
609 5177 637 5224 ct
654 5171 742 5239 gratia
759 5184 819 5238 cap.
836 5167 861 5223 8.
1177 5172 1259 5217 num
1270 5150 1438 5234 aliquanto
1461 5151 1612 5230 crassius,
1635 5150 1721 5234 quod
1743 5171 1858 5217 eorum
1881 5150 2042 5234 opinione,
2064 5146 2153 5212 nihil
