4620 5894
891 264 894 268 -
935 218 1304 287 PROIAEGOMENA.
2003 226 2130 294 XXIX

269 407 357 473 Mire
377 408 481 492 igitur
501 407 628 473 fallitur
648 408 738 475 Besa
758 409 815 492 qui
838 408 920 474 duos
945 407 1077 474 (lalvini
1104 408 1303 495 libellosad
1330 409 1463 477 comitia
1491 407 1663 493 Spirensis
1690 412 1894 496 pertinentes
1922 413 1986 479 alio
2015 413 2130 482 ordine

112 526 275 598 recenset,
296 519 365 585 imo
385 520 519 584 omnino
541 520 727 586 confudisse
748 519 889 587 videtur.
923 518 981 586 Sic
1002 521 1091 585 enim
1112 519 1227 586 scribit
1247 522 1282 587 in
1294 521 1375 586 Vita
1397 520 1539 602 Caluini,
1561 531 1734 606 postquam
1756 523 1797 590 de
1818 525 1917 590 Pauli
1938 525 2003 590 ΠΙ.
2025 526 2130 594 literis

113 631 319 696 mentionem
339 630 432 697 fecit:
458 629 609 697 Carinas
625 637 738 711 antem,
759 633 842 714 qaod
858 634 894 697 in
911 632 955 697 iis
971 632 1074 696 literis
1087 633 1228 715 praviter
1247 633 1334 698 laesa
1351 639 1419 698 erat
1435 634 1587 717 evanpelir'
1604 637 1721 702 ceritas
1732 638 1922 719 pictamque
1943 638 2128 720 incessentia,

113 740 282 823 Parmae
309 742 479 808 andaciam
506 743 661 824 repressit.
707 741 850 808 liberans
874 749 942 808 tum
971 742 1086 825 Spirae
1111 749 1215 808 meaa
1241 743 1369 825 imperti
1395 745 1534 810 comata:
1566 766 1631 827 qna
1657 753 1783 828 accepta
1807 750 1962 814 occasione
1988 748 2127 815 libellam

110 852 212 920 edidit
236 853 275 918 de
302 854 480 919 necessitate
505 853 724 936 resornmndae
750 855 893 921 maestae
920 862 1014 920 caett.
1059 855 1134 921 Iam
1156 853 1357 921 Oolladonus
1384 858 1619 922 accuratiorem
1649 859 1820 943 utriusque
1842 861 1956 943 scripti
1977 861 2129 927 notitiam

110 965 148 1031 in
167 985 248 1031 suas
269 963 408 1030 schedas
429 963 551 1043 retulit,
573 985 680 1048 neque
702 972 814 1031 tamen
836 987 906 1030 rem
928 965 970 1031 ad
991 967 1152 1050 liquidum
1173 966 1344 1050 perduxit:
1387 968 1479 1033 L'an
1509 973 1600 1034 1544
1634 966 1835 1056 [imolare]
1869 971 1895 1036 it
1915 992 2060 1056 composa
2080 994 2128 1039 nn

111 1076 224 1143 troiae
235 1074 289 1143 De
309 1075 342 1142 la
364 1075 509 1142 necessat
529 1075 567 1141 de
588 1077 739 1158 reformor
761 1076 901 1160 l’Eple'se,
921 1079 1000 1160 fatet
1014 1099 1081 1159 par
1100 1078 1199 1159 feroce
1220 1078 1258 1143 de
1278 1080 1487 1161 supplicatim
1507 1081 1528 1145 a
1551 1081 1750 1162 l’Emperear
1770 1080 1902 1149 oneras
1923 1085 2123 1166 cinqniesme,

109 1186 261 1254 maan
280 1207 349 1252 arca
372 1186 507 1254 Princes
527 1193 556 1252 et
576 1186 689 1254 Estote
709 1190 747 1255 de
768 1187 925 1270 l’Empe're
950 1189 1117 1256 assemblea
1144 1191 1209 1256 lars
1230 1211 1268 1255 en
1296 1190 1328 1255 la
1355 1192 1428 1258 ville
1449 1193 1486 1258 de
1510 1191 1611 1274 Spire.
1655 1193 1761 1258 Anasi
1775 1212 1893 1275 pcnrce
1913 1215 1971 1276 qne
1993 1197 2021 1262 le
2036 1216 2126 1278 pape

111 1297 434 1366 rauracense
460 1301 546 1384 cipri
567 1321 635 1382 par
661 1321 724 1366 ane
749 1303 864 1382 epirtre
891 1307 918 1367 et
945 1303 1028 1366 accit
1048 1302 1121 1368 nce
1139 1323 1196 1367 san
1217 1304 1308 1367 centn
1328 1309 1429 1369 contre
1449 1303 1662 1386 PEmperenr,
1686 1304 1724 1370 de
1744 1324 1777 1370 ce
1797 1324 1874 1386 qne,
1895 1307 2022 1372 roulant
2044 1308 2127 1373 tenir

107 1410 332 1496 rammam
358 1432 396 1478 en
413 1413 500 1492 aaa
525 1412 644 1478 dmoni
669 1413 701 1478 la
721 1433 834 1496 paerre
860 1418 942 1478 entre
971 1413 1026 1496 lay
1051 1419 1078 1478 et
1104 1413 1132 1478 le
1161 1413 1231 1496 Ray
1257 1414 1294 1478 de
1324 1414 1461 1495 Franco,
1495 1415 1520 1480 il
1551 1417 1636 1482 acca
1667 1416 1802 1482 erasnm
1828 1415 1849 1479 ὰ
1878 1415 1972 1498 Spire
2003 1439 2063 1500 qne
2090 1441 2125 1485 ce

100 1523 248 1606 pendent
274 1523 321 1589 les
348 1520 531 1590 Racstans
557 1524 804 1609 daneareropcnt
830 1546 869 1590 en
896 1525 1069 1591 terreant
1101 1531 1129 1590 et
1161 1530 1252 1607 qn'on
1285 1528 1490 1593 n’r'nnereroit
1520 1528 1592 1592 rien
1623 1533 1724 1593 conae
1755 1548 1833 1607 aas,
1867 1528 1953 1593 mais
1984 1529 2059 1611 qn'd
2091 1529 2125 1596 la

102 1636 262 1720 pronam
282 1634 464 1701 mammae
490 1635 516 1700 a
541 1635 636 1717 serait
662 1638 742 1702 tenrir
768 1658 813 1702 an
839 1638 951 1704 moade
971 1658 1058 1719 pour
1084 1636 1241 1704 recantare
1267 1638 1322 1703 des
1348 1639 1481 1721 affaires
1512 1639 1550 1704 de
1578 1639 1611 1705 la
1639 1639 1791 1723 reb'pr'on:
1837 1637 1951 1706 Calain
1984 1661 2127 1722 composa

108 1748 263 1815 certatam
284 1746 494 1812 Amcetotions
514 1768 573 1814 sar
596 1747 870 1815 Padoertc’ssement
889 1750 1035 1833 paternel
1055 1749 1100 1814 aa
1123 1747 1212 1830 Papo
1233 1749 1254 1813 a
1276 1748 1489 1832 PEmpereur,
1512 1751 1662 1832 esquelles
1684 1752 1710 1816 il
1731 1755 1866 1816 mansne
1887 1750 1915 1815 le
1935 1753 2040 1834 prona
2061 1741 2137 1818 aele'

109 1859 152 1925 dn
175 1858 280 1942 Papo,
310 1863 340 1925 et
366 1865 515 1925 comment
539 1860 566 1925 r'l
586 1880 625 1925 ne
651 1861 802 1926 demanck
829 1881 888 1942 qne
912 1860 1092 1941 cmfnsions
1118 1862 1288 1926 contraires
1310 1861 1331 1924 ὰ
1353 1861 1386 1927 la
1403 1861 1524 1943 parcite
1550 1862 1588 1927 de
1608 1862 1710 1942 Dion,
1744 1868 1774 1928 et
1794 1864 1907 1929 d'oster
1928 1867 2010 1928 aaa
2029 1862 2127 1928 bonne

107 1970 308 2053 aananllitt
328 1971 444 2037 dodra
464 1971 510 2036 les
530 1970 674 2053 bmnmes,
696 1971 887 2054 mesprisant
909 1972 1088 2038 c'aamorat
1104 1992 1163 2054 qna
1183 1972 1271 2038 Dian
1292 1973 1392 2039 danne
1412 1995 1480 2039 aaa
1500 1973 1692 2056 mapistrata,
1724 1980 1751 2038 et
1773 1974 1911 2040 trissant
1933 1994 1966 2040 ce
1983 1975 2126 2056 pendam

110 2083 209 2150 Rotae
230 2088 311 2150 estre
332 2083 490 2149 masere
512 2082 620 2163 Bane,
642 2090 728 2151 etse
750 2104 824 2150 conr
845 2084 1035 2167 apostolique
1049 2083 1183 2168 plonpte
1204 2105 1242 2149 en
1263 2089 1327 2149 tout
1348 2084 1578 2152 desbordement
1599 2085 1636 2150 de
1656 2087 1747 2151 vices.

265 2195 382 2280 Neque
408 2194 592 2262 audiendus
619 2196 657 2262 P.
681 2195 800 2282 Henry
828 2196 923 2281 (Vita
945 2195 1079 2262 Oalvini
1107 2197 1143 2262 Τ.
1167 2196 1212 2261 Π.
1241 2218 1272 2280 p.
1296 2199 1369 2276 270,
1393 2197 1471 2281 279)
1498 2199 1555 2281 qui
1576 2197 1685 2262 Besae
1707 2198 1930 2262 narrationem
1953 2198 2000 2263 ita
2020 2197 2124 2262 inter·

108 2316 261 2392 pretatur
288 2316 328 2372 ut
353 2328 390 2373 re
418 2327 499 2372 vera
526 2306 566 2374 de
593 2307 719 2374 duobus
746 2308 888 2375 diversis
916 2309 1046 2391 scriptis
1075 2329 1151 2373 cum
1173 2306 1274 2374 verba
1294 2309 1410 2375 fecisse
1431 2309 1618 2391 perhibeat,
1647 2308 1705 2375 sed
1725 2310 1859 2375 inverso
1881 2308 1996 2374 ordine
2017 2308 2123 2374 editis.

108 2418 184 2504 Ipse
211 2419 340 2487 scilicet
366 2417 502 2487 Scholia
528 2419 570 2484 ad
597 2419 709 2504 Papae
737 2418 1004 2486 Admonitionem
1033 2421 1139 2503 primo
1167 2420 1239 2487 loce
1265 2421 1373 2504 ponit,
1403 2421 1547 2487 secundo
1568 2420 1844 2487 Exhortationem
1871 2420 1913 2485 ad
1936 2419 2123 2500 ansarem,

108 2552 208 2617 quam
231 2530 348 2597 eodem
368 2531 437 2597 lere
460 2537 606 2614 tempore
628 2534 784 2616 scriptam
807 2531 984 2599 contendit.
1030 2529 1129 2613 Quod
1150 2553 1230 2598 sane
1249 2532 1301 2600 vir
1322 2533 1443 2616 alioqui
1462 2534 1695 2600 meritissimus
1716 2553 1784 2598 non
1806 2531 1952 2612 dixisset,
1975 2533 2003 2597 si
2025 2531 2124 2597 editio

108 2645 283 2728 utriusque
308 2643 413 2710 libelli
440 2645 594 2728 princeps
622 2644 653 2708 ei
683 2643 724 2710 ad
752 2665 870 2710 manus
899 2644 1031 2721 fuisset3
1066 2654 1136 2707 tum
1166 2645 1253 2708 enim
1283 2665 1350 2708 non
1379 2645 1510 2727 utrique
1538 2666 1664 2716 annum
1694 2643 1835 2709 eundem
1864 2643 2010 2709 natalem
2045 2647 2124 2706 1544
2230 2705 2232 2710 ,

108 2757 322 2841 maignasset,
342 2776 461 2838 nempe
483 2777 547 2840 quo
568 2757 700 2823 comitia
721 2755 893 2840 Spirensis
913 2763 988 2822 acta
1009 2766 1102 2834 sunt,
1125 2777 1242 2821 verum
1266 2755 1362 2821 alteri
1384 2777 1508 2821 annum
1534 2761 1625 2835 1543,
1649 2756 1746 2821 alteri
1763 2755 1840 2840 huic
1858 2763 1969 2820 nostro
1991 2759 2082 2819 1545.

263 2867 436 2933 Pontificis
463 2867 612 2953 Epistola
634 2867 676 2933 ad
698 2867 873 2935 Caesarem
901 2868 1032 2951 saepius
1059 2889 1079 2932 a
1109 2866 1248 2933 disemis
1277 2867 1489 2951 scriptoribus
1518 2866 1607 2932 edita
1634 2877 1698 2946 est,
1733 2874 1801 2932 tam
1830 2865 1997 2933 catholicis
2026 2885 2126 2950 quam

106 2977 379 3064 protestantibus,
401 3000 541 3064 quorum
563 2980 700 3046 nomina
721 2986 871 3046 recenset
892 2977 1040 3045 Sleidani
1061 2977 1167 3044 editor
1185 2978 1258 3045 ¹loco
1280 2978 1533 3062 supralaudato
1555 2999 1628 3064 pag.
1651 2982 1724 3044 357.
1770 2977 1883 3044 Semel
1900 2985 2032 3044 tantum
2050 2998 2126 3045 eum

10 3082 20 3115 ⁸
108 3089 243 3158 Oalvini
275 3090 409 3158 scholiis
442 3093 619 3176 separatim
653 3113 774 3158 excusa
806 3091 884 3170 hrit,
917 3092 1010 3156 cuius
1044 3090 1196 3157 editionis
1229 3091 1381 3172 unicum
1420 3090 1508 3174 quod
1539 3091 1634 3157 nobis
1667 3088 1797 3175 quidem
1832 3087 1945 3155 ridere
1978 3089 2124 3173 contigit,

108 3202 339 3287 exemplaris
367 3201 530 3269 ditissima
556 3202 821 3288 Guelferbytane
846 3201 1044 3269 bibliotheca
1073 3208 1192 3268 exstat.
1237 3202 1311 3270 Hoe
1333 3201 1427 3268 nohis
1449 3224 1470 3267 a
1491 3202 1563 3268 viro
1592 3201 1771 3268 clarissimo
1794 3200 1831 3266 O.
1850 3201 1890 3265 L.
1914 3200 2125 3265 Bethmanno

108 3311 149 3378 ad
169 3321 305 3398 tempus
326 3333 518 3381 eoncessum
538 3323 669 3382 nostrae
690 3315 843 3382 editionis
864 3314 1116 3381 fundamentum
1137 3315 1282 3380 fecimus.
1328 3314 1460 3380 Titulus
1482 3320 1547 3379 est:

264 3454 533 3542 ADMONl-
550 3453 555 3568 l
572 3468 651 3536 ulo
673 3469 894 3537 PATERNA
914 3472 919 3553 Ι
937 3477 1049 3534 raum
1066 3477 1117 3533 m.
1138 3477 1283 3533 nonnul
1311 3456 1316 3560 Ι
1343 3451 1541 3571 Pontificio
1559 3454 1617 3545 ad
1635 3453 1822 3545 inuictipp
1850 3446 1948 3546 Cap.
1968 3454 1971 3559 l
1988 3475 2124 3544 parem

109 3578 293 3676 Cmcmm
328 3579 368 3676 V,
397 3585 403 3688 Ι
654 3600 658 3682 Ι
680 3608 754 3678 ovs
771 3608 852 3664 uva
871 3607 1057 3677 assuero,
1083 3600 1087 3681 Ι
1111 3597 1193 3679 qaod
1213 3617 1247 3662 se
1269 3596 1461 3662 maanes
1477 3596 1660 3677 praebeat
1680 3598 1778 3661 asma
1793 3597 1844 3679 fa
1863 3595 1868 3682 Ι
1888 3597 1993 3663 caea:
2015 3596 2126 3662 canae

22 3696 26 3701 .
107 3710 185 3792 qnod
216 3712 286 3776 aa
306 3711 343 3776 in
374 3710 506 3794 mpereda
537 3730 627 3794 syna
656 3717 661 3793 l
690 3711 745 3790 dc,
776 3716 842 3775 tmn
867 3711 901 3775 r'n
928 3709 1114 3790 definmndr's
1137 3709 1214 3790 fidei
1240 3710 1458 3789 conbanerse’js
1487 3712 1494 3794 Ι
1521 3708 1645 3790 almam
1667 3709 1832 3791 potestatis
1853 3707 1916 3773 ,ppt
1937 3728 2047 3791 W
2088 3709 2094 3722 ·
2107 3707 2122 3778 J

350 3819 480 3938 lcum
501 3823 719 3944 Sontas!
962 3819 1103 3905 latu.
1125 3819 1233 3886 xer

265 3968 391 4035 Forma
412 3970 580 4046 octonaria
595 3970 713 4035 minor.
758 3967 1001 4050 Quatomiones
1028 3989 1087 4033 sex
1114 3967 1270 4052 (ri—F).
1315 3967 1396 4051 Peg.
1421 3970 1439 4030 3
1462 3965 1584 4050 legitur
1605 3964 1866 4048 praefatiuncula
1887 3963 1929 4029 ad
1950 3965 2123 4044 lectorem;

113 4102 180 4168 pag.
206 4089 227 4146 4
250 4090 287 4148 et
309 4085 338 4147 5.
383 4079 527 4148 Status
554 4100 698 4147 causae
720 4081 778 4165 qui
807 4081 936 4159 dicitur,
958 4081 1028 4145 sive
1050 4082 1304 4164 Argumentum.
1348 4079 1429 4163 Pag.
1453 4082 1564 4142 6-41
1590 4077 1755 4161 descripta
1776 4076 1952 4142 exhibetur
1973 4074 2125 4158 Epistola

114 4192 206 4260 Pauli
228 4193 273 4261 ad
292 4192 542 4278 Imperatorem,
565 4193 607 4259 ad
629 4194 723 4260 cuius
744 4192 929 4277 marginem
950 4192 1089 4276 appositi
1110 4203 1188 4257 sunt
1205 4192 1328 4274 passim
1345 4190 1475 4255 numeri
1497 4189 1645 4275 (1-47),
1668 4210 1724 4254 eas
1741 4187 1907 4273 pontificis
1925 4187 2125 4254 assertiones

116 4315 277 4385 comtes,
311 4327 393 4390 quas
426 4305 546 4371 Noster
576 4305 720 4370 maxime
751 4302 995 4388 impugnandas
1028 4301 1089 4368 sibi
1123 4302 1254 4387 delegit.
1300 4301 1459 4385 Sequitur
1490 4303 1527 4366 in
1558 4300 1636 4366 folio
1668 4299 1827 4382 peculiari
1855 4320 1922 4363 non
1950 4306 2124 4364 numerato

118 4418 224 4484 h'tulus
253 4437 375 4484 novus:
422 4418 722 4483 annotationes
750 4415 1004 4481 utilissimae
1032 4414 1074 4478 in
1102 4414 1336 4479 beatissimi
1364 4413 1486 4478 Pauli
1513 4411 1577 4478 111.
1606 4412 1723 4477 Pont.
1752 4410 1853 4474 Max.
1881 4409 2122 4492 Epistolam.

120 4526 206 4610 Quae
225 4531 472 4609 annotationes,
500 4530 571 4595 sive
592 4539 631 4594 ut
651 4529 800 4612 sequenti
821 4526 943 4610 pagina
964 4525 1118 4592 dicuntur
1143 4523 1311 4591 Scholia
1332 4533 1495 4609 occupant
1515 4523 1653 4607 paginas
1675 4525 1803 4586 43-86
1833 4521 1919 4606 (sive
1941 4520 2048 4604 potius
2071 4525 2123 4600 84,

121 4660 213 4722 quum
233 4641 409 4728 typotheta
430 4640 591 4709 erraverit
612 4641 649 4706 in
671 4639 874 4724 apponendis
896 4636 1068 4720 numeris).
1112 4636 1234 4702 Finem
1254 4636 1334 4702 facit
1354 4635 1586 4709 Conclusio,
1618 4648 1758 4717 quatuor
1781 4632 1979 4717 paginarum
2001 4632 2124 4715 absque

123 4755 266 4819 numefis.
312 4753 453 4837 Reliqua
473 4754 541 4819 tria
561 4753 671 4818 ultimi
692 4752 915 4836 quaternionis
936 4749 1015 4815 folia
1034 4750 1069 4813 in
1092 4747 1182 4813 albis.
1227 4748 1393 4813 Praefatio
1415 4754 1450 4813 et
1471 4745 1646 4811 Conclusio
1672 4745 1762 4829 typis
1784 4743 1923 4810 cursivis
1944 4743 2122 4809 maioribus

125 4880 288 4947 expressae
308 4873 397 4944 sunt,
419 4862 556 4931 Scholia
576 4865 773 4943 minoribus;
794 4862 945 4946 Epistola
964 4861 1037 4945 ipsa
1056 4859 1145 4945 typis
1166 4859 1320 4925 romanis.
1364 4859 1494 4925 calvini
1517 4877 1638 4922 nomeu
1659 4877 1822 4940 nusquam
1845 4862 1981 4938 apparet
2002 4856 2036 4919 in
2054 4861 2124 4920 toto

127 4973 290 5055 solumina,
313 4997 417 5061 neque
438 4976 544 5042 ullum
565 4977 627 5043 loci
649 4977 702 5042 vel
723 4973 923 5061 typographi
944 4973 1121 5056 vestigium
1140 4980 1198 5036 aut
1218 4969 1389 5036 emblema.

269 5087 434 5154 Reousum
455 5097 505 5154 est
526 5089 590 5154 hoc
612 5088 804 5172 opusculum
827 5084 942 5150 ordine
963 5105 1075 5150 rerum
1097 5103 1164 5148 non
1181 5088 1308 5147 mutato
1325 5081 1413 5165 apud
1431 5079 1617 5147 Gallesium
1634 5101 1664 5164 p.
1685 5082 1872 5158 352-379;
1894 5075 1981 5161 apud
1999 5078 2122 5143 Boram
