4620 5894
151 236 217 299 319
903 227 1155 297 ADVERSUS
1175 229 1213 294 P.
1238 227 1417 297 CAROLI
2103 235 2170 298 320

146 424 245 489 minis
271 421 441 507 praeludia
467 423 515 488 ita
543 442 618 489 eum
641 419 758 485 Vireto
785 425 910 505 egerat:
940 418 1026 483 'l'um
1047 416 1130 482 mihi
1181 426 1267 496 tum,
1300 424 1368 484 tres
1395 418 1431 482 in
1464 440 1533 484 una
1562 419 1626 484 Dei
1654 419 1797 485 essentia
1832 419 2028 504 hypostases
2056 426 2155 505 atque

146 518 298 592 suspeota
320 528 392 574 esse
413 507 542 575 desinet
563 514 621 571 tua
646 504 744 585 fides,
773 526 875 588 quum
897 502 1004 570 tribus
1027 500 1128 589 Sym·
1180 504 1408 571 subsistentias
1437 525 1508 570 esse
1535 505 1668 582 asserit,
1699 525 1782 588 quae
1805 503 1931 571 Christi
1959 511 1993 572 ot
2019 506 2159 589 spiritus

146 595 229 661 bolis
258 593 501 678 subseripseris.
558 591 633 674 Quo
670 591 795 658 soilieet
826 591 929 657 verbo
960 590 1127 669 innuebat,
1181 589 1390 656 divinitatem
1411 597 1461 655 tot
1481 590 1656 655 lueulentis
1679 591 1793 675 elogiis
1811 589 1993 674 praedieat;
2016 614 2162 673 rursum,

146 690 334 765 suspeetam
362 702 398 745 so
425 680 460 744 in
487 678 706 762 praeteritum
734 684 865 760 tempus
898 675 984 742 velle
1009 676 1126 742 faeere.
1180 696 1264 759 quae
1287 676 1327 742 de
1349 676 1514 761 personali
1536 675 1746 742 distinetione
1769 678 1816 743 sio
1839 676 1986 757 disserit,
2014 685 2051 742 ιιι
2072 678 2161 744 nihil

145 766 187 833 Id
221 788 319 851 porro
352 788 394 831 ne
422 766 476 832 oui
505 764 644 830 dubium
666 764 723 840 sit,
750 762 918 828 luoulento
941 761 1128 827 testimonio
1180 761 1445 846 ampliusasano
1455 762 1589 827 homine
1606 761 1786 829 desiderari
1805 773 1909 846 queat.
1945 763 1992 828 At
2005 763 2167 831 Carolum

146 851 415 937 eomprobarunt,
438 849 520 916 dum
541 849 752 916 Helvetioam
773 849 1025 926 eonfessionem,
1054 847 1129 913 abs·
1181 847 1268 914 male
1290 847 1390 914 habet
1417 847 1504 932 quod
1532 868 1600 913 non
1624 848 1803 914 tribuerint
1823 848 1991 928 Farellus,
2021 848 2163 918 Viretus

145 961 209 1023 que
230 960 325 1005 mora
346 946 406 1004 aut
427 936 664 1016 eontroversia,
686 956 796 1002 eoram
817 937 889 1018 ipso
911 933 1030 1000 Carolo
1053 940 1131 999 sunt
1181 942 1215 999 et
1235 934 1394 1000 Calvinus
1416 943 1571 999 naturam
1592 934 1827 1001 subsistentem
1845 935 1946 1002 verbo
1964 942 1998 1001 et
2020 936 2164 1019 spiritui.

146 1025 300 1110 amplexi.
352 1023 455 1090 Cuius
487 1023 550 1088 hoe
578 1029 629 1088 est
654 1023 809 1105 quintum
835 1026 946 1103 eaput:
975 1020 1029 1085 De
1057 1020 1129 1085 Deo
1181 1018 1286 1102 Quasi
1308 1041 1473 1087 veronen
1496 1020 1558 1086 hoo
1584 1041 1712 1104 quoque
1734 1020 1866 1087 disertis
1893 1020 2005 1087 verbis
2026 1021 2062 1086 in
2085 1041 2165 1088 oon·

145 1111 194 1177 sio
216 1111 391 1179 sentimus:
421 1109 534 1177 Unum
556 1109 714 1187 essentia,
736 1107 863 1172 trinum
884 1106 1043 1190 personis,
1067 1113 1126 1172 eto.
1179 1106 1320 1172 fossione
1341 1107 1384 1171 sit
1405 1126 1608 1190 expressum,
1631 1107 1688 1172 ubi
1708 1106 1858 1186 habetur,
1881 1106 2055 1173 Christum
2073 1108 2159 1173 dua·

144 1197 216 1263 Noe
246 1195 337 1263 aliud
362 1196 468 1262 refero
495 1215 594 1279 quam
621 1192 710 1277 quod
738 1192 878 1277 publieis
907 1192 987 1258 eatis
1015 1192 1128 1257 euriae
1181 1192 1241 1257 bus
1264 1200 1413 1258 eonstare
1436 1193 1573 1270 naturis,
1597 1193 1675 1276 quia
1687 1193 1826 1258 verbum
1847 1193 1890 1259 sit
1907 1215 1950 1258 ex
1970 1200 2065 1276 patre
2083 1201 2164 1261 ante

144 1283 327 1349 Bernensis
361 1283 592 1366 oonsignatum
624 1287 684 1345 est.
739 1280 786 1343 lit
818 1300 884 1343 non
916 1278 1020 1345 multo
1054 1285 1129 1361 post
1180 1279 1311 1344 saecula
1332 1279 1481 1362 genitum
1503 1285 1537 1344 et
1556 1279 1738 1343 humanam
1760 1285 1916 1344 naturam
1934 1278 2032 1344 homo
2054 1280 2163 1347 faetrrs

144 1375 302 1452 tempore,
325 1368 398 1451 quis
420 1374 507 1433 esset
527 1367 666 1431 interior
688 1366 788 1430 animi
810 1364 862 1430 sui
884 1384 1015 1442 sensus,
1040 1361 1130 1447 apud
1179 1363 1325 1431 induerit
1332 1388 1341 1445 ;
1363 1364 1444 1430 item
1466 1365 1560 1431 verbi
1581 1365 1800 1448 appellatione
1821 1384 1891 1429 non
1911 1364 2166 1451 intelligendam

144 1455 300 1528 ecelesiae
336 1453 518 1518 Bemensis
562 1460 708 1535 pastores
748 1451 954 1516 familiariter
990 1449 1129 1533 professi
1178 1453 1304 1516 fluxam
1332 1457 1366 1516 et
1394 1449 1569 1518 evanidam
1596 1471 1728 1530 vooem,
1757 1449 1939 1516 uniusmodi
1965 1457 1999 1517 et
2026 1452 2163 1520 oraeula

144 1547 231 1620 sunt,
255 1540 318 1604 hae
339 1538 480 1605 formula
502 1537 703 1603 adverbum
725 1536 791 1602 illis
814 1535 917 1602 edita:
1180 1543 1213 1602 et
1240 1536 1433 1620 prophetiae
1465 1537 1615 1616 fuerunt,
1649 1535 1707 1602 sed
1739 1544 1932 1620 perpetuam
1964 1536 2164 1621 sapientiam

232 1623 399 1707 Quoniam
425 1644 523 1690 voees
555 1625 636 1688 istas
662 1623 820 1688 trinitatis
854 1629 886 1688 et
914 1640 1129 1704 personarum
1180 1622 1270 1706 apud
1287 1623 1397 1688 Deum
1419 1622 1628 1703 residentem,
1651 1620 1739 1688 unde
1757 1631 1791 1687 et
1812 1622 1945 1689 oraeula
1962 1630 1996 1689 et
2016 1624 2163 1708 prophe·

143 1712 330 1799 plurimum
351 1709 505 1778 eeclesiae
523 1708 651 1775 Christi
673 1706 880 1775 commodare
901 1707 1127 1790 intelligimus,
1181 1709 1246 1774 tiae
1267 1729 1382 1773 omnes
1404 1707 1605 1792 prodierunt.
1650 1708 1717 1773 Hie
1739 1729 1841 1791 quum
1862 1708 2002 1775 Carolus
2023 1709 2164 1777 minime

145 1819 209 1883 quo
231 1805 266 1863 et
286 1818 366 1864 vera
387 1797 505 1880 patris,
534 1795 595 1860 filii
616 1804 650 1860 et
677 1794 939 1878 spiritussaneti
961 1791 1128 1859 distinctio
1180 1795 1318 1860 haberet
1339 1795 1395 1861 ubi
1423 1795 1577 1879 infigeret
1604 1794 1752 1874 dentem,
1781 1795 1910 1859 irritam
1937 1801 2050 1860 tamen
2072 1817 2164 1863 mor-

144 1884 267 1952 olarius
285 1884 489 1967 exprimatur
506 1887 540 1947 et
558 1881 771 1947 contentiosis
790 1880 909 1945 melius
926 1887 1128 1958 ooourratur,
1181 1880 1281 1946 dandi
1314 1879 1527 1964 cupiditatem
1558 1879 1698 1964 prodere
1731 1881 1865 1959 maluit,
1906 1900 2005 1964 quam
2038 1882 2163 1949 taeitus

145 1991 250 2054 usque
273 1968 353 2034 adeo
375 1990 435 2033 nos
457 1966 498 2031 ab
520 1967 574 2032 his
596 1989 662 2032 non
685 1966 861 2032 abhorrere
883 1965 1007 2042 seitote,
1030 1975 1068 2029 ut
1088 1964 1128 2029 li-
1181 1967 1271 2032 hune
1297 1967 1407 2032 loeum
1428 1968 1616 2051 praeterire.
1661 1966 1710 2030 At
1731 1987 1849 2050 operae
1870 1967 2013 2050 pretium
2031 1975 2083 2033 est
2104 1989 2166 2034 au-

59 2075 62 2081 ·
144 2057 336 2123 beator-eas
357 2053 593 2138 amplexemur,
617 2053 687 2120 sive
705 2074 746 2117 ex
762 2052 838 2119 ‘aliis
857 2049 1039 2117 audiendae
1059 2051 1129 2116 sive
1181 2052 1252 2118 dire
1276 2074 1340 2136 quo
1369 2052 1504 2118 tandem
1530 2051 1662 2118 vinoulo
1689 2053 1760 2136 pios
1788 2059 1822 2117 et
1844 2051 2042 2119 orthodoxos
2070 2055 2165 2122 viros

146 2164 168 2208 a
206 2140 299 2207 nobis
334 2140 541 2224 usurpandae
581 2139 656 2204 sint.
712 2139 830 2222 Itaque
865 2138 952 2222 quod
990 2136 1129 2202 antehae
1181 2161 1257 2206 eum
1278 2139 1416 2205 eoeleste
1438 2138 1604 2205 haeretico
1624 2138 1836 2221 copulaverit.
1882 2139 2015 2219 Arium,
2044 2140 2163 2223 inquit,

145 2248 277 2311 semper
298 2248 318 2292 a
339 2226 433 2292 nobis
454 2227 578 2291 faetum
600 2233 659 2305 est,
681 2225 717 2289 in
735 2233 906 2307 posterum
922 2244 1051 2308 quoque
1069 2244 1129 2289 nos
1180 2235 1214 2290 ot
1231 2224 1462 2291 Maeedonium
1484 2231 1597 2308 aperte
1615 2222 1784 2303 damnant,
1805 2222 2014 2290 Samosatam
2031 2225 2163 2292 nullam

145 2334 279 2397 operam
300 2312 443 2390 daturos,
466 2310 573 2395 quoad
594 2310 715 2390 lioebit,
738 2311 925 2395 reeipimus,
949 2331 992 2374 ne
1013 2329 1129 2375 aarum
1180 2312 1306 2377 faoiunt
1327 2312 1544 2390 mentionem3
1573 2311 1643 2375 eius
1667 2311 1793 2377 nomini
1820 2310 1899 2376 dum
1923 2316 2085 2461 Xareunt,
2117 2334 2163 2378 an

145 2420 228 2465 usus
255 2400 290 2464 in
324 2398 462 2465 eeclesia
489 2396 668 2462 aboleatur.
712 2395 800 2462 Nam
828 2418 933 2480 neque
961 2397 1002 2461 ab
1031 2396 1071 2460 iis
1094 2396 1128 2459 in
1180 2419 1249 2463 non
1274 2397 1403 2480 oblique
1430 2418 1506 2463 eum
1534 2396 1739 2480 approbant?
1785 2395 1815 2462 Ο
1844 2397 2004 2481 frigium
2035 2396 2164 2463 oalum-

145 2485 286 2568 soriptis,
308 2485 345 2549 in
366 2481 628 2550 enarrationibus
650 2482 840 2566 scripturae,
863 2483 898 2548 in
921 2481 1129 2548 ooneionibus
1152 2502 1157 2576 p
1180 2483 1343 2550 uiatorem
1373 2488 1447 2562 [pag.
1468 2487 1522 2562 56]
1551 2488 1585 2549 et
1606 2483 1764 2563 ieiunum.
1809 2484 1864 2548 An
1887 2483 1953 2549 illio
1975 2482 2163 2550 haeretieo-

146 2570 189 2637 ad
211 2570 369 2654 populum
391 2575 464 2649 [pag.
484 2575 538 2648 54]
560 2568 796 2635 abstinebimus
815 2568 889 2652 ipsi,
913 2576 947 2634 ot
968 2568 1049 2634 alios
1071 2566 1129 2632 do·
1153 2579 1157 2658 t
1180 2592 1256 2635 rum
1277 2571 1426 2635 ommum
1447 2567 1633 2654 catalogum
1651 2574 1825 2635 repensent
1842 2570 1899 2651 qui
1920 2589 2070 2652 unquam
2090 2570 2165 2637 fue·

146 2656 294 2723 eebimus
321 2677 362 2721 ne
389 2655 615 2738 superstitiose
643 2655 817 2738 refugiant.
863 2653 900 2721 Si
923 2656 995 2738 quis
1017 2659 1129 2719 autem
1181 2653 1283 2721 runt?
1329 2655 1529 2721 Cerinthum
1556 2654 1716 2721 omittunt
1743 2665 1777 2720 et
1798 2655 1960 2720 abionem
1987 2662 2021 2719 ot
2048 2655 2164 2741 Euty·

169 2747 357 2824 raepostera
378 2740 520 2825 quadam
538 2741 696 2825 religione
713 2746 874 2820 teneatur,
896 2740 1072 2824 quominus
1088 2739 1129 2804 li-
1180 2742 1278 2807 ohem
1295 2748 1328 2808 et
1344 2741 1548 2807 Eunomium
1565 2747 1600 2804 et
1610 2739 1794 2807 Photinum
1812 2749 1846 2807 et
1864 2741 1944 2807 alios
1963 2740 2162 2824 eomplures,

145 2764 224 2893 Cere
248 2847 409 2909 usurpare
437 2828 526 2910 ipsas
554 2827 655 2905 ausit,
682 2847 870 2909 quanquam
891 2824 1051 2893 eiusmodi
1073 2847 1128 2890 su·
1180 2828 1300 2911 quibus
1319 2826 1424 2893 nihilo
1450 2826 1526 2909 plus
1548 2826 1661 2892 favent
1687 2848 1787 2910 quam
1811 2827 1904 2900 Ario.
1948 2825 2000 2917 Ne
2021 2824 2165 2895 Carolus

144 2912 372 2997 perstitionem
394 2913 488 2979 nobis
509 2932 577 2977 non
598 2911 730 2995 probari
753 2919 927 2992 testamur,
954 2914 1006 2978 oui
1028 2911 1129 2977 oorri·
1180 2912 1314 2998 quidem
1334 2913 1405 2997 ipse
1427 2934 1503 2979 oum
1525 2912 1662 2977 effraeni
1686 2934 1746 2979 sua
1768 2912 1972 2996 impudentia
1993 2912 2090 2978 aliter
2112 2913 2165 2980 di·

145 2997 272 3084 gendae
299 3020 366 3064 non
393 2999 437 3064 sit
462 2998 653 3064 defuturum
680 3005 831 3063 nostrum
858 2999 1017 3078 studium,
1052 2998 1129 3082 quia
1181 3020 1255 3066 aere
1277 2999 1418 3066 audebit.
1456 2998 1624 3081 Quorsum
1645 3020 1724 3083 ergo
1747 2997 1909 3065 attinebat
1928 3005 2064 3084 propter
2084 3022 2166 3085 sup-

145 3094 258 3151 tamen
280 3083 372 3151 nobis
394 3106 460 3150 non
481 3084 616 3150 videtur
632 3083 714 3149 haee
731 3084 811 3149 satis
831 3085 928 3150 firma
944 3105 1051 3163 eausa,
1070 3105 1130 3150 eur
1181 3107 1333 3170 pressum
1360 3086 1504 3151 hominis
1531 3105 1652 3150 nomen
1673 3086 1754 3151 istas
1781 3085 1857 3150 lites
1879 3106 2026 3165 movere,
2057 3107 2164 3170 quum

145 3170 267 3256 alioqui
288 3171 342 3236 vir
360 3171 434 3254 pius
446 3177 481 3236 et
498 3171 533 3234 in
546 3168 685 3236 eandem
696 3169 889 3254 religionem
910 3171 1005 3236 nobis
1030 3190 1129 3237 sensu
1180 3194 1234 3238 res
1255 3173 1357 3256 probe
1379 3179 1412 3237 et
1434 3169 1536 3236 solide
1559 3170 1720 3253 explieata
1742 3169 1848 3236 foret?

145 3257 356 3324 eonsentiens
400 3255 604 3340 repudietur,
648 3257 718 3321 eius
753 3256 952 3338 imperitiam
991 3255 1053 3323 hae
1093 3257 1129 3320 in
1267 3257 1345 3323 Alia
1377 3257 1543 3324 ealumnia
1575 3265 1627 3322 est
1658 3258 1745 3340 quod
1779 3263 1879 3341 negat
1916 3254 2166 3326 distinotionem

146 3351 247 3494 itit
263 3341 1128 3511 tittttqfitffltat.blitiritftdmt
1179 3343 1473 3497 tttttttef
1493 3341 2165 3514 tibitibzftttihtftt

247 3479 256 3508 ,
1120 3479 1128 3495 .
1471 3481 1477 3494 .

235 3513 327 3579 Haeo
346 3521 434 3580 oerte
456 3513 645 3580 voluntaria
662 3515 791 3596 piorum
808 3515 954 3581 virorum
972 3516 1128 3600 professio
1180 3518 1272 3583 rabie
1299 3517 1426 3581 feratur
1452 3514 1603 3581 ostendit.
1648 3516 1736 3580 Nam
1763 3537 1866 3599 quum
1893 3517 1929 3579 in
1958 3516 2164 3584 oonfessione

148 3597 279 3664 abunde
300 3619 355 3664 eos
377 3620 397 3663 a
417 3598 543 3665 frivolis
565 3597 677 3664 Caroli
703 3598 989 3667 eriminationibus
1010 3601 1130 3667 liberat
1181 3603 1292 3686 palam
1319 3602 1495 3668 damnetur
1521 3622 1597 3667 eum
1627 3602 1750 3666 nefario
1779 3623 1840 3668 suo
1869 3600 2021 3686 dogmate
2043 3600 2164 3669 Sabel-

148 3692 188 3749 ut
215 3705 456 3768 supervaouum
480 3685 523 3749 sit
548 3683 615 3748 illis
642 3684 804 3766 eopiosius
832 3686 1039 3769 respondere.
1083 3688 1130 3752 Et
1181 3689 1260 3767 lius,
1296 3687 1567 3753 Sabellianismos
1581 3688 1603 3769 ¹)
1634 3694 1745 3753 tamen
1777 3686 1916 3754 subinde
1949 3694 2071 3771 erepat
2115 3687 2166 3755 Et

148 3778 238 3837 eerte
268 3770 363 3835 illum
392 3791 458 3834 non
486 3768 584 3834 modo
614 3769 799 3848 abundare,
828 3771 886 3836 sed
913 3772 1012 3836 etiam
1038 3772 1129 3838 abuti
1181 3794 1245 3857 quo
1264 3772 1462 3856 praetextu?
1501 3770 1540 3838 si
1561 3773 1699 3838 rationis
1721 3775 1890 3858 figmento,
1913 3773 2030 3856 inquit,
2051 3773 2166 3841 solum

148 3858 214 3923 otio
237 3863 385 3940 apparet,
407 3877 509 3939 quum
527 3853 568 3920 de
591 3854 701 3920 verbis
722 3854 807 3919 texit
823 3857 999 3923 verbosam
1016 3855 1128 3940 dispu·
1182 3866 1311 3942 patrem
1337 3879 1357 3922 a
1378 3857 1448 3922 filio
1470 3856 1685 3943 distinguitis,
1709 3857 1915 3924 sabellianos
1933 3879 2005 3925 esse
2025 3880 2086 3926 vos
2109 3859 2163 3926 di·

148 3943 323 4022 tationem,
352 3947 386 4007 et
406 3940 614 4026 grammatiei
638 3940 768 4005 larvam
790 3941 833 4007 ad
858 3950 990 4025 tempus
1011 3942 1128 4022 induit,
1183 3964 1263 4008 eam.
1309 3942 1455 4009 Perinde
1486 3943 1565 4008 faoit
1597 3966 1635 4010 ao
1674 3945 1703 4010 si
1736 3947 1809 4027 quis
1840 3945 1889 4009 ita
1920 3944 2087 4029 loquatur:
2120 3944 2163 4014 si

148 4037 186 4093 ut
220 4026 419 4112 persuadeat
441 4025 580 4092 Calvino
607 4025 649 4092 ab
677 4026 730 4091 his
758 4027 893 4094 vooibus
920 4049 989 4092 non
1016 4050 1129 4111 super·
1182 4028 1321 4095 Carolus
1343 4035 1394 4094 est
1411 4028 1583 4113 parrieida,
1607 4029 1727 4115 dignus
1748 4037 1799 4096 est
1819 4031 1877 4114 qui
1897 4030 1934 4095 in
1955 4030 2088 4097 euleum
2109 4033 2167 4099 in·

149 4115 277 4180 stitiose
310 4111 509 4191 eavendum,
547 4135 649 4196 quum
685 4113 787 4196 probe
820 4114 919 4181 seiret
952 4112 1130 4180 Calvinum
1182 4121 1307 4181 suatur.
1352 4113 1552 4199 Quanquam
1580 4137 1647 4180 non
1675 4116 1756 4183 satis
1785 4116 1933 4200 apposite
1959 4115 2021 4182 hae
2043 4117 2165 4184 simili·

147 4198 251 4267 libere
272 4199 339 4266 illis
362 4200 412 4264 uti
433 4203 468 4264 et
490 4219 621 4282 semper
641 4219 738 4264 usum
759 4221 840 4279 esse,
864 4221 967 4283 quum
989 4201 1058 4283 ipso
1077 4220 1129 4265 eo-
1183 4199 1298 4268 tudine
1319 4208 1409 4282 uter;
1434 4202 1515 4267 haee
1541 4203 1630 4266 enim
1659 4203 1766 4286 magis
1787 4203 1975 4268 eonveniet:
1999 4200 2038 4268 si
2057 4201 2164 4270 Caro·

148 4306 221 4351 ram
243 4285 380 4352 vidisset
408 4284 450 4350 ab
472 4305 510 4350 eo
532 4292 566 4351 et
586 4283 720 4367 eollegis
742 4286 981 4352 confessionem
1003 4286 1128 4352 Helva·
1181 4287 1233 4352 lus
1255 4285 1385 4373 aliquod
1407 4288 1484 4354 boni
1504 4287 1570 4353 viri
1592 4289 1725 4372 signum
1745 4309 1890 4371 unquam
1911 4286 2068 4367 dedisset,
2092 4312 2165 4356 me-

149 4371 249 4437 tioam
272 4370 454 4454 approbari.
500 4368 568 4437 Sed
591 4379 642 4436 est
663 4371 700 4434 in
723 4390 761 4434 eo
784 4371 907 4438 seilioet
929 4371 1072 4457 diligens
1093 4380 1130 4437 ut
1181 4374 1246 4439 rito
1286 4395 1375 4439 nuno
1414 4371 1563 4440 deflenda
1605 4382 1694 4440 esset
1733 4374 1802 4438 eius
1841 4373 1994 4439 eonditio.
2038 4374 2165 4442 Prooul

147 4457 264 4541 primis
274 4457 392 4523 ultima
401 4455 633 4542 respondeant,
655 4454 718 4522 hoo
740 4466 799 4536 est,
822 4479 864 4523 ne
883 4479 1028 4543 unquam
1048 4458 1128 4524 ridi-
1181 4459 1272 4525 enim
1293 4480 1313 4524 a
1333 4479 1394 4525 sua
1415 4461 1553 4526 veritate
1573 4459 1665 4526 abest
1686 4460 1768 4525 haee
1790 4459 1942 4525 conditio.
1987 4459 2167 4542 Quaenam

148 4541 223 4609 aulo
240 4562 332 4607 more
352 4543 494 4628 ineptire
516 4541 653 4610 desinat.
1180 4546 1246 4611 ista
1280 4552 1331 4612 est
1358 4545 1611 4628 importunitas?
1648 4566 1752 4629 quum
1779 4551 1847 4611 tres
1882 4546 1917 4610 in
1943 4566 2012 4612 una
2039 4543 2164 4615 deitate

237 4626 315 4692 Alia
342 4637 394 4695 est
422 4629 588 4717 ealumnia
616 4628 704 4713 quod
726 4629 761 4693 in
784 4629 988 4696 eonfessione
1011 4629 1128 4696 Samo·
1181 4631 1377 4715 hypostases
1399 4639 1433 4695 et
1455 4632 1685 4698 subsistentiae
1708 4639 1836 4698 asserat
1857 4633 2025 4711 eonfessio,
2048 4641 2083 4700 et
2105 4655 2164 4701 eas

149 4713 258 4780 sateni
296 4713 435 4797 impium
472 4736 618 4781 errorem
656 4715 844 4799 investigat.
890 4714 1128 4783 Samosatenus
1180 4715 1312 4799 quidem
1334 4738 1401 4781 non
1423 4717 1586 4800 epithetis,
1610 4717 1668 4783 sed
1689 4719 1777 4783 veris
1794 4717 2051 4801 proprietatibus
2072 4720 2166 4789 inter

150 4806 262 4866 autem
290 4807 398 4865 astute
426 4800 560 4867 ludebat
580 4803 615 4867 in
637 4801 731 4867 verbi
751 4799 985 4884 appellatione,
1015 4802 1128 4869 voeale
1181 4823 1216 4867 se
1239 4799 1436 4882 differentes,
1457 4807 1531 4882 [pag.
1552 4807 1606 4882 57]
1628 4804 1664 4869 in
1687 4812 1756 4868 tam
1777 4803 1876 4887 plano
1895 4804 2001 4888 seirpo
2023 4803 2161 4887 nodum,

149 4884 339 4970 intelligens
368 4886 506 4951 verbum
535 4899 593 4953 aut
620 4886 789 4954 deeretum
817 4892 891 4968 [pag.
918 4893 972 4968 to]
994 4889 1060 4953 Dei
1088 4888 1128 4953 de

150 4969 295 5036 humano
351 4991 449 5036 enere
481 4970 681 5037 redimendo.
725 4971 878 5038 Iudioent
913 4988 1040 5053 autem,
1074 4994 1128 5038 me
1182 5012 1222 5018 κ
1235 5011 1378 5017 ———-·-

151 5064 297 5137 taeente,
328 4992 476 5135 leotores,
499 5077 581 5122 num
603 5057 681 5124 huio
703 5059 808 5123 errori
827 5060 1028 5143 suffragetur
1049 5080 1127 5125 eon·

150 5143 262 5224 fessio,
291 5164 376 5228 quae
404 5141 600 5208 nominatim
627 5149 756 5226 petrem
778 5152 812 5208 et
841 5144 946 5210 filium
975 5155 1009 5210 et
1030 5145 1127 5229 spiri·
1249 5159 1278 5229 1)
1298 5159 1345 5218 Sir
1360 5163 1393 5216 is
1407 5161 1547 5231 impresso,
1566 5162 1615 5219 ssd
1631 5161 1771 5233 asenam
1789 5162 1910 5220 viatur.-
1928 5161 2114 5223 Sabellianos.
