4620 5894
892 246 1161 318 aumerle
1182 244 1416 314 ERRORUM
2105 245 2167 309 488

356 447 506 504 aarum
529 447 678 503 catum
699 446 907 504 snsrousro.
1180 454 1256 499 eum
1272 434 1401 500 rabone
1423 434 1608 501 cinnum
1630 432 1782 517 praedico
1802 433 1913 501 fifium
1930 435 2018 501 Dei:
2042 436 2164 503 nuens

553 575 560 589 ,
755 576 762 590 ,
1179 519 1407 598 humanitatis,
1423 520 1529 585 filium
1546 520 1699 586 heminis
1722 518 1888 586 Diversus
1906 528 2024 587 tamen
2041 541 2166 605 respec-

435 577 488 641 D⁰
509 594 617 658 Imma
637 582 835 657 q⁰⁸⁸⁸t¹⁰¹¹⁰·
1178 612 1233 671 tus
1251 607 1422 688 utriusque
1440 615 1579 671 naturae
1597 628 1663 671 non
1681 606 1758 672 facit
1776 605 1857 672 duos
1875 606 1965 672 filios
1983 605 2061 672 Dei.
2082 608 2165 673 Nam

232 695 331 778 Quod
352 694 522 762 Christum
544 693 618 759 ideo
640 692 746 758 filium
767 694 832 760 Dei
866 715 937 760 esse
966 700 1000 760 et
1021 696 1127 761 nomi·
1178 698 1266 756 totus
1293 690 1456 767 Christus,
1489 700 1653 775 quatenus
1674 692 1767 759 Deus
1796 698 1847 757 ast
1875 698 1910 757 et
1930 692 2044 772 homo,
2079 693 2166 760 filins

146 783 221 849 nari
243 782 324 861 dico,
347 782 424 865 quia
441 800 548 845 sermo
572 779 635 844 Dei
657 780 700 844 sit
722 800 763 845 ex
786 786 879 864 patre
902 788 979 845 ante
1000 790 1126 864 tempo·
1178 774 1243 842 Dei
1266 784 1317 842 ost
1339 798 1377 843 ac
1399 777 1552 843 hominis.
1575 778 1662 843 Nam
1683 777 1732 877 ita
1753 777 1995 864 distinguimus
2017 786 2163 857 naturas,

146 869 193 934 ris
224 868 358 933 initium
391 866 524 950 genitus
557 865 613 948 qui
653 884 786 931 carnem
821 872 970 931 nostram
1002 865 1125 931 induit:
1179 872 1218 926 ut
1239 863 1441 928 retineamus
1463 884 1624 946 personae
1646 870 1815 929 unrtatam.

145 953 233 1020 hanc
250 953 414 1018 rationem
436 951 574 1033 suscipis
595 950 866 1034 impugnandam.
1266 946 1456 1013 Similitudo
1478 969 1577 1032 quam
1598 947 1733 1014 adducis
1754 950 1872 1014 merito
1904 951 2038 1016 censeri
2059 960 2165 1034 potest

230 1039 322 1104 Dum
355 1049 467 1103 autem
500 1036 687 1101 testimonia
720 1037 770 1101 vis
809 1037 968 1114 refellere,
1010 1036 1127 1119 quibus
1179 1032 1307 1117 gladius
1329 1054 1393 1118 quo
1415 1040 1448 1100 te
1469 1035 1607 1119 iugulas.
1653 1035 1729 1099 Alio
1758 1036 1847 1099 enim
1875 1042 2032 1119 respectu
2062 1038 2164 1119 patris

145 1144 227 1190 usus
249 1125 375 1189 furerem
397 1120 439 1188 ad
460 1120 496 1186 id
516 1120 731 1205 probandum,
754 1123 852 1205 fingis
874 1144 927 1188 me
949 1143 991 1187 ex
1011 1122 1127 1188 Eeole-
1178 1120 1243 1183 mei
1266 1140 1340 1184 sum
1362 1119 1449 1185 filius
1470 1141 1569 1202 quam
1592 1120 1715 1185 matris.
1745 1120 1860 1202 Neque
1881 1130 1998 1187 tamen
2024 1123 2063 1186 in
2086 1121 2164 1188 duos

145 1209 276 1276 siastico
294 1209 403 1275 locum
424 1208 607 1291 protulisse,
631 1207 725 1272 cuius
746 1228 916 1290 nunquam
932 1214 1071 1273 venerat
1091 1208 1127 1271 in
1180 1203 1330 1270 homines
1352 1204 1474 1282 diffluo,
1496 1205 1576 1270 licet
1596 1205 1718 1288 duplici
1735 1205 1893 1271 relatione
1910 1207 1964 1273 bis
1983 1208 2050 1271 sim
2069 1209 2163 1275 filins

143 1301 298 1360 mentem.
343 1294 461 1360 Potius
493 1292 535 1358 ad
566 1300 718 1359 octavum
752 1299 851 1377 caput
871 1293 1127 1358 Proverbierum
1179 1289 1325 1355 Tametsi
1354 1290 1415 1356 hoc
1439 1291 1546 1357 simile
1578 1292 1614 1355 in
1638 1292 1803 1375 praesenti
1831 1313 1932 1358 causa
1954 1314 2165 1377 nequaquam

144 1381 285 1465 respexi.
330 1377 530 1462 Quanquam
547 1378 670 1443 nullius
688 1378 749 1443 loci
767 1379 968 1443 mentionem
985 1378 1127 1444 feceram
1180 1373 1328 1439 admitto.
1372 1375 1501 1459 Corpus
1538 1378 1625 1442 enim
1658 1397 1678 1441 a
1710 1384 1804 1460 patre
1837 1385 1871 1441 et
1902 1385 2014 1443 matre
2050 1379 2164 1459 habeo,

143 1466 180 1530 ni
201 1487 275 1531 meo
296 1486 461 1548 responso.
505 1465 555 1528 Er
578 1485 597 1527 o
618 1484 662 1527 ne
684 1464 806 1529 frustra
828 1471 860 1527 te
882 1463 1010 1548 fatiges,
1044 1462 1127 1528 mihi
1178 1458 1334 1526 Christus
1357 1469 1468 1526 autem
1490 1481 1510 1525 a
1532 1462 1601 1526 sola
1622 1471 1728 1527 matre
1750 1482 1869 1546 corpus
1890 1461 2023 1531 habuit
2063 1465 2165 1532 Aliud

144 1552 225 1617 satis
247 1557 307 1628 est,
328 1551 356 1615 si
378 1548 537 1615 concedas
551 1485 732 1629 Christum,
755 1558 932 1632 antequam
954 1549 1051 1614 homo
1068 1550 1126 1613 fic·
1179 1554 1229 1610 est
1247 1632 1253 1645 ι
1272 1566 1370 1628 quam
1414 1566 1541 1630 corpus,
1584 1546 1670 1631 quod
1712 1547 1851 1615 dicimus
1890 1570 1910 1614 a
1951 1550 2027 1615 Deo
2067 1553 2165 1618 firisss

143 1644 203 1715 ret,
238 1637 340 1702 fuisse
373 1644 542 1701 aeternum
572 1634 637 1699 Dei
670 1638 744 1713 [pag.
760 1638 813 1713 45]
847 1654 1040 1699 sermonem.
1084 1633 1129 1697 Id
1179 1638 1336 1714 gemtum.
1350 1632 1374 1710 ¹)

145 1742 247 1807 negas
268 1723 304 1786 in
326 1721 457 1803 scriptis
478 1715 553 1785 tuis‘.
598 1720 685 1785 Nam
717 1721 909 1805 imaginaris
942 1740 1126 1785 sermonem
1264 1716 1361 1783 Nunc
1383 1738 1480 1802 rogas
1501 1730 1539 1782 ut
1561 1727 1593 1782 te
1614 1718 1668 1783 vel
1691 1721 1865 1784 autoritate
1876 1720 1929 1785 vel
1953 1721 2087 1787 ratione
2108 1721 2164 1788 do-

146 1814 227 1873 tuno
248 1807 392 1890 coepisse
415 1826 516 1889 quum
538 1805 630 1870 Deus
657 1807 854 1871 sententiam
876 1827 971 1870 suam
994 1804 1034 1869 de
1056 1825 1126 1870 ere·
1179 1823 1279 1879 ceam,
1302 1801 1457 1868 deitatem
1470 1823 1553 1886 quae
1569 1805 1605 1868 in
1618 1803 1751 1869 Christo
1769 1812 1911 1884 estesse,
1934 1805 2058 1872 filium.
2081 1809 2164 1875 Mihi

146 1892 233 1957 ando
255 1890 379 1956 mundo
400 1891 641 1974 pronunciavit.
686 1891 759 1957 Hoc
781 1912 859 1957 vero
888 1890 988 1955 nimis
1010 1891 1126 1956 absur·
1178 1909 1246 1951 una
1267 1887 1348 1953 haec
1371 1890 1453 1954 ratio
1471 1890 1601 1963 sufficit,
1625 1890 1711 1973 quod
1730 1891 1823 1955 Deus
1841 1891 1882 1956 ab
1901 1892 1998 1957 initio
2017 1894 2163 1960 fidelium

145 1976 224 2043 dum
248 1988 299 2043 est
321 1977 481 2043 delirium.
539 1975 643 2056 Quasi
676 1998 754 2042 vero
787 1985 845 2042 aut
877 1978 970 2042 Deus
1003 1975 1127 2058 aliquid
1178 1981 1272 2055 pater
1292 1974 1363 2051 fuit,
1387 1995 1424 2038 ac
1447 1975 1609 2040 nominari
1629 1976 1743 2040 voluit.
1788 1976 1924 2041 Patrem
1948 2000 2030 2044 vero
2060 1980 2164 2045 homi·

145 2069 226 2130 tunc
259 2084 332 2128 esse
364 2063 506 2145 coeperit
526 2061 611 2145 quod
639 2062 785 2127 nondum
808 2072 894 2128 erat:
929 2070 986 2126 aut
1018 2082 1126 2128 sermo
1180 2081 1261 2123 num
1284 2080 1355 2125 esse
1378 2082 1470 2143 nego,
1494 2061 1559 2125 nisi
1580 2082 1640 2143 per
1660 2063 1793 2127 unicum
1816 2061 1931 2127 filium.
1965 2064 2054 2130 Inde
2076 2067 2162 2131 eninr

144 2149 216 2233 ipse
247 2171 314 2213 non
348 2149 390 2213 sit
424 2168 501 2212 vero
535 2148 636 2212 Deus.
698 2149 803 2231 Atqui
835 2167 1006 2231 nunquam
1039 2148 1126 2212 sanis
1179 2145 1655 2229 nosadoptioneiilii,quieille
1669 2154 1795 2212 natura.
1821 2146 1860 2213 si
1875 2148 1917 2213 ad
1930 2150 2073 2236 vulgare
2084 2152 2162 2218 illud

145 2233 312 2299 mentibus
334 2233 396 2299 hoc
418 2233 616 2316 principium
639 2235 793 2311 excuties,
826 2233 913 2317 quod
946 2255 987 2297 ex
1009 2254 1126 2316 perpe·
1179 2238 1274 2295 tuum
1299 2232 1429 2316 asylum
1452 2232 1616 2314 confligis,
1639 2232 1939 2314 praedestinatione
1962 2235 2046 2301 olim
2064 2239 2161 2305 frrisse

146 2326 205 2383 tua
243 2320 423 2402 scripturae
457 2317 607 2382 doctrina
641 2318 771 2384 abunde
804 2325 959 2384 testatum
992 2318 1124 2396 habent,
1178 2317 1294 2395 filium,
1317 2318 1374 2400 qui
1396 2339 1433 2381 rc
1454 2318 1527 2399 ipsa
1547 2338 1616 2381 nou
1638 2326 1724 2383 erat:
1759 2340 1873 2384 rursus
1895 2322 2037 2405 excipio,
2060 2324 2160 2406 patris

146 2403 328 2481 Christum,
351 2405 407 2486 qui
428 2424 518 2468 nune
536 2410 587 2467 est-
603 2404 696 2469 Deus
717 2405 752 2468 in
770 2425 869 2470 earne
886 2403 1125 2480 manifestatus,
1179 2402 1431 2486 appellationem
1454 2403 1553 2468 fuisse
1575 2410 1652 2468 ante
1673 2405 1853 2470 revelatam
1873 2407 2012 2487 mundo,
2037 2420 2072 2473 et
2093 2430 2159 2474 rea·

146 2509 277 2571 semper
295 2489 394 2554 fuisse
413 2487 479 2553 Dei
496 2509 681 2553 sermonem
699 2511 719 2553 a
737 2497 830 2571 patre
847 2491 1004 2573 genitum.
1028 2488 1125 2570 Quod
1151 2540 1154 2551 .
1177 2487 1254 2553 liter
1276 2487 1467 2567 exhibitam,
1497 2509 1596 2571 quam
1618 2510 1727 2554 sermo
1751 2489 1814 2554 Dei
1838 2512 1912 2555 caro
1936 2493 2045 2559 fieret.
2091 2496 2158 2562 Hac

147 2574 188 2640 de
211 2573 412 2658 loquutionis
434 2574 681 2656 improprietate
703 2574 825 2653 obiicis,
860 2575 943 2640 mihi
975 2597 1041 2640 non
1069 2575 1125 2640 ob·
1150 2554 1154 2677 Ι
1178 2574 1314 2658 inquam
1337 2573 1456 2640 fiducia
1473 2575 1583 2639 Deum
1606 2583 1732 2657 patrem
1755 2577 1952 2641 invocarunt
1970 2600 2090 2646 omnes
2107 2603 2157 2665 pa·

146 2666 220 2726 stat.
266 2657 426 2724 Libenter
448 2658 536 2723 enim
558 2659 669 2739 fateor,
704 2661 789 2724 nihil
822 2663 901 2726 satis
929 2668 1043 2726 exacte
1065 2682 1125 2745 pro
1178 2660 1341 2725 triarchae
1363 2672 1397 2724 et
1419 2660 1537 2742 reliqui
1553 2659 1675 2737 fideles,
1699 2661 1785 2744 quod
1803 2662 2000 2746 hypostasin
2011 2665 2043 2749 ²)
2064 2666 2157 2733 habe-

145 2746 194 2809 rei
228 2744 389 2830 dignitate
421 2744 569 2829 linguam
603 2745 783 2810 humanam
818 2766 913 2831 posse
940 2746 995 2811 hic
1020 2747 1123 2811 effari.
1178 2745 1258 2809 bant
1280 2765 1359 2810 suae
1380 2746 1416 2810 in
1437 2744 1506 2810 filio
1528 2745 1592 2810 Dei
1616 2745 1808 2829 adoptionis.

144 2831 273 2895 Verum
295 2829 388 2896 nobis
409 2830 492 2895 vitio
514 2831 601 2894 verti
623 2853 689 2896 non
712 2830 816 2911 debet,
852 2833 880 2897 si
913 2853 956 2896 ex
977 2852 1033 2897 ore
1054 2832 1122 2896 Do·
1265 2832 1471 2896 Autoritates
1493 2831 1684 2914 scripturae,
1719 2833 1836 2915 quibus
1864 2833 1898 2898 id
1927 2837 2065 2918 penitus
2087 2858 2156 2903 een-

144 2916 228 2981 mini
250 2915 406 2999 sapimus.
937 2938 944 2951 ·
1177 2917 1343 2994 firmatur,
1384 2917 1464 2981 satis
1492 2917 1681 3000 perspicuas
1718 2939 1788 2983 esse
1821 2919 1947 2985 iudico:
1995 2928 2156 3005 uteunque

234 3002 413 3068 Aeternam
435 3012 546 3067 tamen
566 3000 690 3068 Christi
712 3003 898 3085 genituram
920 3002 1046 3066 refutas
1064 3002 1125 3068 hoc
1177 3000 1235 3065 tibi
1264 3002 1415 3066 infirmae
1438 3000 1622 3066 videantur.
1666 3003 1792 3069 Paulus
1814 3012 1965 3084 testatur,
1988 3006 2155 3073 Christum

145 3094 349 3170 argumento,
374 3088 460 3171 quia,
484 3088 511 3151 si
534 3086 612 3170 quid
634 3088 766 3153 realiter
788 3095 860 3152 erat
881 3109 922 3152 ex
937 3088 1009 3152 Deo
1031 3088 1125 3171 geni·
1178 3107 1249 3152 esse
1270 3087 1374 3151 filium
1396 3086 1546 3163 Davidis,
1571 3093 1644 3167 [pag.
1669 3094 1722 3168 47]
1758 3098 1790 3154 et
1822 3110 1864 3153 ex
1884 3089 2021 3158 Iudaeis
2045 3093 2155 3160 ducere

144 3180 226 3250 tum,
260 3169 338 3237 inde
371 3172 520 3255 sequitur
546 3172 628 3238 duos
661 3194 733 3239 esse
754 3173 819 3237 Dei
852 3173 951 3238 filios:
985 3173 1126 3238 alterum
1177 3172 1348 3256 originem,
1372 3181 1522 3255 respectu
1544 3173 1761 3240 humanitatis
1784 3175 1894 3247 (Rom.
1920 3182 1946 3255 l,
1966 3181 2004 3257 3;
2029 3183 2059 3257 9,
2080 3181 2121 3263 5).
2131 3183 2154 3257 ⁸)

144 3277 348 3339 corporeum,
371 3258 511 3323 alterum
534 3258 770 3342 incorporeum.
816 3257 920 3339 Quasi
942 3280 1021 3324 vero
1043 3259 1126 3322 mihi
1177 3258 1232 3322 Ex
1255 3257 1394 3324 adverso
1417 3259 1541 3342 colligo,
1577 3260 1705 3325 ratione
1738 3260 1920 3326 divinitatis
1955 3283 2032 3330 essa
2058 3264 2154 3330 filium

144 3364 213 3407 non
234 3343 332 3407 liceat
353 3344 583 3426 antistrophon
604 3346 639 3408 in
663 3352 695 3409 te
717 3352 915 3426 retorquere.
930 3347 955 3413 Ι)
991 3343 1125 3410 Sermo-
1178 3344 1252 3408 Dei.
1288 3343 1395 3408 Audio
1418 3343 1494 3426 quid
1518 3354 1554 3407 tu
1576 3354 1702 3409 eontra:
1726 3346 1782 3411 sed
1801 3345 1884 3409 nihil
1903 3369 2053 3415 moveor.
2076 3350 2154 3415 Nam

144 3449 222 3491 nem
246 3426 310 3492 Dei
333 3428 444 3492 fateris
468 3429 643 3512 aliquando
672 3431 773 3495 fuisse
796 3430 1033 3512 incorporeum,
1070 3430 1126 3512 qui
1151 3472 1154 3517 t
1180 3430 1276 3494 sicuti
1300 3451 1320 3493 a
1347 3438 1453 3494 matre
1483 3431 1616 3512 accepit,
1653 3432 1746 3495 euius
1779 3453 1876 3497 causa
1908 3434 2002 3500 filius
2024 3435 2155 3501 Davidis

145 3532 235 3576 nune
256 3513 362 3576 factus
384 3522 435 3579 est
456 3535 539 3580 caro.
586 3514 622 3580 Si
647 3517 718 3597 quis
742 3514 917 3580 adversum
940 3522 973 3580 tc
995 3516 1125 3594 inferat,
1151 3520 1154 3539 '
1179 3524 1328 3580 vocatur:
1366 3516 1412 3578 ita
1439 3515 1521 3579 mihi
1544 3514 1710 3596 concedes,
1741 3527 1875 3599 epatre
1897 3518 2034 3599 habere,
2071 3523 2154 3587 cuius

147 3595 229 3661 duos
262 3605 294 3661 te
325 3599 431 3663 facere
453 3599 519 3663 Dei
553 3621 729 3677 sermones,
770 3622 879 3665 nonne
915 3601 1028 3665 eedem
1062 3600 1127 3665 erit
1151 3628 1154 3681 p
1178 3620 1277 3665 causa
1297 3600 1340 3663 sit
1361 3599 1449 3664 lilius
1471 3602 1545 3679 Dei,
1578 3600 1675 3683 idque
1702 3603 1742 3666 ab
1769 3602 1916 3668 humana
1944 3614 2070 3672 natura
2091 3627 2153 3672 esse

146 3681 374 3746 ratiocinatio?
432 3685 536 3749 Porro
569 3684 727 3749 clamares
759 3686 819 3749 tibi
852 3687 924 3750 fieri
959 3687 1125 3750 iniuriam.
1177 3685 1267 3749 aliud
1289 3707 1327 3750 ac
1350 3686 1527 3750 diversum.

145 3766 222 3831 Noli
255 3767 356 3850 igitur
389 3767 449 3832 tibi
481 3769 609 3851 placere
646 3780 713 3833 tam
752 3769 901 3835 fertilibus
941 3772 1123 3836 calumniis.
1150 3834 1153 3847 ,
1266 3770 1333 3837 Sed
1362 3772 1402 3835 de
1435 3781 1580 3854 tempore
1603 3774 1771 3854 quaeritur
1797 3773 1883 3855 quod
1918 3775 2152 3842 humanitatem

145 3852 215 3916 Nos
238 3853 325 3916 enim
349 3852 488 3918 eundem
509 3875 579 3918 esse
601 3853 666 3920 Dei
683 3853 788 3919 filium
814 3855 1040 3937 praedicamus
1069 3857 1125 3939 qui
1150 3852 1364 3947 [praecessit.
1408 3859 1491 3921 Dico
1520 3858 1651 3940 plenam
1681 3878 1751 3922 esso
1781 3860 1981 3942 scripturam
2015 3865 2152 3928 testimo·

145 3938 186 4003 ab
208 3938 303 4003 initio
325 3939 545 4022 incorporeus,
576 3940 708 4005 tandem
736 3962 870 4022 corpore
893 3943 1031 4006 vestitus
1053 3942 1124 4019 fuit,
1150 3952 1152 3959 ’
1177 3943 1241 4007 niis
1259 3964 1342 4024 quae
1361 3942 1507 4007 divinam
1526 3943 1659 4009 Christo
1678 3944 1853 4008 essentiam
1873 3947 2040 4026 tribuunt,
2059 3968 2151 4032 quum

146 4032 179 4086 et
199 4024 244 4086 ita
266 4044 340 4088 care
362 4024 476 4089 faetus.
1177 4026 1322 4092 nondum
1345 4028 1442 4092 homo
1465 4040 1558 4092 esset.
1592 4029 1706 4111 Neque
1729 4029 1847 4093 dosunt
1871 4033 1970 4095 etiam
1996 4034 2152 4116 permulta

231 4109 360 4186 Postea,
396 4109 645 4193 amplificandae
677 4111 862 4176 calumniae
892 4130 998 4190 causa,
1036 4113 1124 4177 ultra
1149 4152 1152 4173 .
1177 4135 1258 4195 quae
1280 4116 1316 4176 in
1338 4114 1463 4178 Christi
1491 4135 1631 4196 persona
1653 4114 1774 4179 diserte
1798 4117 2044 4184 humanitatem
2068 4144 2087 4185 a
2109 4119 2149 4182 di-

145 4192 367 4277 pregrederis:
403 4217 456 4260 me
485 4204 553 4260 tres
575 4195 680 4261 facere
703 4195 767 4260 Dei
789 4195 881 4275 filios,
904 4197 982 4278 quia
1004 4208 1125 4262 natura
1149 4180 1152 4277 l
1177 4199 1316 4263 vinitate
1339 4199 1554 4283 distinguant.
1590 4200 1654 4265 His
1678 4222 1737 4283 ego
1760 4222 1826 4265 non
1846 4212 1971 4267 temere
1991 4228 2065 4270 sum
2085 4226 2151 4271 cen-

144 4277 292 4342 humana
314 4280 356 4342 sit
378 4281 460 4343 mihi
482 4281 579 4355 filius,
609 4291 728 4345 natura
750 4281 861 4346 divina
888 4282 933 4346 sit
960 4282 1056 4362 filius,
1092 4290 1124 4347 et
1178 4291 1288 4348 tentus
1318 4284 1359 4347 ad
1388 4286 1588 4366 probandam
1617 4286 1695 4349 mihi
1729 4300 1900 4351 aeternam
1934 4290 2026 4356 illius
2054 4313 2150 4376 ‚genc-

145 4372 234 4428 totus
256 4364 410 4430 Christus
444 4367 541 4430 etiam
569 4367 667 4429 filius.
712 4368 822 4449 Atque
854 4367 909 4430 hie
941 4369 1124 4451 triumpha·
1177 4370 1349 4434 rationem.
1394 4371 1462 4435 Nec
1486 4373 1581 4434 video
1604 4372 1680 4452 quid
1711 4382 1743 4434 te
1766 4373 1831 4436 illis
1855 4377 2064 4456 acquiescere
2079 4398 2150 4460 ‚pre-

145 4446 276 4513 bundus
299 4451 456 4528 exsultas,
479 4474 532 4515 mc
553 4451 738 4534 iugulatum
759 4474 830 4517 esse
852 4454 984 4535 proprio
1005 4454 1122 4538 gladio.
1177 4454 1298 4531 hibeat,
1336 4455 1399 4518 nisi
1432 4455 1517 4538 quod
1546 4459 1610 4520 iam
1639 4460 1859 4539 praesumptis
1882 4462 2091 4541 opinionibus
2113 4465 2150 4525 ita

145 4533 218 4615 Ego
238 4556 315 4599 vcro
338 4536 517 4618 respondeo
541 4542 615 4614 [pag.
635 4541 688 4615 46]
708 4558 780 4601 cum
800 4540 941 4620 propriis
959 4561 1124 4604 cemmen-
1177 4561 1212 4604 es
1234 4541 1425 4620 inebriatus,
1450 4560 1487 4604 ut.
1506 4542 1588 4605 nihil
1606 4547 1765 4620 cernas.⁴)
1790 4544 1962 4609 Christum
1983 4560 2148 4632 antequam

66 4632 70 4641 “
146 4619 188 4680 tis
217 4628 247 4682 tc
276 4622 462 4704 confligere,
491 4643 558 4686 non
591 4644 666 4687 oum
701 4644 774 4687 mea
808 4623 964 4689 doctrina.
1010 4626 1124 4709 Neque
1177 4625 1275 4690 homo
1294 4630 1508 4692 fieretDeum
1526 4630 1634 4703 fuisse,
1658 4649 1700 4690 ne
1718 4638 1754 4692 tu
1773 4629 1905 4711 quidem
1925 4654 2037 4716 negas.
2062 4636 2147 4699 Nunc

145 4704 358 4768 animalium
380 4707 479 4771 fuisse
502 4708 566 4771 Dei
588 4708 693 4771 filium
715 4710 851 4785 affirmo¹
887 4732 986 4792 quam
1008 4712 1063 4793 qui
1085 4712 1124 4775 fi-

146 4786 210 4852 lius
232 4798 282 4853 est
305 4791 439 4856 Mariae.
485 4793 571 4856 Num
591 4795 645 4875 qui
664 4815 771 4859 sermo
789 4796 853 4859 Dei
877 4808 1029 4861 aeternus
1051 4797 1122 4875 fuit,
1246 4814 1274 4875 1)
1295 4814 1347 4866 Car
1371 4832 1400 4868 ce
1425 4832 1476 4883 que
1500 4833 1568 4870 nous
1596 4816 1688 4869 discus
1712 4818 1788 4869 avoir
1806 4820 1865 4870 este
1883 4820 2021 4889 engendre
2040 4822 2071 4874 dr
2087 4821 2146 4872 Dieu

1176 4887 1219 4936 est
1237 4881 1297 4935 bien
1316 4891 1393 4936 autre
1412 4886 1494 4938 chose
1512 4902 1564 4952 que
1584 4885 1658 4937 chair
1675 4894 1702 4937 et
1720 4901 1794 4951 sang.

147 4978 351 4987 ------
1245 4949 1275 5010 2)
1295 4951 1322 5002 la
1340 4952 1483 5007 substance
1503 4970 1538 5006 ou
1557 4954 1581 5006 le
1600 4952 1756 5007 fordemunt
1775 4953 1943 5008 substantiel.

1244 5017 1275 5081 3)
1293 5018 1367 5071 Add.
1397 5035 1432 5075 au
1457 5024 1573 5090 premier
1600 5022 1720 5088 chapitre
1750 5039 1802 5075 aux
1827 5021 1958 5078 Romulus
1982 5036 2009 5079 et
2032 5041 2064 5079 au
2087 5039 2141 5091 qua·

216 5075 245 5144 1)
264 5076 333 5131 Mais
352 5095 384 5133 en
403 5081 511 5148 parlant
529 5082 597 5135 ainsi
615 5088 644 5136 tu
662 5090 730 5138 mets
750 5100 783 5138 en
800 5086 872 5140 main
889 5085 915 5139 le
934 5085 1031 5141 baeton
1047 5088 1123 5141 aton
1175 5086 1291 5140 triesme.
1311 5089 1352 5152 (l)

146 5143 259 5199 adverse
277 5147 365 5214 partie
384 5164 453 5216 pour
471 5166 504 5203 en
522 5156 594 5205 estre
612 5150 686 5207 batn.
1243 5154 1274 5217 4)
1293 5162 1323 5209 tu
1340 5172 1374 5210 ne
1393 5159 1451 5211 vois
1469 5165 1562 5227 goutte
1581 5175 1616 5212 en
1632 5159 1720 5226 pleine
1740 5159 1833 5212 clerte.
