<?xml version="1.0" encoding="UTF-8"?>
<!DOCTYPE html PUBLIC "-//W3C//DTD XHTML 1.0 Transitional//EN"
    "http://www.w3.org/TR/xhtml1/DTD/xhtml1-transitional.dtd">
<html xmlns="http://www.w3.org/1999/xhtml" xml:lang="en" lang="en">
 <head>
  <title>
</title>
<meta http-equiv="Content-Type" content="text/html;charset=utf-8" />
  <meta name='ocr-system' content='tesseract 3.04.00' />
  <meta name='ocr-capabilities' content='ocr_page ocr_carea ocr_par ocr_line ocrx_word'/>
</head>
<body>
  <div class='ocr_page' id='page_1' title='image "./ioanniscalvinio14calvgoog_0465.png"; bbox 0 0 4620 5894; ppageno 0'>
   <div class='ocr_carea' id='block_1_1' title="bbox 122 162 1546 235">
    <p class='ocr_par' dir='ltr' id='par_1_1' title="bbox 122 162 1546 235">
     <span class='ocr_line' id='line_1_1' title="bbox 122 162 1546 235; baseline -0.004 0"><span class='ocrx_word' id='word_1_1' title='bbox 122 169 230 235; x_wconf 81' lang='lat' dir='ltr'>XXX</span> <span class='ocrx_word' id='word_1_2' title='bbox 713 163 986 232; x_wconf 70' lang='lat' dir='ltr'>absentans</span> <span class='ocrx_word' id='word_1_3' title='bbox 1010 162 1304 231; x_wconf 77' lang='lat' dir='ltr'><strong>THEOLOGIGI</strong></span> <span class='ocrx_word' id='word_1_4' title='bbox 1325 163 1546 232; x_wconf 84' lang='lat' dir='ltr'><strong>MINORES.</strong></span> 
     </span>
    </p>
   </div>
   <div class='ocr_carea' id='block_1_2' title="bbox 123 351 2135 1668">
    <p class='ocr_par' dir='ltr' id='par_1_2' title="bbox 123 351 2135 1111">
     <span class='ocr_line' id='line_1_2' title="bbox 278 351 2134 436; baseline 0 -14"><span class='ocrx_word' id='word_1_5' title='bbox 278 355 368 423; x_wconf 88' lang='lat' dir='ltr'>Huic</span> <span class='ocrx_word' id='word_1_6' title='bbox 392 354 578 423; x_wconf 68' lang='lat' dir='ltr'>mactationi</span> <span class='ocrx_word' id='word_1_7' title='bbox 605 352 825 421; x_wconf 87' lang='lat' dir='ltr'>subiiciuntnr</span> <span class='ocrx_word' id='word_1_8' title='bbox 848 354 928 421; x_wconf 77' lang='lat' dir='ltr'>Tres</span> <span class='ocrx_word' id='word_1_9' title='bbox 955 353 1150 436; x_wconf 71' lang='lat' dir='ltr'><strong><em>quaestiones</em></strong></span> <span class='ocrx_word' id='word_1_10' title='bbox 1175 351 1305 420; x_wconf 76' lang='lat' dir='ltr'>aotam</span> <span class='ocrx_word' id='word_1_11' title='bbox 1328 353 1510 436; x_wconf 72' lang='lat' dir='ltr'><em>propositae</em></span> <span class='ocrx_word' id='word_1_12' title='bbox 1536 374 1558 420; x_wconf 93' lang='lat' dir='ltr'>a</span> <span class='ocrx_word' id='word_1_13' title='bbox 1582 353 1703 421; x_wconf 79' lang='lat' dir='ltr'>Seroao</span> <span class='ocrx_word' id='word_1_14' title='bbox 1732 354 1771 420; x_wconf 90' lang='lat' dir='ltr'>de</span> <span class='ocrx_word' id='word_1_15' title='bbox 1800 354 1934 420; x_wconf 91' lang='lat' dir='ltr'>homine</span> <span class='ocrx_word' id='word_1_16' title='bbox 1961 355 2041 422; x_wconf 91' lang='lat' dir='ltr'>Iesu</span> <span class='ocrx_word' id='word_1_17' title='bbox 2067 355 2134 422; x_wconf 88' lang='lat' dir='ltr'>filio</span> 
     </span>
     <span class='ocr_line' id='line_1_3' title="bbox 123 464 2134 552; baseline -0 -17"><span class='ocrx_word' id='word_1_18' title='bbox 123 469 198 548; x_wconf 91' lang='lat' dir='ltr'>Dei,</span> <span class='ocrx_word' id='word_1_19' title='bbox 222 467 262 533; x_wconf 92' lang='lat' dir='ltr'>de</span> <span class='ocrx_word' id='word_1_20' title='bbox 284 488 387 552; x_wconf 79' lang='lat' dir='ltr'>regno</span> <span class='ocrx_word' id='word_1_21' title='bbox 409 467 536 534; x_wconf 78' lang='lat' dir='ltr'>Christi</span> <span class='ocrx_word' id='word_1_22' title='bbox 556 466 592 531; x_wconf 91' lang='lat' dir='ltr'>in</span> <span class='ocrx_word' id='word_1_23' title='bbox 613 465 819 544; x_wconf 89' lang='lat' dir='ltr'>hominibus,</span> <span class='ocrx_word' id='word_1_24' title='bbox 836 471 870 532; x_wconf 89' lang='lat' dir='ltr'>et</span> <span class='ocrx_word' id='word_1_25' title='bbox 892 464 933 530; x_wconf 92' lang='lat' dir='ltr'>de</span> <span class='ocrx_word' id='word_1_26' title='bbox 955 466 1178 546; x_wconf 72' lang='lat' dir='ltr'><strong>sacramentis,</strong></span> <span class='ocrx_word' id='word_1_27' title='bbox 1202 487 1277 532; x_wconf 88' lang='lat' dir='ltr'>oum</span> <span class='ocrx_word' id='word_1_28' title='bbox 1300 464 1433 530; x_wconf 76' lang='lat' dir='ltr'>Caluini</span> <span class='ocrx_word' id='word_1_29' title='bbox 1455 465 1676 549; x_wconf 82' lang='lat' dir='ltr'>responsione.</span> <span class='ocrx_word' id='word_1_30' title='bbox 1710 465 1815 532; x_wconf 84' lang='lat' dir='ltr'>Cuius</span> <span class='ocrx_word' id='word_1_31' title='bbox 1838 467 2016 533; x_wconf 76' lang='lat' dir='ltr'>solutiones</span> <span class='ocrx_word' id='word_1_32' title='bbox 2034 488 2134 551; x_wconf 88' lang='lat' dir='ltr'>quum</span> 
     </span>
     <span class='ocr_line' id='line_1_4' title="bbox 125 577 2134 665; baseline -0.001 -18"><span class='ocrx_word' id='word_1_33' title='bbox 125 579 287 648; x_wconf 83' lang='lat' dir='ltr'>Servatus</span> <span class='ocrx_word' id='word_1_34' title='bbox 309 579 424 662; x_wconf 87' lang='lat' dir='ltr'>paucis</span> <span class='ocrx_word' id='word_1_35' title='bbox 445 578 630 657; x_wconf 79' lang='lat' dir='ltr'>refutasset,</span> <span class='ocrx_word' id='word_1_36' title='bbox 653 597 737 660; x_wconf 82' lang='lat' dir='ltr'>quae</span> <span class='ocrx_word' id='word_1_37' title='bbox 759 577 912 644; x_wconf 71' lang='lat' dir='ltr'>refutatio</span> <span class='ocrx_word' id='word_1_38' title='bbox 933 577 1087 643; x_wconf 87' lang='lat' dir='ltr'>hocloco</span> <span class='ocrx_word' id='word_1_39' title='bbox 1108 577 1273 657; x_wconf 91' lang='lat' dir='ltr'>inseritur,</span> <span class='ocrx_word' id='word_1_40' title='bbox 1295 577 1351 642; x_wconf 88' lang='lat' dir='ltr'>ille</span> <span class='ocrx_word' id='word_1_41' title='bbox 1373 578 1511 643; x_wconf 87' lang='lat' dir='ltr'>alteram</span> <span class='ocrx_word' id='word_1_42' title='bbox 1532 579 1780 663; x_wconf 82' lang='lat' dir='ltr'>responsionem</span> <span class='ocrx_word' id='word_1_43' title='bbox 1800 580 1994 662; x_wconf 88' lang='lat' dir='ltr'>conscripsit</span> <span class='ocrx_word' id='word_1_44' title='bbox 2008 579 2134 665; x_wconf 78' lang='lat' dir='ltr'>longio-</span> 
     </span>
     <span class='ocr_line' id='line_1_5' title="bbox 124 687 2135 782; baseline -0 -24"><span class='ocrx_word' id='word_1_45' title='bbox 124 715 205 759; x_wconf 90' lang='lat' dir='ltr'>rem.</span> <span class='ocrx_word' id='word_1_46' title='bbox 249 692 345 782; x_wconf 85' lang='lat' dir='ltr'>Haec</span> <span class='ocrx_word' id='word_1_47' title='bbox 365 690 531 766; x_wconf 85' lang='lat' dir='ltr'>habentur</span> <span class='ocrx_word' id='word_1_48' title='bbox 551 708 624 773; x_wconf 85' lang='lat' dir='ltr'>pag.</span> <span class='ocrx_word' id='word_1_49' title='bbox 649 692 785 754; x_wconf 79' lang='lat'><strong>38-57.</strong></span> <span class='ocrx_word' id='word_1_50' title='bbox 818 687 950 770; x_wconf 76' lang='lat' dir='ltr'>Quibus</span> <span class='ocrx_word' id='word_1_51' title='bbox 972 689 1129 755; x_wconf 81' lang='lat' dir='ltr'>absolutis</span> <span class='ocrx_word' id='word_1_52' title='bbox 1151 689 1237 754; x_wconf 90' lang='lat' dir='ltr'>redit</span> <span class='ocrx_word' id='word_1_53' title='bbox 1259 688 1301 754; x_wconf 84' lang='lat' dir='ltr'>ad</span> <span class='ocrx_word' id='word_1_54' title='bbox 1322 690 1515 756; x_wconf 79' lang='lat' dir='ltr'>relationem</span> <span class='ocrx_word' id='word_1_55' title='bbox 1538 691 1579 756; x_wconf 91' lang='lat' dir='ltr'>de</span> <span class='ocrx_word' id='word_1_56' title='bbox 1597 689 1736 757; x_wconf 85' lang='lat' dir='ltr'>Serveto</span> <span class='ocrx_word' id='word_1_57' title='bbox 1759 712 1860 774; x_wconf 76' lang='lat' dir='ltr'>supra</span> <span class='ocrx_word' id='word_1_58' title='bbox 1882 691 2068 774; x_wconf 82' lang='lat' dir='ltr'>abruptam,</span> <span class='ocrx_word' id='word_1_59' title='bbox 2089 693 2135 757; x_wconf 77' lang='lat' dir='ltr'>ito</span> 
     </span>
     <span class='ocr_line' id='line_1_6' title="bbox 125 800 2135 890; baseline 0 -19"><span class='ocrx_word' id='word_1_60' title='bbox 125 804 259 890; x_wconf 89' lang='lat' dir='ltr'>quidem</span> <span class='ocrx_word' id='word_1_61' title='bbox 281 801 375 868; x_wconf 92' lang='lat' dir='ltr'>utin</span> <span class='ocrx_word' id='word_1_62' title='bbox 396 801 488 866; x_wconf 91' lang='lat' dir='ltr'>libris</span> <span class='ocrx_word' id='word_1_63' title='bbox 509 800 678 885; x_wconf 88' lang='lat' dir='ltr'>impressis</span> <span class='ocrx_word' id='word_1_64' title='bbox 700 801 841 866; x_wconf 83' lang='lat' dir='ltr'>alterum</span> <span class='ocrx_word' id='word_1_65' title='bbox 862 800 1013 885; x_wconf 88' lang='lat' dir='ltr'>opusculi</span> <span class='ocrx_word' id='word_1_66' title='bbox 1034 800 1235 868; x_wconf 89' lang='lat' dir='ltr'>elementum</span> <span class='ocrx_word' id='word_1_67' title='bbox 1257 800 1299 867; x_wconf 88' lang='lat' dir='ltr'>ab</span> <span class='ocrx_word' id='word_1_68' title='bbox 1321 801 1433 880; x_wconf 86' lang='lat' dir='ltr'>altero,</span> <span class='ocrx_word' id='word_1_69' title='bbox 1453 802 1621 885; x_wconf 85' lang='lat' dir='ltr'>responsio</span> <span class='ocrx_word' id='word_1_70' title='bbox 1642 801 1770 886; x_wconf 83' lang='lat' dir='ltr'>pridem</span> <span class='ocrx_word' id='word_1_71' title='bbox 1792 809 1928 869; x_wconf 81' lang='lat' dir='ltr'>exarata</span> <span class='ocrx_word' id='word_1_72' title='bbox 1949 802 1992 869; x_wconf 88' lang='lat' dir='ltr'>ad</span> <span class='ocrx_word' id='word_1_73' title='bbox 2015 802 2135 871; x_wconf 81' lang='lat' dir='ltr'>Serve·</span> 
     </span>
     <span class='ocr_line' id='line_1_7' title="bbox 124 908 2134 999; baseline 0 -17"><span class='ocrx_word' id='word_1_74' title='bbox 124 925 198 982; x_wconf 86' lang='lat' dir='ltr'>tum</span> <span class='ocrx_word' id='word_1_75' title='bbox 220 937 241 981; x_wconf 84' lang='lat' dir='ltr'>a</span> <span class='ocrx_word' id='word_1_76' title='bbox 261 934 349 980; x_wconf 84' lang='lat' dir='ltr'>nova</span> <span class='ocrx_word' id='word_1_77' title='bbox 369 913 432 979; x_wconf 89' lang='lat' dir='ltr'>hac</span> <span class='ocrx_word' id='word_1_78' title='bbox 452 908 526 995; x_wconf 81' lang='lat' dir='ltr'>ipsa</span> <span class='ocrx_word' id='word_1_79' title='bbox 547 910 589 977; x_wconf 91' lang='lat' dir='ltr'>ad</span> <span class='ocrx_word' id='word_1_80' title='bbox 608 911 765 979; x_wconf 83' lang='lat' dir='ltr'>lectorem</span> <span class='ocrx_word' id='word_1_81' title='bbox 786 912 998 997; x_wconf 82' lang='lat' dir='ltr'>expositione,</span> <span class='ocrx_word' id='word_1_82' title='bbox 1027 913 1120 979; x_wconf 90' lang='lat' dir='ltr'>nullo</span> <span class='ocrx_word' id='word_1_83' title='bbox 1142 920 1281 979; x_wconf 88' lang='lat' dir='ltr'>externo</span> <span class='ocrx_word' id='word_1_84' title='bbox 1303 913 1400 999; x_wconf 74' lang='lat' dir='ltr'>signo</span> <span class='ocrx_word' id='word_1_85' title='bbox 1420 912 1656 998; x_wconf 81' lang='lat' dir='ltr'>distinguatur,</span> <span class='ocrx_word' id='word_1_86' title='bbox 1689 914 1775 998; x_wconf 86' lang='lat' dir='ltr'>quod</span> <span class='ocrx_word' id='word_1_87' title='bbox 1796 915 1830 980; x_wconf 94' lang='lat' dir='ltr'>in</span> <span class='ocrx_word' id='word_1_88' title='bbox 1852 922 1967 981; x_wconf 87' lang='lat' dir='ltr'>nostra</span> <span class='ocrx_word' id='word_1_89' title='bbox 1993 914 2134 982; x_wconf 86' lang='lat' dir='ltr'>editione</span> 
     </span>
     <span class='ocr_line' id='line_1_8' title="bbox 124 1021 1194 1111; baseline -0.002 -17"><span class='ocrx_word' id='word_1_90' title='bbox 124 1030 162 1094; x_wconf 92' lang='lat' dir='ltr'>in</span> <span class='ocrx_word' id='word_1_91' title='bbox 186 1034 282 1093; x_wconf 90' lang='lat' dir='ltr'>tuum</span> <span class='ocrx_word' id='word_1_92' title='bbox 303 1023 509 1090; x_wconf 86' lang='lat' dir='ltr'>commodum</span> <span class='ocrx_word' id='word_1_93' title='bbox 531 1021 743 1089; x_wconf 88' lang='lat' dir='ltr'>emendatum</span> <span class='ocrx_word' id='word_1_94' title='bbox 764 1025 908 1107; x_wconf 85' lang='lat' dir='ltr'>reperies</span> <span class='ocrx_word' id='word_1_95' title='bbox 932 1030 1021 1111; x_wconf 84' lang='lat' dir='ltr'>(pag.</span> <span class='ocrx_word' id='word_1_96' title='bbox 1044 1029 1194 1106; x_wconf 81' lang='grc'>58-64).</span> 
     </span>
    </p>

    <p class='ocr_par' dir='ltr' id='par_1_3' title="bbox 123 1124 2134 1668">
     <span class='ocr_line' id='line_1_9' title="bbox 281 1124 2132 1222; baseline 0.002 -20"><span class='ocrx_word' id='word_1_97' title='bbox 281 1135 348 1202; x_wconf 82' lang='lat' dir='ltr'>Sed</span> <span class='ocrx_word' id='word_1_98' title='bbox 369 1141 546 1218; x_wconf 85' lang='lat' dir='ltr'>antequam</span> <span class='ocrx_word' id='word_1_99' title='bbox 567 1134 602 1199; x_wconf 93' lang='lat' dir='ltr'>in</span> <span class='ocrx_word' id='word_1_100' title='bbox 624 1133 834 1202; x_wconf 81' lang='lat' dir='ltr'>recensendis</span> <span class='ocrx_word' id='word_1_101' title='bbox 855 1135 960 1203; x_wconf 89' lang='lat' dir='ltr'>libelli</span> <span class='ocrx_word' id='word_1_102' title='bbox 989 1139 1096 1203; x_wconf 89' lang='lat' dir='ltr'>nostri</span> <span class='ocrx_word' id='word_1_103' title='bbox 1122 1124 1272 1222; x_wconf 85' lang='lat' dir='ltr'>partibus</span> <span class='ocrx_word' id='word_1_104' title='bbox 1299 1136 1389 1203; x_wconf 86' lang='lat' dir='ltr'>ultra</span> <span class='ocrx_word' id='word_1_105' title='bbox 1413 1136 1675 1221; x_wconf 83' lang='lat' dir='ltr'>progrediamur,</span> <span class='ocrx_word' id='word_1_106' title='bbox 1707 1141 1993 1222; x_wconf 85' lang='lat' dir='ltr'>operaepretium</span> <span class='ocrx_word' id='word_1_107' title='bbox 2015 1141 2132 1206; x_wconf 82' lang='lat' dir='ltr'>facturi</span> 
     </span>
     <span class='ocr_line' id='line_1_10' title="bbox 125 1245 2134 1334; baseline 0 -16"><span class='ocrx_word' id='word_1_108' title='bbox 125 1251 220 1318; x_wconf 89' lang='lat' dir='ltr'>nobis</span> <span class='ocrx_word' id='word_1_109' title='bbox 239 1247 393 1314; x_wconf 83' lang='lat' dir='ltr'>videmur</span> <span class='ocrx_word' id='word_1_110' title='bbox 412 1247 538 1311; x_wconf 82' lang='lat' dir='ltr'>ineerta</span> <span class='ocrx_word' id='word_1_111' title='bbox 561 1245 626 1312; x_wconf 82' lang='lat' dir='ltr'>alia</span> <span class='ocrx_word' id='word_1_112' title='bbox 647 1247 748 1312; x_wconf 81' lang='lat' dir='ltr'>eu&#39;am</span> <span class='ocrx_word' id='word_1_113' title='bbox 760 1246 891 1313; x_wconf 82' lang='lat' dir='ltr'>Servati</span> <span class='ocrx_word' id='word_1_114' title='bbox 914 1249 1061 1333; x_wconf 87' lang='lat' dir='ltr'>epistola,</span> <span class='ocrx_word' id='word_1_115' title='bbox 1085 1249 1179 1316; x_wconf 86' lang='lat' dir='ltr'>cuius</span> <span class='ocrx_word' id='word_1_116' title='bbox 1202 1249 1290 1332; x_wconf 90' lang='lat' dir='ltr'>apud</span> <span class='ocrx_word' id='word_1_117' title='bbox 1309 1248 1488 1315; x_wconf 78' lang='lat' dir='ltr'>Calvinum</span> <span class='ocrx_word' id='word_1_118' title='bbox 1510 1248 1604 1313; x_wconf 84' lang='lat' dir='ltr'>nulla</span> <span class='ocrx_word' id='word_1_119' title='bbox 1624 1250 1663 1313; x_wconf 90' lang='lat' dir='ltr'>fit</span> <span class='ocrx_word' id='word_1_120' title='bbox 1683 1251 1816 1328; x_wconf 89' lang='lat' dir='ltr'>mentio,</span> <span class='ocrx_word' id='word_1_121' title='bbox 1839 1272 1939 1334; x_wconf 89' lang='lat' dir='ltr'>quam</span> <span class='ocrx_word' id='word_1_122' title='bbox 1961 1262 2077 1317; x_wconf 87' lang='lat' dir='ltr'>autem</span> <span class='ocrx_word' id='word_1_123' title='bbox 2098 1273 2134 1318; x_wconf 90' lang='lat' dir='ltr'>eo</span> 
     </span>
     <span class='ocr_line' id='line_1_11' title="bbox 124 1357 2134 1446; baseline 0.001 -18"><span class='ocrx_word' id='word_1_124' title='bbox 124 1363 236 1428; x_wconf 88' lang='lat' dir='ltr'>minus</span> <span class='ocrx_word' id='word_1_125' title='bbox 266 1360 329 1424; x_wconf 89' lang='lat' dir='ltr'>hoo</span> <span class='ocrx_word' id='word_1_126' title='bbox 350 1358 420 1425; x_wconf 88' lang='lat' dir='ltr'>loco</span> <span class='ocrx_word' id='word_1_127' title='bbox 449 1357 724 1441; x_wconf 87' lang='lat' dir='ltr'>praetereundam</span> <span class='ocrx_word' id='word_1_128' title='bbox 750 1357 911 1441; x_wconf 88' lang='lat' dir='ltr'>ducimus,</span> <span class='ocrx_word' id='word_1_129' title='bbox 941 1360 1027 1443; x_wconf 90' lang='lat' dir='ltr'>quod</span> <span class='ocrx_word' id='word_1_130' title='bbox 1054 1361 1228 1427; x_wconf 81' lang='lat' dir='ltr'>evidenter</span> <span class='ocrx_word' id='word_1_131' title='bbox 1254 1360 1458 1426; x_wconf 87' lang='lat' dir='ltr'>demonstrat</span> <span class='ocrx_word' id='word_1_132' title='bbox 1480 1359 1672 1441; x_wconf 82' lang='lat' dir='ltr'>Servatum,</span> <span class='ocrx_word' id='word_1_133' title='bbox 1701 1368 1775 1443; x_wconf 89' lang='lat' dir='ltr'>post</span> <span class='ocrx_word' id='word_1_134' title='bbox 1802 1371 1969 1446; x_wconf 88' lang='lat' dir='ltr'>receptam</span> <span class='ocrx_word' id='word_1_135' title='bbox 1996 1364 2134 1431; x_wconf 81' lang='lat' dir='ltr'>alteram</span> 
     </span>
     <span class='ocr_line' id='line_1_12' title="bbox 124 1470 2133 1558; baseline 0.001 -18"><span class='ocrx_word' id='word_1_136' title='bbox 124 1474 217 1540; x_wconf 87' lang='lat' dir='ltr'>illam</span> <span class='ocrx_word' id='word_1_137' title='bbox 239 1470 497 1554; x_wconf 87' lang='lat' dir='ltr'>responsionem,</span> <span class='ocrx_word' id='word_1_138' title='bbox 520 1471 711 1554; x_wconf 83' lang='lat' dir='ltr'>neutiquam</span> <span class='ocrx_word' id='word_1_139' title='bbox 733 1470 769 1535; x_wconf 92' lang='lat' dir='ltr'>in</span> <span class='ocrx_word' id='word_1_140' title='bbox 791 1472 990 1537; x_wconf 87' lang='lat' dir='ltr'>sententiam</span> <span class='ocrx_word' id='word_1_141' title='bbox 1018 1473 1197 1540; x_wconf 84' lang='lat' dir='ltr'>adversarii</span> <span class='ocrx_word' id='word_1_142' title='bbox 1226 1473 1406 1538; x_wconf 85' lang='lat' dir='ltr'>transiisse.</span> <span class='ocrx_word' id='word_1_143' title='bbox 1456 1473 1577 1539; x_wconf 82' lang='lat' dir='ltr'>Exstat</span> <span class='ocrx_word' id='word_1_144' title='bbox 1605 1471 1743 1555; x_wconf 85' lang='lat' dir='ltr'>epistola</span> <span class='ocrx_word' id='word_1_145' title='bbox 1768 1473 1826 1538; x_wconf 89' lang='lat' dir='ltr'>illa</span> <span class='ocrx_word' id='word_1_146' title='bbox 1853 1475 1987 1558; x_wconf 86' lang='lat' dir='ltr'>propria</span> <span class='ocrx_word' id='word_1_147' title='bbox 2009 1476 2133 1542; x_wconf 84' lang='lat' dir='ltr'>autoris</span> 
     </span>
     <span class='ocr_line' id='line_1_13' title="bbox 123 1576 1994 1668; baseline -0.002 -15"><span class='ocrx_word' id='word_1_148' title='bbox 123 1585 176 1654; x_wconf 87' lang='lat' dir='ltr'>sui</span> <span class='ocrx_word' id='word_1_149' title='bbox 196 1605 299 1650; x_wconf 88' lang='lat' dir='ltr'>manu</span> <span class='ocrx_word' id='word_1_150' title='bbox 316 1576 439 1666; x_wconf 76' lang='lat' dir='ltr'>scripta</span> <span class='ocrx_word' id='word_1_151' title='bbox 458 1582 495 1647; x_wconf 92' lang='lat' dir='ltr'>in</span> <span class='ocrx_word' id='word_1_152' title='bbox 516 1581 597 1648; x_wconf 80' lang='lat' dir='ltr'>(lod.</span> <span class='ocrx_word' id='word_1_153' title='bbox 622 1583 748 1650; x_wconf 77' lang='lat' dir='ltr'>Gener.</span> <span class='ocrx_word' id='word_1_154' title='bbox 774 1587 833 1648; x_wconf 88' lang='lat'>113</span> <span class='ocrx_word' id='word_1_155' title='bbox 856 1583 910 1648; x_wconf 87' lang='lat' dir='ltr'>fol</span> <span class='ocrx_word' id='word_1_156' title='bbox 936 1587 995 1650; x_wconf 88' lang='lat'>108</span> <span class='ocrx_word' id='word_1_157' title='bbox 1018 1591 1052 1650; x_wconf 90' lang='lat' dir='ltr'>et</span> <span class='ocrx_word' id='word_1_158' title='bbox 1072 1585 1194 1668; x_wconf 89' lang='lat' dir='ltr'>absque</span> <span class='ocrx_word' id='word_1_159' title='bbox 1217 1585 1430 1668; x_wconf 79' lang='lat' dir='ltr'>inscriptione</span> <span class='ocrx_word' id='word_1_160' title='bbox 1452 1593 1485 1649; x_wconf 90' lang='lat' dir='ltr'>et</span> <span class='ocrx_word' id='word_1_161' title='bbox 1505 1583 1745 1668; x_wconf 79' lang='lat' dir='ltr'>subscriptione</span> <span class='ocrx_word' id='word_1_162' title='bbox 1766 1586 1813 1651; x_wconf 90' lang='lat' dir='ltr'>sic</span> <span class='ocrx_word' id='word_1_163' title='bbox 1831 1585 1994 1651; x_wconf 88' lang='lat' dir='ltr'>decurrit:</span> 
     </span>
    </p>
   </div>
   <div class='ocr_carea' id='block_1_3' title="bbox 117 1800 2135 2336">
    <p class='ocr_par' dir='ltr' id='par_1_4' title="bbox 117 1800 2135 2336">
     <span class='ocr_line' id='line_1_14' title="bbox 279 1800 2133 1890; baseline 0.001 -17"><span class='ocrx_word' id='word_1_164' title='bbox 279 1806 331 1873; x_wconf 89' lang='lat' dir='ltr'>De</span> <span class='ocrx_word' id='word_1_165' title='bbox 345 1807 457 1889; x_wconf 86' lang='lat' dir='ltr'>prima</span> <span class='ocrx_word' id='word_1_166' title='bbox 484 1806 660 1888; x_wconf 79' lang='lat' dir='ltr'>quaestione</span> <span class='ocrx_word' id='word_1_167' title='bbox 688 1826 751 1873; x_wconf 90' lang='lat' dir='ltr'>non</span> <span class='ocrx_word' id='word_1_168' title='bbox 777 1808 918 1890; x_wconf 88' lang='lat' dir='ltr'>amplias</span> <span class='ocrx_word' id='word_1_169' title='bbox 945 1809 1133 1874; x_wconf 84' lang='lat' dir='ltr'>contendam</span> <span class='ocrx_word' id='word_1_170' title='bbox 1165 1800 1253 1872; x_wconf 73' lang='lat' dir='ltr'>&#39;Hoc</span> <span class='ocrx_word' id='word_1_171' title='bbox 1279 1827 1378 1872; x_wconf 87' lang='lat' dir='ltr'>nnmn</span> <span class='ocrx_word' id='word_1_172' title='bbox 1405 1813 1433 1872; x_wconf 86' lang='lat' dir='ltr'>le</span> <span class='ocrx_word' id='word_1_173' title='bbox 1461 1808 1568 1872; x_wconf 89' lang='lat' dir='ltr'>lubens</span> <span class='ocrx_word' id='word_1_174' title='bbox 1590 1808 1714 1873; x_wconf 73' lang='lat' dir='ltr'>maudo</span> <span class='ocrx_word' id='word_1_175' title='bbox 1741 1829 1780 1873; x_wconf 91' lang='lat' dir='ltr'>ne</span> <span class='ocrx_word' id='word_1_176' title='bbox 1807 1807 1888 1874; x_wconf 79' lang='lat' dir='ltr'>aluo</span> <span class='ocrx_word' id='word_1_177' title='bbox 1910 1808 2007 1873; x_wconf 89' lang='lat' dir='ltr'>trium</span> <span class='ocrx_word' id='word_1_178' title='bbox 2028 1830 2133 1875; x_wconf 82' lang='lat' dir='ltr'>rernm</span> 
     </span>
     <span class='ocr_line' id='line_1_15' title="bbox 122 1917 2135 2001; baseline 0 -15"><span class='ocrx_word' id='word_1_179' title='bbox 122 1923 296 1986; x_wconf 82' lang='lat' dir='ltr'>monstmm</span> <span class='ocrx_word' id='word_1_180' title='bbox 316 1923 436 1984; x_wconf 87' lang='lat' dir='ltr'>tautum</span> <span class='ocrx_word' id='word_1_181' title='bbox 456 1922 566 1982; x_wconf 88' lang='lat' dir='ltr'>ettam</span> <span class='ocrx_word' id='word_1_182' title='bbox 582 1919 776 2000; x_wconf 90' lang='lat' dir='ltr'>impossibile</span> <span class='ocrx_word' id='word_1_183' title='bbox 797 1918 910 1985; x_wconf 88' lang='lat' dir='ltr'>inDea</span> <span class='ocrx_word' id='word_1_184' title='bbox 931 1925 966 1984; x_wconf 89' lang='lat' dir='ltr'>tn</span> <span class='ocrx_word' id='word_1_185' title='bbox 987 1920 1136 1985; x_wconf 89' lang='lat' dir='ltr'>admittas</span> <span class='ocrx_word' id='word_1_186' title='bbox 1152 1920 1252 1985; x_wconf 88' lang='lat' dir='ltr'>nullis</span> <span class='ocrx_word' id='word_1_187' title='bbox 1273 1920 1345 1985; x_wconf 87' lang='lat' dir='ltr'>bene</span> <span class='ocrx_word' id='word_1_188' title='bbox 1367 1920 1529 1984; x_wconf 83' lang='lat' dir='ltr'>intellectis</span> <span class='ocrx_word' id='word_1_189' title='bbox 1549 1921 1718 2001; x_wconf 86' lang='lat' dir='ltr'>scripturis</span> <span class='ocrx_word' id='word_1_190' title='bbox 1733 1917 1909 2000; x_wconf 73' lang='lat' dir='ltr'>maiatum.</span> <span class='ocrx_word' id='word_1_191' title='bbox 1943 1920 2016 1985; x_wconf 87' lang='lat' dir='ltr'>Hac</span> <span class='ocrx_word' id='word_1_192' title='bbox 2033 1926 2135 1986; x_wconf 82' lang='lat' dir='ltr'>tamen</span> 
     </span>
     <span class='ocr_line' id='line_1_16' title="bbox 122 2029 2127 2114; baseline 0 -17"><span class='ocrx_word' id='word_1_193' title='bbox 122 2032 300 2097; x_wconf 81' lang='lat' dir='ltr'>rationein</span> <span class='ocrx_word' id='word_1_194' title='bbox 320 2031 455 2096; x_wconf 75' lang='lat' dir='ltr'>moenis</span> <span class='ocrx_word' id='word_1_195' title='bbox 476 2030 559 2112; x_wconf 79' lang='lat' dir='ltr'>quod</span> <span class='ocrx_word' id='word_1_196' title='bbox 579 2029 670 2096; x_wconf 89' lang='lat' dir='ltr'>Deus</span> <span class='ocrx_word' id='word_1_197' title='bbox 691 2031 729 2096; x_wconf 89' lang='lat' dir='ltr'>ab</span> <span class='ocrx_word' id='word_1_198' title='bbox 750 2035 874 2096; x_wconf 84' lang='lat' dir='ltr'>aeterm</span> <span class='ocrx_word' id='word_1_199' title='bbox 895 2032 1012 2097; x_wconf 76' lang='lat' dir='ltr'>dndar</span> <span class='ocrx_word' id='word_1_200' title='bbox 1027 2037 1131 2112; x_wconf 91' lang='lat' dir='ltr'>pater.</span> <span class='ocrx_word' id='word_1_201' title='bbox 1179 2031 1280 2112; x_wconf 75' lang='lat' dir='ltr'>Quasi</span> <span class='ocrx_word' id='word_1_202' title='bbox 1303 2051 1355 2114; x_wconf 81' lang='lat' dir='ltr'>epo</span> <span class='ocrx_word' id='word_1_203' title='bbox 1384 2051 1445 2095; x_wconf 87' lang='lat' dir='ltr'>non</span> <span class='ocrx_word' id='word_1_204' title='bbox 1467 2030 1551 2095; x_wconf 85' lang='lat' dir='ltr'>clare</span> <span class='ocrx_word' id='word_1_205' title='bbox 1572 2031 1742 2111; x_wconf 82' lang='lat' dir='ltr'>domarim,</span> <span class='ocrx_word' id='word_1_206' title='bbox 1765 2031 1887 2096; x_wconf 86' lang='lat' dir='ltr'>seclusa</span> <span class='ocrx_word' id='word_1_207' title='bbox 1908 2032 1943 2095; x_wconf 91' lang='lat' dir='ltr'>in</span> <span class='ocrx_word' id='word_1_208' title='bbox 1965 2031 2035 2096; x_wconf 83' lang='lat' dir='ltr'>Deo</span> <span class='ocrx_word' id='word_1_209' title='bbox 2057 2038 2127 2098; x_wconf 90' lang='lat' dir='ltr'>tem·</span> 
     </span>
     <span class='ocr_line' id='line_1_17' title="bbox 117 2141 2134 2230; baseline 0.002 -24"><span class='ocrx_word' id='word_1_210' title='bbox 117 2163 236 2224; x_wconf 82' lang='lat' dir='ltr'>parum</span> <span class='ocrx_word' id='word_1_211' title='bbox 255 2143 387 2217; x_wconf 86' lang='lat' dir='ltr'>ratione,</span> <span class='ocrx_word' id='word_1_212' title='bbox 409 2162 480 2206; x_wconf 93' lang='lat' dir='ltr'>eum</span> <span class='ocrx_word' id='word_1_213' title='bbox 500 2162 622 2223; x_wconf 89' lang='lat' dir='ltr'>semper</span> <span class='ocrx_word' id='word_1_214' title='bbox 643 2143 707 2206; x_wconf 89' lang='lat' dir='ltr'>dici</span> <span class='ocrx_word' id='word_1_215' title='bbox 724 2147 848 2230; x_wconf 84' lang='lat' dir='ltr'>patrem</span> <span class='ocrx_word' id='word_1_216' title='bbox 870 2148 897 2208; x_wconf 87' lang='lat' dir='ltr'>et</span> <span class='ocrx_word' id='word_1_217' title='bbox 918 2143 958 2208; x_wconf 89' lang='lat' dir='ltr'>ab</span> <span class='ocrx_word' id='word_1_218' title='bbox 980 2147 1101 2207; x_wconf 86' lang='lat' dir='ltr'>aeterno</span> <span class='ocrx_word' id='word_1_219' title='bbox 1121 2142 1226 2222; x_wconf 66' lang='lat' dir='ltr'>liliam</span> <span class='ocrx_word' id='word_1_220' title='bbox 1248 2141 1330 2206; x_wconf 87' lang='lat' dir='ltr'>buno</span> <span class='ocrx_word' id='word_1_221' title='bbox 1349 2162 1501 2225; x_wconf 79' lang='lat' dir='ltr'>penerare</span> <span class='ocrx_word' id='word_1_222' title='bbox 1520 2143 1556 2206; x_wconf 91' lang='lat' dir='ltr'>in</span> <span class='ocrx_word' id='word_1_223' title='bbox 1577 2162 1636 2222; x_wconf 80' lang='lat' dir='ltr'>quo</span> <span class='ocrx_word' id='word_1_224' title='bbox 1658 2146 1687 2206; x_wconf 87' lang='lat' dir='ltr'>et</span> <span class='ocrx_word' id='word_1_225' title='bbox 1701 2147 1813 2224; x_wconf 85' lang='lat' dir='ltr'>patres</span> <span class='ocrx_word' id='word_1_226' title='bbox 1830 2143 1954 2223; x_wconf 59' lang='lat' dir='ltr'>arabat</span> <span class='ocrx_word' id='word_1_227' title='bbox 1975 2163 2066 2226; x_wconf 87' lang='lat' dir='ltr'>spem</span> <span class='ocrx_word' id='word_1_228' title='bbox 2082 2143 2134 2210; x_wconf 85' lang='lat' dir='ltr'>bo·</span> 
     </span>
     <span class='ocr_line' id='line_1_18' title="bbox 123 2252 2135 2336; baseline 0 -17"><span class='ocrx_word' id='word_1_229' title='bbox 123 2255 263 2319; x_wconf 88' lang='lat' dir='ltr'>buerant.</span> <span class='ocrx_word' id='word_1_230' title='bbox 307 2253 363 2317; x_wconf 85' lang='lat' dir='ltr'>Ad</span> <span class='ocrx_word' id='word_1_231' title='bbox 384 2253 471 2336; x_wconf 81' lang='lat' dir='ltr'>lopun</span> <span class='ocrx_word' id='word_1_232' title='bbox 501 2253 546 2317; x_wconf 90' lang='lat' dir='ltr'>du</span> <span class='ocrx_word' id='word_1_233' title='bbox 570 2273 723 2334; x_wconf 78' lang='lat' dir='ltr'>provocas</span> <span class='ocrx_word' id='word_1_234' title='bbox 752 2255 846 2336; x_wconf 79' lang='lat' dir='ltr'>quasi</span> <span class='ocrx_word' id='word_1_235' title='bbox 868 2253 1026 2319; x_wconf 76' lang='lat' dir='ltr'>Iohannes</span> <span class='ocrx_word' id='word_1_236' title='bbox 1054 2254 1210 2319; x_wconf 86' lang='lat' dir='ltr'>voluntate</span> <span class='ocrx_word' id='word_1_237' title='bbox 1237 2253 1378 2318; x_wconf 85' lang='lat' dir='ltr'>bumana</span> <span class='ocrx_word' id='word_1_238' title='bbox 1409 2253 1495 2336; x_wconf 80' lang='lat' dir='ltr'>lapan</span> <span class='ocrx_word' id='word_1_239' title='bbox 1524 2254 1643 2318; x_wconf 75' lang='lat' dir='ltr'>dixerit</span> <span class='ocrx_word' id='word_1_240' title='bbox 1664 2252 1772 2335; x_wconf 88' lang='lat' dir='ltr'>potius</span> <span class='ocrx_word' id='word_1_241' title='bbox 1801 2274 1898 2335; x_wconf 78' lang='lat' dir='ltr'>quam</span> <span class='ocrx_word' id='word_1_242' title='bbox 1922 2255 2036 2335; x_wconf 70' lang='lat' dir='ltr'>tilium</span> <span class='ocrx_word' id='word_1_243' title='bbox 2082 2255 2135 2320; x_wconf 83' lang='lat' dir='ltr'>Ad</span> 
     </span>
    </p>
   </div>
   <div class='ocr_carea' id='block_1_4' title="bbox 122 2364 2137 2782">
    <p class='ocr_par' dir='ltr' id='par_1_5' title="bbox 122 2364 2137 2782">
     <span class='ocr_line' id='line_1_19' title="bbox 124 2364 2136 2448; baseline 0 -17"><span class='ocrx_word' id='word_1_244' title='bbox 124 2365 320 2432; x_wconf 84' lang='lat' dir='ltr'>abiectionem</span> <span class='ocrx_word' id='word_1_245' title='bbox 341 2384 442 2428; x_wconf 90' lang='lat' dir='ltr'>meam</span> <span class='ocrx_word' id='word_1_246' title='bbox 464 2365 545 2445; x_wconf 77' lang='lat' dir='ltr'>quod</span> <span class='ocrx_word' id='word_1_247' title='bbox 566 2371 734 2431; x_wconf 83' lang='lat' dir='ltr'>mortstrase</span> <span class='ocrx_word' id='word_1_248' title='bbox 754 2366 945 2448; x_wconf 80' lang='lat' dir='ltr'>discerpitur</span> <span class='ocrx_word' id='word_1_249' title='bbox 966 2367 1043 2430; x_wconf 88' lang='lat' dir='ltr'>dens</span> <span class='ocrx_word' id='word_1_250' title='bbox 1065 2371 1093 2428; x_wconf 83' lang='lat' dir='ltr'>et</span> <span class='ocrx_word' id='word_1_251' title='bbox 1114 2366 1197 2447; x_wconf 76' lang='lat' dir='ltr'>quod</span> <span class='ocrx_word' id='word_1_252' title='bbox 1218 2365 1280 2430; x_wconf 73' lang='lat' dir='ltr'>cluo</span> <span class='ocrx_word' id='word_1_253' title='bbox 1305 2364 1369 2445; x_wconf 72' lang='lat' dir='ltr'>filii</span> <span class='ocrx_word' id='word_1_254' title='bbox 1398 2365 1567 2430; x_wconf 87' lang='lat' dir='ltr'>doceantur</span> <span class='ocrx_word' id='word_1_255' title='bbox 1593 2369 1626 2428; x_wconf 90' lang='lat' dir='ltr'>tn</span> <span class='ocrx_word' id='word_1_256' title='bbox 1654 2364 1737 2428; x_wconf 82' lang='lat' dir='ltr'>nibil</span> <span class='ocrx_word' id='word_1_257' title='bbox 1762 2365 1930 2445; x_wconf 88' lang='lat' dir='ltr'>respondes</span> <span class='ocrx_word' id='word_1_258' title='bbox 1958 2368 2013 2431; x_wconf 90' lang='lat' dir='ltr'>sed</span> <span class='ocrx_word' id='word_1_259' title='bbox 2043 2368 2136 2448; x_wconf 63' lang='lat' dir='ltr'>quan</span> 
     </span>
     <span class='ocr_line' id='line_1_20' title="bbox 123 2475 2136 2556; baseline 0.002 -16"><span class='ocrx_word' id='word_1_260' title='bbox 123 2476 235 2541; x_wconf 84' lang='lat' dir='ltr'>ludens</span> <span class='ocrx_word' id='word_1_261' title='bbox 256 2476 294 2540; x_wconf 89' lang='lat' dir='ltr'>de</span> <span class='ocrx_word' id='word_1_262' title='bbox 314 2476 434 2541; x_wconf 86' lang='lat' dir='ltr'>duobus</span> <span class='ocrx_word' id='word_1_263' title='bbox 454 2478 649 2542; x_wconf 80' lang='lat' dir='ltr'>sermonibus</span> <span class='ocrx_word' id='word_1_264' title='bbox 671 2476 788 2556; x_wconf 82' lang='lat' dir='ltr'>oblisis,</span> <span class='ocrx_word' id='word_1_265' title='bbox 810 2498 872 2542; x_wconf 87' lang='lat' dir='ltr'>aaa</span> <span class='ocrx_word' id='word_1_266' title='bbox 895 2477 1146 2543; x_wconf 83' lang='lat' dir='ltr'>animadvertens</span> <span class='ocrx_word' id='word_1_267' title='bbox 1167 2476 1202 2540; x_wconf 91' lang='lat' dir='ltr'>in</span> <span class='ocrx_word' id='word_1_268' title='bbox 1223 2477 1455 2556; x_wconf 82' lang='lat' dir='ltr'>dispensatione</span> <span class='ocrx_word' id='word_1_269' title='bbox 1482 2477 1646 2540; x_wconf 75' lang='lat' dir='ltr'>cornntere</span> <span class='ocrx_word' id='word_1_270' title='bbox 1674 2496 1855 2553; x_wconf 70' lang='lat' dir='ltr'>semorum,</span> <span class='ocrx_word' id='word_1_271' title='bbox 1876 2475 1940 2555; x_wconf 72' lang='lat' dir='ltr'>dlii</span> <span class='ocrx_word' id='word_1_272' title='bbox 1961 2482 2066 2543; x_wconf 85' lang='lat' dir='ltr'>autem</span> <span class='ocrx_word' id='word_1_273' title='bbox 2086 2499 2136 2544; x_wconf 87' lang='lat' dir='ltr'>uo·</span> 
     </span>
     <span class='ocr_line' id='line_1_21' title="bbox 123 2586 2137 2670; baseline -0 -17"><span class='ocrx_word' id='word_1_274' title='bbox 123 2587 266 2653; x_wconf 82' lang='lat' dir='ltr'>sabulum</span> <span class='ocrx_word' id='word_1_275' title='bbox 287 2607 353 2653; x_wconf 90' lang='lat' dir='ltr'>esse</span> <span class='ocrx_word' id='word_1_276' title='bbox 373 2587 478 2670; x_wconf 79' lang='lat' dir='ltr'>mapis</span> <span class='ocrx_word' id='word_1_277' title='bbox 497 2586 703 2653; x_wconf 73' lang='lat' dir='ltr'>substantiale</span> <span class='ocrx_word' id='word_1_278' title='bbox 724 2592 752 2652; x_wconf 91' lang='lat' dir='ltr'>et</span> <span class='ocrx_word' id='word_1_279' title='bbox 773 2588 856 2670; x_wconf 80' lang='lat' dir='ltr'>quad</span> <span class='ocrx_word' id='word_1_280' title='bbox 882 2587 932 2653; x_wconf 83' lang='lat' dir='ltr'>bic</span> <span class='ocrx_word' id='word_1_281' title='bbox 950 2588 1041 2670; x_wconf 75' lang='lat' dir='ltr'>pilius</span> <span class='ocrx_word' id='word_1_282' title='bbox 1063 2587 1102 2651; x_wconf 92' lang='lat' dir='ltr'>ab</span> <span class='ocrx_word' id='word_1_283' title='bbox 1123 2608 1157 2653; x_wconf 89' lang='lat' dir='ltr'>eo</span> <span class='ocrx_word' id='word_1_284' title='bbox 1183 2607 1321 2652; x_wconf 88' lang='lat' dir='ltr'>sermone</span> <span class='ocrx_word' id='word_1_285' title='bbox 1341 2587 1457 2652; x_wconf 88' lang='lat' dir='ltr'>dieitur</span> <span class='ocrx_word' id='word_1_286' title='bbox 1476 2587 1611 2668; x_wconf 66' lang='lat' dir='ltr'>piliuset</span> <span class='ocrx_word' id='word_1_287' title='bbox 1632 2607 1741 2652; x_wconf 91' lang='lat' dir='ltr'>sermo.</span> <span class='ocrx_word' id='word_1_288' title='bbox 1787 2586 1930 2668; x_wconf 86' lang='lat' dir='ltr'>Impanis</span> <span class='ocrx_word' id='word_1_289' title='bbox 1951 2587 2033 2652; x_wconf 87' lang='lat' dir='ltr'>mibi</span> <span class='ocrx_word' id='word_1_290' title='bbox 2055 2590 2137 2670; x_wconf 71' lang='lat' dir='ltr'>quod</span> 
     </span>
     <span class='ocr_line' id='line_1_22' title="bbox 122 2697 2136 2782; baseline 0.001 -18"><span class='ocrx_word' id='word_1_291' title='bbox 122 2718 298 2764; x_wconf 89' lang='lat' dir='ltr'>sermonem</span> <span class='ocrx_word' id='word_1_292' title='bbox 315 2719 367 2782; x_wconf 80' lang='lat' dir='ltr'>epo</span> <span class='ocrx_word' id='word_1_293' title='bbox 385 2699 489 2764; x_wconf 82' lang='lat' dir='ltr'>diemo</span> <span class='ocrx_word' id='word_1_294' title='bbox 500 2699 672 2780; x_wconf 76' lang='lat' dir='ltr'>aliquando</span> <span class='ocrx_word' id='word_1_295' title='bbox 689 2700 832 2781; x_wconf 86' lang='lat' dir='ltr'>caepisse.</span> <span class='ocrx_word' id='word_1_296' title='bbox 869 2699 1052 2782; x_wconf 83' lang='lat' dir='ltr'>Oppositum</span> <span class='ocrx_word' id='word_1_297' title='bbox 1070 2699 1315 2780; x_wconf 72' lang='lat' dir='ltr'>expressedooea</span> <span class='ocrx_word' id='word_1_298' title='bbox 1327 2699 1363 2763; x_wconf 92' lang='lat' dir='ltr'>in</span> <span class='ocrx_word' id='word_1_299' title='bbox 1379 2699 1543 2780; x_wconf 84' lang='lat' dir='ltr'>principio</span> <span class='ocrx_word' id='word_1_300' title='bbox 1558 2699 1663 2779; x_wconf 85' lang='lat' dir='ltr'>primi</span> <span class='ocrx_word' id='word_1_301' title='bbox 1674 2698 1804 2782; x_wconf 81' lang='lat' dir='ltr'>dialapi.</span> <span class='ocrx_word' id='word_1_302' title='bbox 1839 2697 2047 2781; x_wconf 84' lang='lat' dir='ltr'>prostasim</span> <span class='ocrx_word' id='word_1_303' title='bbox 2058 2701 2136 2779; x_wconf 85' lang='lat' dir='ltr'>eius,</span> 
     </span>
    </p>
   </div>
   <div class='ocr_carea' id='block_1_5' title="bbox 121 2793 2137 2894">
    <p class='ocr_par' dir='ltr' id='par_1_6' title="bbox 121 2793 2137 2894">
     <span class='ocr_line' id='line_1_23' title="bbox 121 2793 2137 2894; baseline 0 -18"><span class='ocrx_word' id='word_1_304' title='bbox 121 2811 387 2891; x_wconf 73' lang='lat' dir='ltr'>dispensationem</span> <span class='ocrx_word' id='word_1_305' title='bbox 409 2815 576 2890; x_wconf 86' lang='lat' dir='ltr'>aeternam,</span> <span class='ocrx_word' id='word_1_306' title='bbox 595 2811 700 2893; x_wconf 80' lang='lat' dir='ltr'>futuri</span> <span class='ocrx_word' id='word_1_307' title='bbox 722 2812 858 2877; x_wconf 87' lang='lat' dir='ltr'>bominis</span> <span class='ocrx_word' id='word_1_308' title='bbox 869 2815 1079 2894; x_wconf 88' lang='lat' dir='ltr'>personamet</span> <span class='ocrx_word' id='word_1_309' title='bbox 1099 2809 1305 2876; x_wconf 78' lang='lat' dir='ltr'>substantiam</span> <span class='ocrx_word' id='word_1_310' title='bbox 1326 2810 1492 2892; x_wconf 79' lang='lat' dir='ltr'>manifeste</span> <span class='ocrx_word' id='word_1_311' title='bbox 1504 2811 1592 2875; x_wconf 86' lang='lat' dir='ltr'>doceo</span> <span class='ocrx_word' id='word_1_312' title='bbox 1603 2816 1639 2874; x_wconf 90' lang='lat' dir='ltr'>ut</span> <span class='ocrx_word' id='word_1_313' title='bbox 1659 2793 1695 2874; x_wconf 91' lang='lat' dir='ltr'>in</span> <span class='ocrx_word' id='word_1_314' title='bbox 1716 2830 1753 2874; x_wconf 90' lang='lat' dir='ltr'>ea</span> <span class='ocrx_word' id='word_1_315' title='bbox 1772 2810 1856 2890; x_wconf 68' lang='lat' dir='ltr'>taem</span> <span class='ocrx_word' id='word_1_316' title='bbox 1878 2809 2022 2876; x_wconf 87' lang='lat' dir='ltr'>uideatur</span> <span class='ocrx_word' id='word_1_317' title='bbox 2033 2810 2137 2877; x_wconf 85' lang='lat' dir='ltr'>Deus.</span> 
     </span>
    </p>
   </div>
   <div class='ocr_carea' id='block_1_6' title="bbox 40 2920 2144 5122">
    <p class='ocr_par' dir='ltr' id='par_1_7' title="bbox 40 2920 2144 5122">
     <span class='ocr_line' id='line_1_24' title="bbox 279 2920 2137 3006; baseline 0.001 -20"><span class='ocrx_word' id='word_1_318' title='bbox 279 2922 323 2987; x_wconf 88' lang='lat' dir='ltr'>In</span> <span class='ocrx_word' id='word_1_319' title='bbox 344 2923 480 2988; x_wconf 83' lang='lat' dir='ltr'>secunda</span> <span class='ocrx_word' id='word_1_320' title='bbox 501 2924 687 3004; x_wconf 79' lang='lat' dir='ltr'>quaestione,</span> <span class='ocrx_word' id='word_1_321' title='bbox 709 2943 842 3006; x_wconf 81' lang='lat' dir='ltr'>repnum</span> <span class='ocrx_word' id='word_1_322' title='bbox 864 2921 982 2989; x_wconf 83' lang='lat' dir='ltr'>Obristi</span> <span class='ocrx_word' id='word_1_323' title='bbox 1003 2924 1039 2986; x_wconf 91' lang='lat' dir='ltr'>in</span> <span class='ocrx_word' id='word_1_324' title='bbox 1060 2922 1148 2986; x_wconf 87' lang='lat' dir='ltr'>nobis</span> <span class='ocrx_word' id='word_1_325' title='bbox 1169 2941 1231 2985; x_wconf 86' lang='lat' dir='ltr'>nan</span> <span class='ocrx_word' id='word_1_326' title='bbox 1252 2922 1331 2986; x_wconf 87' lang='lat' dir='ltr'>satis</span> <span class='ocrx_word' id='word_1_327' title='bbox 1354 2942 1529 3005; x_wconf 80' lang='lat' dir='ltr'>apuosaens,</span> <span class='ocrx_word' id='word_1_328' title='bbox 1555 2942 1650 3005; x_wconf 83' lang='lat' dir='ltr'>rapas</span> <span class='ocrx_word' id='word_1_329' title='bbox 1670 2921 1726 2985; x_wconf 89' lang='lat' dir='ltr'>abi</span> <span class='ocrx_word' id='word_1_330' title='bbox 1746 2922 1852 2986; x_wconf 87' lang='lat' dir='ltr'>doceat</span> <span class='ocrx_word' id='word_1_331' title='bbox 1875 2920 2034 2986; x_wconf 82' lang='lat' dir='ltr'>lebannes</span> <span class='ocrx_word' id='word_1_332' title='bbox 2055 2921 2137 2988; x_wconf 90' lang='lat' dir='ltr'>tales</span> 
     </span>
     <span class='ocr_line' id='line_1_25' title="bbox 122 3031 2140 3116; baseline 0 -15"><span class='ocrx_word' id='word_1_333' title='bbox 122 3055 178 3101; x_wconf 90' lang='lat' dir='ltr'>nos</span> <span class='ocrx_word' id='word_1_334' title='bbox 199 3054 266 3101; x_wconf 89' lang='lat' dir='ltr'>esse</span> <span class='ocrx_word' id='word_1_335' title='bbox 287 3035 323 3099; x_wconf 90' lang='lat' dir='ltr'>in</span> <span class='ocrx_word' id='word_1_336' title='bbox 343 3035 460 3099; x_wconf 88' lang='lat' dir='ltr'>mundo</span> <span class='ocrx_word' id='word_1_337' title='bbox 481 3034 587 3116; x_wconf 81' lang='lat' dir='ltr'>qualis</span> <span class='ocrx_word' id='word_1_338' title='bbox 609 3039 654 3100; x_wconf 89' lang='lat' dir='ltr'>est</span> <span class='ocrx_word' id='word_1_339' title='bbox 678 3034 830 3100; x_wconf 77' lang='lat' dir='ltr'>Christus.</span> <span class='ocrx_word' id='word_1_340' title='bbox 882 3033 982 3100; x_wconf 85' lang='lat' dir='ltr'>Verba</span> <span class='ocrx_word' id='word_1_341' title='bbox 1003 3033 1072 3099; x_wconf 80' lang='lat' dir='ltr'>eim</span> <span class='ocrx_word' id='word_1_342' title='bbox 1093 3053 1159 3114; x_wconf 87' lang='lat' dir='ltr'>cap.</span> <span class='ocrx_word' id='word_1_343' title='bbox 1177 3035 1288 3115; x_wconf 80' lang='lat' dir='ltr'>quarto</span> <span class='ocrx_word' id='word_1_344' title='bbox 1304 3035 1428 3116; x_wconf 81' lang='lat' dir='ltr'>prioris</span> <span class='ocrx_word' id='word_1_345' title='bbox 1449 3033 1597 3115; x_wconf 87' lang='lat' dir='ltr'>epistolae</span> <span class='ocrx_word' id='word_1_346' title='bbox 1618 3038 1693 3098; x_wconf 89' lang='lat' dir='ltr'>sunt</span> <span class='ocrx_word' id='word_1_347' title='bbox 1713 3032 1809 3097; x_wconf 87' lang='lat' dir='ltr'>baec:</span> <span class='ocrx_word' id='word_1_348' title='bbox 1833 3031 2004 3098; x_wconf 77' lang='lat' dir='ltr'>Fiduciam</span> <span class='ocrx_word' id='word_1_349' title='bbox 2025 3032 2140 3100; x_wconf 76' lang='lat' dir='ltr'>talea</span> 
     </span>
     <span class='ocr_line' id='line_1_26' title="bbox 122 3141 2141 3229; baseline 0 -18"><span class='ocrx_word' id='word_1_350' title='bbox 122 3167 196 3212; x_wconf 88' lang='lat' dir='ltr'>mus</span> <span class='ocrx_word' id='word_1_351' title='bbox 216 3147 261 3212; x_wconf 92' lang='lat' dir='ltr'>ad</span> <span class='ocrx_word' id='word_1_352' title='bbox 281 3147 365 3212; x_wconf 91' lang='lat' dir='ltr'>diem</span> <span class='ocrx_word' id='word_1_353' title='bbox 386 3146 498 3212; x_wconf 84' lang='lat' dir='ltr'>iudicii</span> <span class='ocrx_word' id='word_1_354' title='bbox 520 3147 597 3229; x_wconf 80' lang='lat' dir='ltr'>quio</span> <span class='ocrx_word' id='word_1_355' title='bbox 619 3148 700 3212; x_wconf 75' lang='lat' dir='ltr'>sinit</span> <span class='ocrx_word' id='word_1_356' title='bbox 722 3147 776 3211; x_wconf 90' lang='lat' dir='ltr'>ille</span> <span class='ocrx_word' id='word_1_357' title='bbox 797 3151 891 3212; x_wconf 87' lang='lat' dir='ltr'>estet</span> <span class='ocrx_word' id='word_1_358' title='bbox 910 3166 967 3211; x_wconf 89' lang='lat' dir='ltr'>nos</span> <span class='ocrx_word' id='word_1_359' title='bbox 987 3165 1098 3211; x_wconf 91' lang='lat' dir='ltr'>sumus</span> <span class='ocrx_word' id='word_1_360' title='bbox 1120 3145 1155 3209; x_wconf 91' lang='lat' dir='ltr'>iu</span> <span class='ocrx_word' id='word_1_361' title='bbox 1176 3146 1291 3210; x_wconf 90' lang='lat' dir='ltr'>mundo</span> <span class='ocrx_word' id='word_1_362' title='bbox 1312 3145 1374 3211; x_wconf 87' lang='lat' dir='ltr'>boa.</span> <span class='ocrx_word' id='word_1_363' title='bbox 1422 3146 1532 3211; x_wconf 80' lang='lat' dir='ltr'>Talem</span> <span class='ocrx_word' id='word_1_364' title='bbox 1556 3144 1710 3225; x_wconf 58' lang='lat' dir='ltr'>biduarium</span> <span class='ocrx_word' id='word_1_365' title='bbox 1731 3143 1803 3209; x_wconf 88' lang='lat' dir='ltr'>bim</span> <span class='ocrx_word' id='word_1_366' title='bbox 1824 3145 1933 3208; x_wconf 83' lang='lat' dir='ltr'>merito</span> <span class='ocrx_word' id='word_1_367' title='bbox 1965 3144 2067 3210; x_wconf 83' lang='lat' dir='ltr'>sumit</span> <span class='ocrx_word' id='word_1_368' title='bbox 2088 3141 2141 3211; x_wconf 88' lang='lat' dir='ltr'>Ia-</span> 
     </span>
     <span class='ocr_line' id='line_1_27' title="bbox 40 3236 2141 3347; baseline -0 -24"><span class='ocrx_word' id='word_1_369' title='bbox 40 3340 43 3347; x_wconf 33' lang='lat'>·</span> <span class='ocrx_word' id='word_1_370' title='bbox 122 3258 249 3323; x_wconf 73' lang='lat' dir='ltr'>lanum</span> <span class='ocrx_word' id='word_1_371' title='bbox 295 3256 382 3322; x_wconf 89' lang='lat' dir='ltr'>Nam</span> <span class='ocrx_word' id='word_1_372' title='bbox 403 3259 435 3321; x_wconf 90' lang='lat' dir='ltr'>si</span> <span class='ocrx_word' id='word_1_373' title='bbox 450 3263 649 3339; x_wconf 87' lang='lat' dir='ltr'>praesentem</span> <span class='ocrx_word' id='word_1_374' title='bbox 671 3258 769 3322; x_wconf 86' lang='lat' dir='ltr'>buius</span> <span class='ocrx_word' id='word_1_375' title='bbox 790 3259 880 3341; x_wconf 83' lang='lat' dir='ltr'>repni</span> <span class='ocrx_word' id='word_1_376' title='bbox 905 3255 1025 3322; x_wconf 76' lang='lat' dir='ltr'>Christi</span> <span class='ocrx_word' id='word_1_377' title='bbox 1044 3257 1183 3339; x_wconf 77' lang='lat' dir='ltr'>pluriam</span> <span class='ocrx_word' id='word_1_378' title='bbox 1205 3261 1233 3321; x_wconf 87' lang='lat' dir='ltr'>et</span> <span class='ocrx_word' id='word_1_379' title='bbox 1250 3262 1378 3340; x_wconf 79' lang='lat' dir='ltr'>pastum</span> <span class='ocrx_word' id='word_1_380' title='bbox 1399 3279 1421 3320; x_wconf 93' lang='lat' dir='ltr'>a</span> <span class='ocrx_word' id='word_1_381' title='bbox 1442 3256 1533 3321; x_wconf 88' lang='lat' dir='ltr'>nabis</span> <span class='ocrx_word' id='word_1_382' title='bbox 1554 3256 1712 3336; x_wconf 76' lang='lat' dir='ltr'>eududas,</span> <span class='ocrx_word' id='word_1_383' title='bbox 1735 3276 1797 3320; x_wconf 91' lang='lat' dir='ltr'>non</span> <span class='ocrx_word' id='word_1_384' title='bbox 1819 3257 1878 3319; x_wconf 89' lang='lat' dir='ltr'>erit</span> <span class='ocrx_word' id='word_1_385' title='bbox 1898 3257 1934 3320; x_wconf 90' lang='lat' dir='ltr'>in</span> <span class='ocrx_word' id='word_1_386' title='bbox 1955 3255 2048 3321; x_wconf 89' lang='lat' dir='ltr'>uobis</span> <span class='ocrx_word' id='word_1_387' title='bbox 2067 3236 2141 3322; x_wconf 73' lang='lat' dir='ltr'>bae·</span> 
     </span>
     <span class='ocr_line' id='line_1_28' title="bbox 47 3346 2140 3452; baseline -0 -18"><span class='ocrx_word' id='word_1_388' title='bbox 47 3346 56 3375; x_wconf 76' lang='lat'><strong><em>⁷</em></strong></span> <span class='ocrx_word' id='word_1_389' title='bbox 122 3371 193 3434; x_wconf 89' lang='lat' dir='ltr'>rius</span> <span class='ocrx_word' id='word_1_390' title='bbox 214 3368 318 3452; x_wconf 78' lang='lat' dir='ltr'>futuri</span> <span class='ocrx_word' id='word_1_391' title='bbox 339 3369 415 3434; x_wconf 85' lang='lat' dir='ltr'>talis</span> <span class='ocrx_word' id='word_1_392' title='bbox 437 3374 545 3433; x_wconf 92' lang='lat' dir='ltr'>ettam</span> <span class='ocrx_word' id='word_1_393' title='bbox 567 3374 650 3434; x_wconf 86' lang='lat' dir='ltr'>certa</span> <span class='ocrx_word' id='word_1_394' title='bbox 665 3369 792 3450; x_wconf 69' lang='lat' dir='ltr'>fidncia.</span> <span class='ocrx_word' id='word_1_395' title='bbox 838 3367 926 3433; x_wconf 83' lang='lat' dir='ltr'>Mili</span> <span class='ocrx_word' id='word_1_396' title='bbox 945 3369 1056 3434; x_wconf 70' lang='lat' dir='ltr'>dnude</span> <span class='ocrx_word' id='word_1_397' title='bbox 1076 3388 1234 3434; x_wconf 83' lang='lat' dir='ltr'>succenses</span> <span class='ocrx_word' id='word_1_398' title='bbox 1256 3370 1338 3450; x_wconf 81' lang='lat' dir='ltr'>quod</span> <span class='ocrx_word' id='word_1_399' title='bbox 1359 3388 1429 3433; x_wconf 90' lang='lat' dir='ltr'>cum</span> <span class='ocrx_word' id='word_1_400' title='bbox 1453 3366 1575 3433; x_wconf 83' lang='lat' dir='ltr'>Obristo</span> <span class='ocrx_word' id='word_1_401' title='bbox 1603 3368 1707 3432; x_wconf 76' lang='lat' dir='ltr'>duam</span> <span class='ocrx_word' id='word_1_402' title='bbox 1733 3387 1803 3431; x_wconf 90' lang='lat' dir='ltr'>eum</span> <span class='ocrx_word' id='word_1_403' title='bbox 1830 3368 1885 3448; x_wconf 80' lang='lat' dir='ltr'>qni</span> <span class='ocrx_word' id='word_1_404' title='bbox 1912 3367 2070 3432; x_wconf 86' lang='lat' dir='ltr'>minimus</span> <span class='ocrx_word' id='word_1_405' title='bbox 2094 3372 2140 3433; x_wconf 85' lang='lat' dir='ltr'>est</span> 
     </span>
     <span class='ocr_line' id='line_1_29' title="bbox 124 3478 2141 3564; baseline -0.001 -18"><span class='ocrx_word' id='word_1_406' title='bbox 124 3483 160 3546; x_wconf 90' lang='lat' dir='ltr'>in</span> <span class='ocrx_word' id='word_1_407' title='bbox 180 3502 272 3564; x_wconf 79' lang='lat' dir='ltr'>repno</span> <span class='ocrx_word' id='word_1_408' title='bbox 294 3479 349 3544; x_wconf 86' lang='lat' dir='ltr'>bae</span> <span class='ocrx_word' id='word_1_409' title='bbox 370 3501 435 3546; x_wconf 88' lang='lat' dir='ltr'>esse</span> <span class='ocrx_word' id='word_1_410' title='bbox 456 3481 607 3545; x_wconf 74' lang='lat' dir='ltr'>nlaiorem</span> <span class='ocrx_word' id='word_1_411' title='bbox 628 3482 699 3562; x_wconf 89' lang='lat' dir='ltr'>ipso</span> <span class='ocrx_word' id='word_1_412' title='bbox 721 3480 912 3561; x_wconf 75' lang='lat' dir='ltr'>Abundans,</span> <span class='ocrx_word' id='word_1_413' title='bbox 933 3486 963 3546; x_wconf 88' lang='lat' dir='ltr'>et</span> <span class='ocrx_word' id='word_1_414' title='bbox 983 3481 1065 3562; x_wconf 77' lang='lat' dir='ltr'>qnod</span> <span class='ocrx_word' id='word_1_415' title='bbox 1085 3499 1155 3545; x_wconf 87' lang='lat' dir='ltr'>eum</span> <span class='ocrx_word' id='word_1_416' title='bbox 1180 3479 1282 3544; x_wconf 88' lang='lat' dir='ltr'>Paula</span> <span class='ocrx_word' id='word_1_417' title='bbox 1306 3480 1417 3544; x_wconf 73' lang='lat' dir='ltr'>duam</span> <span class='ocrx_word' id='word_1_418' title='bbox 1432 3479 1653 3544; x_wconf 88' lang='lat' dir='ltr'>Abrabamum</span> <span class='ocrx_word' id='word_1_419' title='bbox 1672 3479 1777 3561; x_wconf 81' lang='lat' dir='ltr'>fuisse</span> <span class='ocrx_word' id='word_1_420' title='bbox 1797 3479 1966 3544; x_wconf 86' lang='lat' dir='ltr'>carnalem.</span> <span class='ocrx_word' id='word_1_421' title='bbox 2013 3478 2071 3544; x_wconf 84' lang='lat' dir='ltr'>Ita</span> <span class='ocrx_word' id='word_1_422' title='bbox 2091 3499 2141 3544; x_wconf 86' lang='lat' dir='ltr'>me</span> 
     </span>
     <span class='ocr_line' id='line_1_30' title="bbox 123 3589 2139 3674; baseline -0.002 -15"><span class='ocrx_word' id='word_1_423' title='bbox 123 3593 252 3659; x_wconf 89' lang='lat' dir='ltr'>Paulus</span> <span class='ocrx_word' id='word_1_424' title='bbox 274 3593 342 3672; x_wconf 88' lang='lat' dir='ltr'>ipse</span> <span class='ocrx_word' id='word_1_425' title='bbox 363 3591 466 3657; x_wconf 77' lang='lat' dir='ltr'>docuit</span> <span class='ocrx_word' id='word_1_426' title='bbox 489 3590 580 3656; x_wconf 84' lang='lat' dir='ltr'>Rom.</span> <span class='ocrx_word' id='word_1_427' title='bbox 605 3597 648 3656; x_wconf 81' lang='lat'>4:</span> <span class='ocrx_word' id='word_1_428' title='bbox 696 3591 780 3672; x_wconf 79' lang='lat' dir='ltr'>Quid</span> <span class='ocrx_word' id='word_1_429' title='bbox 806 3592 905 3674; x_wconf 79' lang='lat' dir='ltr'>ipitur</span> <span class='ocrx_word' id='word_1_430' title='bbox 932 3594 1072 3657; x_wconf 80' lang='lat' dir='ltr'>dicemus</span> <span class='ocrx_word' id='word_1_431' title='bbox 1091 3591 1245 3656; x_wconf 86' lang='lat' dir='ltr'>inuenisse</span> <span class='ocrx_word' id='word_1_432' title='bbox 1272 3590 1438 3656; x_wconf 83' lang='lat' dir='ltr'>Abrabam</span> <span class='ocrx_word' id='word_1_433' title='bbox 1459 3595 1587 3670; x_wconf 87' lang='lat' dir='ltr'>patrem</span> <span class='ocrx_word' id='word_1_434' title='bbox 1614 3596 1754 3655; x_wconf 90' lang='lat' dir='ltr'>nostrum</span> <span class='ocrx_word' id='word_1_435' title='bbox 1783 3589 1952 3654; x_wconf 84' lang='lat' dir='ltr'>seeundum</span> <span class='ocrx_word' id='word_1_436' title='bbox 1986 3590 2139 3655; x_wconf 75' lang='lat' dir='ltr'>camna?</span> 
     </span>
     <span class='ocr_line' id='line_1_31' title="bbox 123 3699 2141 3785; baseline -0.002 -14"><span class='ocrx_word' id='word_1_437' title='bbox 123 3705 179 3772; x_wconf 82' lang='lat' dir='ltr'>En</span> <span class='ocrx_word' id='word_1_438' title='bbox 206 3705 250 3769; x_wconf 88' lang='lat' dir='ltr'>iis</span> <span class='ocrx_word' id='word_1_439' title='bbox 277 3703 414 3784; x_wconf 80' lang='lat' dir='ltr'>quaein</span> <span class='ocrx_word' id='word_1_440' title='bbox 435 3702 503 3784; x_wconf 89' lang='lat' dir='ltr'>ipso</span> <span class='ocrx_word' id='word_1_441' title='bbox 526 3701 709 3767; x_wconf 85' lang='lat' dir='ltr'>Abrabamo</span> <span class='ocrx_word' id='word_1_442' title='bbox 731 3704 900 3768; x_wconf 84' lang='lat' dir='ltr'>secuudum</span> <span class='ocrx_word' id='word_1_443' title='bbox 927 3723 1053 3768; x_wconf 89' lang='lat' dir='ltr'>carnem</span> <span class='ocrx_word' id='word_1_444' title='bbox 1082 3707 1169 3785; x_wconf 81' lang='lat' dir='ltr'>pasta</span> <span class='ocrx_word' id='word_1_445' title='bbox 1197 3707 1273 3767; x_wconf 88' lang='lat' dir='ltr'>sunt</span> <span class='ocrx_word' id='word_1_446' title='bbox 1297 3703 1462 3768; x_wconf 83' lang='lat' dir='ltr'>deducitur</span> <span class='ocrx_word' id='word_1_447' title='bbox 1488 3701 1534 3766; x_wconf 91' lang='lat' dir='ltr'>ibi</span> <span class='ocrx_word' id='word_1_448' title='bbox 1560 3702 1781 3784; x_wconf 82' lang='lat' dir='ltr'>spiritualium</span> <span class='ocrx_word' id='word_1_449' title='bbox 1800 3707 1901 3783; x_wconf 80' lang='lat' dir='ltr'>tppus.</span> <span class='ocrx_word' id='word_1_450' title='bbox 1949 3699 2041 3765; x_wconf 76' lang='lat' dir='ltr'>Staret</span> <span class='ocrx_word' id='word_1_451' title='bbox 2062 3702 2141 3768; x_wconf 79' lang='lat' dir='ltr'>altbi</span> 
     </span>
     <span class='ocr_line' id='line_1_32' title="bbox 123 3811 2142 3897; baseline -0.003 -12"><span class='ocrx_word' id='word_1_452' title='bbox 123 3820 161 3885; x_wconf 90' lang='lat' dir='ltr'>in</span> <span class='ocrx_word' id='word_1_453' title='bbox 185 3814 307 3882; x_wconf 89' lang='lat' dir='ltr'>Israele</span> <span class='ocrx_word' id='word_1_454' title='bbox 327 3814 453 3880; x_wconf 86' lang='lat' dir='ltr'>cumali</span> <span class='ocrx_word' id='word_1_455' title='bbox 474 3819 502 3879; x_wconf 88' lang='lat' dir='ltr'>et</span> <span class='ocrx_word' id='word_1_456' title='bbox 523 3813 636 3878; x_wconf 79' lang='lat' dir='ltr'>Aaron</span> <span class='ocrx_word' id='word_1_457' title='bbox 656 3814 778 3879; x_wconf 84' lang='lat' dir='ltr'>cameli</span> <span class='ocrx_word' id='word_1_458' title='bbox 805 3814 979 3878; x_wconf 86' lang='lat' dir='ltr'>ostenditur</span> <span class='ocrx_word' id='word_1_459' title='bbox 998 3815 1103 3897; x_wconf 70' lang='lat' dir='ltr'>sipara</span> <span class='ocrx_word' id='word_1_460' title='bbox 1124 3813 1352 3895; x_wconf 83' lang='lat' dir='ltr'>spiritualium.</span> <span class='ocrx_word' id='word_1_461' title='bbox 1400 3811 1549 3878; x_wconf 80' lang='lat' dir='ltr'>Carnutis</span> <span class='ocrx_word' id='word_1_462' title='bbox 1572 3813 1691 3878; x_wconf 88' lang='lat' dir='ltr'>dieitur</span> <span class='ocrx_word' id='word_1_463' title='bbox 1711 3818 1775 3879; x_wconf 89' lang='lat' dir='ltr'>tota</span> <span class='ocrx_word' id='word_1_464' title='bbox 1795 3812 1854 3877; x_wconf 90' lang='lat' dir='ltr'>illa</span> <span class='ocrx_word' id='word_1_465' title='bbox 1875 3817 1962 3878; x_wconf 77' lang='lat' dir='ltr'>raus</span> <span class='ocrx_word' id='word_1_466' title='bbox 1981 3814 2142 3895; x_wconf 79' lang='lat' dir='ltr'>peneratio</span> 
     </span>
     <span class='ocr_line' id='line_1_33' title="bbox 118 3923 2140 4015; baseline -0.002 -19"><span class='ocrx_word' id='word_1_467' title='bbox 118 3932 200 4015; x_wconf 74' lang='lat' dir='ltr'>quia</span> <span class='ocrx_word' id='word_1_468' title='bbox 221 3948 284 3993; x_wconf 90' lang='lat' dir='ltr'>nan</span> <span class='ocrx_word' id='word_1_469' title='bbox 301 3929 392 3991; x_wconf 76' lang='lat' dir='ltr'>nant</span> <span class='ocrx_word' id='word_1_470' title='bbox 418 3926 464 3989; x_wconf 90' lang='lat' dir='ltr'>ita</span> <span class='ocrx_word' id='word_1_471' title='bbox 485 3930 520 3988; x_wconf 87' lang='lat' dir='ltr'>ut</span> <span class='ocrx_word' id='word_1_472' title='bbox 545 3945 602 3991; x_wconf 89' lang='lat' dir='ltr'>nos</span> <span class='ocrx_word' id='word_1_473' title='bbox 624 3945 699 3989; x_wconf 85' lang='lat' dir='ltr'>noua</span> <span class='ocrx_word' id='word_1_474' title='bbox 727 3926 848 4005; x_wconf 88' lang='lat' dir='ltr'>spiritu</span> <span class='ocrx_word' id='word_1_475' title='bbox 874 3925 1004 4007; x_wconf 74' lang='lat' dir='ltr'>rependi</span> <span class='ocrx_word' id='word_1_476' title='bbox 1033 3929 1062 3988; x_wconf 91' lang='lat' dir='ltr'>et</span> <span class='ocrx_word' id='word_1_477' title='bbox 1094 3924 1136 3988; x_wconf 90' lang='lat' dir='ltr'>ad</span> <span class='ocrx_word' id='word_1_478' title='bbox 1162 3924 1318 3988; x_wconf 89' lang='lat' dir='ltr'>coelestem</span> <span class='ocrx_word' id='word_1_479' title='bbox 1351 3924 1431 3987; x_wconf 86' lang='lat' dir='ltr'>banc</span> <span class='ocrx_word' id='word_1_480' title='bbox 1454 3944 1564 3988; x_wconf 85' lang='lat' dir='ltr'>nocam</span> <span class='ocrx_word' id='word_1_481' title='bbox 1585 3925 1684 3988; x_wconf 86' lang='lat' dir='ltr'>citam</span> <span class='ocrx_word' id='word_1_482' title='bbox 1706 3945 1776 3988; x_wconf 85' lang='lat' dir='ltr'>eum</span> <span class='ocrx_word' id='word_1_483' title='bbox 1800 3923 1922 3989; x_wconf 84' lang='lat' dir='ltr'>Obristo</span> <span class='ocrx_word' id='word_1_484' title='bbox 1943 3924 2140 3991; x_wconf 74' lang='lat' dir='ltr'>resuscitati.</span> 
     </span>
     <span class='ocr_line' id='line_1_34' title="bbox 121 4033 2144 4120; baseline -0.004 -12"><span class='ocrx_word' id='word_1_485' title='bbox 121 4042 239 4108; x_wconf 80' lang='lat' dir='ltr'>Aaron</span> <span class='ocrx_word' id='word_1_486' title='bbox 261 4038 411 4120; x_wconf 86' lang='lat' dir='ltr'>spiritum</span> <span class='ocrx_word' id='word_1_487' title='bbox 428 4051 543 4100; x_wconf 77' lang='lat' dir='ltr'>nomem</span> <span class='ocrx_word' id='word_1_488' title='bbox 564 4036 670 4100; x_wconf 75' lang='lat' dir='ltr'>ebulit</span> <span class='ocrx_word' id='word_1_489' title='bbox 691 4037 876 4100; x_wconf 86' lang='lat' dir='ltr'>resurreetio</span> <span class='ocrx_word' id='word_1_490' title='bbox 900 4033 1047 4100; x_wconf 80' lang='lat' dir='ltr'>Obristi?</span> <span class='ocrx_word' id='word_1_491' title='bbox 1092 4035 1164 4099; x_wconf 88' lang='lat' dir='ltr'>Nou</span> <span class='ocrx_word' id='word_1_492' title='bbox 1185 4054 1261 4117; x_wconf 79' lang='lat' dir='ltr'>nepo</span> <span class='ocrx_word' id='word_1_493' title='bbox 1290 4035 1368 4114; x_wconf 78' lang='lat' dir='ltr'>puin</span> <span class='ocrx_word' id='word_1_494' title='bbox 1397 4035 1440 4099; x_wconf 92' lang='lat' dir='ltr'>ad</span> <span class='ocrx_word' id='word_1_495' title='bbox 1468 4036 1597 4100; x_wconf 87' lang='lat' dir='ltr'>eandem</span> <span class='ocrx_word' id='word_1_496' title='bbox 1622 4035 1767 4115; x_wconf 74' lang='lat' dir='ltr'>futuram</span> <span class='ocrx_word' id='word_1_497' title='bbox 1796 4035 2019 4099; x_wconf 79' lang='lat' dir='ltr'>haereditatem</span> <span class='ocrx_word' id='word_1_498' title='bbox 2048 4041 2077 4100; x_wconf 91' lang='lat' dir='ltr'>et</span> <span class='ocrx_word' id='word_1_499' title='bbox 2097 4034 2144 4100; x_wconf 86' lang='lat' dir='ltr'>ad</span> 
     </span>
     <span class='ocr_line' id='line_1_35' title="bbox 121 4143 2142 4232; baseline -0.004 -13"><span class='ocrx_word' id='word_1_500' title='bbox 121 4154 206 4219; x_wconf 62' lang='lat' dir='ltr'>mon</span> <span class='ocrx_word' id='word_1_501' title='bbox 226 4151 278 4216; x_wconf 88' lang='lat' dir='ltr'>dei</span> <span class='ocrx_word' id='word_1_502' title='bbox 297 4168 429 4232; x_wconf 78' lang='lat' dir='ltr'>repnnm</span> <span class='ocrx_word' id='word_1_503' title='bbox 449 4148 513 4212; x_wconf 88' lang='lat' dir='ltr'>sint</span> <span class='ocrx_word' id='word_1_504' title='bbox 528 4146 733 4227; x_wconf 79' lang='lat' dir='ltr'>patriarchae</span> <span class='ocrx_word' id='word_1_505' title='bbox 750 4152 822 4226; x_wconf 89' lang='lat' dir='ltr'>post</span> <span class='ocrx_word' id='word_1_506' title='bbox 843 4147 1100 4211; x_wconf 87' lang='lat' dir='ltr'>resurrectionem</span> <span class='ocrx_word' id='word_1_507' title='bbox 1120 4146 1317 4226; x_wconf 84' lang='lat' dir='ltr'>assumendi,</span> <span class='ocrx_word' id='word_1_508' title='bbox 1346 4147 1401 4211; x_wconf 88' lang='lat' dir='ltr'>sed</span> <span class='ocrx_word' id='word_1_509' title='bbox 1417 4152 1613 4228; x_wconf 87' lang='lat' dir='ltr'>praesentem</span> <span class='ocrx_word' id='word_1_510' title='bbox 1632 4146 1773 4230; x_wconf 83' lang='lat' dir='ltr'>pratiam</span> <span class='ocrx_word' id='word_1_511' title='bbox 1795 4151 1823 4211; x_wconf 90' lang='lat' dir='ltr'>et</span> <span class='ocrx_word' id='word_1_512' title='bbox 1844 4147 1995 4210; x_wconf 84' lang='lat' dir='ltr'>aduentus</span> <span class='ocrx_word' id='word_1_513' title='bbox 2018 4143 2142 4211; x_wconf 81' lang='lat' dir='ltr'>Cbristi</span> 
     </span>
     <span class='ocr_line' id='line_1_36' title="bbox 119 4255 2140 4342; baseline -0.004 -12"><span class='ocrx_word' id='word_1_514' title='bbox 119 4265 205 4330; x_wconf 83' lang='lat' dir='ltr'>dmm</span> <span class='ocrx_word' id='word_1_515' title='bbox 226 4261 367 4327; x_wconf 67' lang='lat' dir='ltr'>melania</span> <span class='ocrx_word' id='word_1_516' title='bbox 389 4279 456 4324; x_wconf 86' lang='lat' dir='ltr'>esse</span> <span class='ocrx_word' id='word_1_517' title='bbox 477 4257 566 4323; x_wconf 88' lang='lat' dir='ltr'>nobis</span> <span class='ocrx_word' id='word_1_518' title='bbox 589 4258 724 4340; x_wconf 87' lang='lat' dir='ltr'>potiora.</span> <span class='ocrx_word' id='word_1_519' title='bbox 768 4256 838 4322; x_wconf 86' lang='lat' dir='ltr'>Hae</span> <span class='ocrx_word' id='word_1_520' title='bbox 864 4257 970 4323; x_wconf 78' lang='lat' dir='ltr'>adino</span> <span class='ocrx_word' id='word_1_521' title='bbox 996 4258 1155 4342; x_wconf 76' lang='lat' dir='ltr'>ospitares.</span> <span class='ocrx_word' id='word_1_522' title='bbox 1205 4256 1360 4337; x_wconf 51' lang='lat' dir='ltr'>&amp;mundo</span> <span class='ocrx_word' id='word_1_523' title='bbox 1387 4262 1513 4322; x_wconf 87' lang='lat' dir='ltr'>mortem</span> <span class='ocrx_word' id='word_1_524' title='bbox 1537 4255 1683 4323; x_wconf 82' lang='lat' dir='ltr'>Obristus</span> <span class='ocrx_word' id='word_1_525' title='bbox 1708 4259 1834 4323; x_wconf 72' lang='lat' dir='ltr'>neruus</span> <span class='ocrx_word' id='word_1_526' title='bbox 1863 4257 2008 4337; x_wconf 68' lang='lat' dir='ltr'>molera,</span> <span class='ocrx_word' id='word_1_527' title='bbox 2040 4258 2140 4323; x_wconf 74' lang='lat' dir='ltr'>mtam</span> 
     </span>
     <span class='ocr_line' id='line_1_37' title="bbox 120 4367 2142 4453; baseline -0.002 -14"><span class='ocrx_word' id='word_1_528' title='bbox 120 4374 212 4439; x_wconf 76' lang='lat' dir='ltr'>nobis</span> <span class='ocrx_word' id='word_1_529' title='bbox 231 4374 268 4437; x_wconf 91' lang='lat' dir='ltr'>in</span> <span class='ocrx_word' id='word_1_530' title='bbox 289 4373 386 4437; x_wconf 83' lang='lat' dir='ltr'>breem</span> <span class='ocrx_word' id='word_1_531' title='bbox 402 4369 564 4453; x_wconf 80' lang='lat' dir='ltr'>produxit,</span> <span class='ocrx_word' id='word_1_532' title='bbox 585 4374 614 4434; x_wconf 89' lang='lat' dir='ltr'>et</span> <span class='ocrx_word' id='word_1_533' title='bbox 634 4369 906 4448; x_wconf 89' lang='lat' dir='ltr'>immortalitatem,</span> <span class='ocrx_word' id='word_1_534' title='bbox 929 4373 964 4434; x_wconf 88' lang='lat' dir='ltr'>ut</span> <span class='ocrx_word' id='word_1_535' title='bbox 984 4368 1029 4434; x_wconf 90' lang='lat' dir='ltr'>ad</span> <span class='ocrx_word' id='word_1_536' title='bbox 1052 4367 1245 4433; x_wconf 78' lang='lat' dir='ltr'>Timotbeum</span> <span class='ocrx_word' id='word_1_537' title='bbox 1266 4368 1372 4433; x_wconf 86' lang='lat' dir='ltr'>scribit</span> <span class='ocrx_word' id='word_1_538' title='bbox 1392 4368 1541 4433; x_wconf 82' lang='lat' dir='ltr'>Paulus?</span> <span class='ocrx_word' id='word_1_539' title='bbox 1591 4370 1745 4448; x_wconf 70' lang='lat' dir='ltr'>Quonam</span> <span class='ocrx_word' id='word_1_540' title='bbox 1767 4389 1823 4433; x_wconf 89' lang='lat' dir='ltr'>uos</span> <span class='ocrx_word' id='word_1_541' title='bbox 1840 4370 1876 4432; x_wconf 88' lang='lat' dir='ltr'>in</span> <span class='ocrx_word' id='word_1_542' title='bbox 1896 4389 1993 4432; x_wconf 87' lang='lat' dir='ltr'>suam</span> <span class='ocrx_word' id='word_1_543' title='bbox 2015 4368 2142 4434; x_wconf 77' lang='lat' dir='ltr'>coetestc</span> 
     </span>
     <span class='ocr_line' id='line_1_38' title="bbox 122 4478 2142 4568; baseline -0.002 -18"><span class='ocrx_word' id='word_1_544' title='bbox 122 4504 255 4568; x_wconf 81' lang='lat' dir='ltr'>repuum</span> <span class='ocrx_word' id='word_1_545' title='bbox 276 4482 398 4552; x_wconf 75' lang='lat' dir='ltr'>merit?</span> <span class='ocrx_word' id='word_1_546' title='bbox 443 4481 481 4547; x_wconf 86' lang='lat' dir='ltr'>Si</span> <span class='ocrx_word' id='word_1_547' title='bbox 503 4502 576 4546; x_wconf 87' lang='lat' dir='ltr'>caro</span> <span class='ocrx_word' id='word_1_548' title='bbox 600 4478 991 4560; x_wconf 66' lang='lat' dir='ltr'>constestantibus,</span> <span class='ocrx_word' id='word_1_549' title='bbox 1014 4485 1059 4544; x_wconf 87' lang='lat' dir='ltr'>est</span> <span class='ocrx_word' id='word_1_550' title='bbox 1080 4500 1149 4544; x_wconf 85' lang='lat' dir='ltr'>vere</span> <span class='ocrx_word' id='word_1_551' title='bbox 1167 4479 1358 4545; x_wconf 84' lang='lat' dir='ltr'>alimentum.</span> <span class='ocrx_word' id='word_1_552' title='bbox 1406 4479 1444 4544; x_wconf 83' lang='lat' dir='ltr'>Si</span> <span class='ocrx_word' id='word_1_553' title='bbox 1464 4483 1509 4543; x_wconf 88' lang='lat' dir='ltr'>est</span> <span class='ocrx_word' id='word_1_554' title='bbox 1528 4500 1597 4543; x_wconf 86' lang='lat' dir='ltr'>aere</span> <span class='ocrx_word' id='word_1_555' title='bbox 1614 4480 1803 4559; x_wconf 80' lang='lat' dir='ltr'>alimentum,</span> <span class='ocrx_word' id='word_1_556' title='bbox 1824 4479 1878 4544; x_wconf 86' lang='lat' dir='ltr'>ille</span> <span class='ocrx_word' id='word_1_557' title='bbox 1899 4480 1954 4559; x_wconf 80' lang='lat' dir='ltr'>qni</span> <span class='ocrx_word' id='word_1_558' title='bbox 1976 4500 2014 4544; x_wconf 89' lang='lat' dir='ltr'>ea</span> <span class='ocrx_word' id='word_1_559' title='bbox 2037 4480 2142 4545; x_wconf 73' lang='lat' dir='ltr'>niari-</span> 
     </span>
     <span class='ocr_line' id='line_1_39' title="bbox 124 4589 2142 4676; baseline -0.001 -18"><span class='ocrx_word' id='word_1_560' title='bbox 124 4600 179 4658; x_wconf 92' lang='lat' dir='ltr'>tnr</span> <span class='ocrx_word' id='word_1_561' title='bbox 199 4593 335 4676; x_wconf 70' lang='lat' dir='ltr'>efficitur</span> <span class='ocrx_word' id='word_1_562' title='bbox 351 4592 601 4658; x_wconf 85' lang='lat' dir='ltr'>substantialiter</span> <span class='ocrx_word' id='word_1_563' title='bbox 621 4612 721 4656; x_wconf 88' lang='lat' dir='ltr'>unum</span> <span class='ocrx_word' id='word_1_564' title='bbox 743 4612 813 4656; x_wconf 85' lang='lat' dir='ltr'>eura</span> <span class='ocrx_word' id='word_1_565' title='bbox 837 4589 968 4656; x_wconf 77' lang='lat' dir='ltr'>Obrista.</span> <span class='ocrx_word' id='word_1_566' title='bbox 1004 4590 1213 4656; x_wconf 83' lang='lat' dir='ltr'>Substantiali</span> <span class='ocrx_word' id='word_1_567' title='bbox 1235 4596 1338 4656; x_wconf 88' lang='lat' dir='ltr'>autem</span> <span class='ocrx_word' id='word_1_568' title='bbox 1359 4590 1413 4655; x_wconf 85' lang='lat' dir='ltr'>boe</span> <span class='ocrx_word' id='word_1_569' title='bbox 1433 4591 1541 4656; x_wconf 87' lang='lat' dir='ltr'>carnis</span> <span class='ocrx_word' id='word_1_570' title='bbox 1565 4589 1686 4655; x_wconf 85' lang='lat' dir='ltr'>Cbristi</span> <span class='ocrx_word' id='word_1_571' title='bbox 1708 4591 1772 4657; x_wconf 86' lang='lat' dir='ltr'>cibo</span> <span class='ocrx_word' id='word_1_572' title='bbox 1793 4613 1854 4656; x_wconf 91' lang='lat' dir='ltr'>uon</span> <span class='ocrx_word' id='word_1_573' title='bbox 1876 4596 1920 4656; x_wconf 91' lang='lat' dir='ltr'>est</span> <span class='ocrx_word' id='word_1_574' title='bbox 1942 4591 2142 4656; x_wconf 86' lang='lat' dir='ltr'>asusAbra-</span> 
     </span>
     <span class='ocr_line' id='line_1_40' title="bbox 125 4700 2141 4788; baseline -0 -17"><span class='ocrx_word' id='word_1_575' title='bbox 125 4705 209 4771; x_wconf 86' lang='lat' dir='ltr'>bam.</span> <span class='ocrx_word' id='word_1_576' title='bbox 256 4703 504 4770; x_wconf 76' lang='lat' dir='ltr'>Praestantimes</span> <span class='ocrx_word' id='word_1_577' title='bbox 524 4704 624 4787; x_wconf 80' lang='lat' dir='ltr'>ipitur</span> <span class='ocrx_word' id='word_1_578' title='bbox 646 4723 759 4770; x_wconf 86' lang='lat' dir='ltr'>sumus</span> <span class='ocrx_word' id='word_1_579' title='bbox 779 4724 843 4768; x_wconf 87' lang='lat' dir='ltr'>nos.</span> <span class='ocrx_word' id='word_1_580' title='bbox 879 4701 965 4767; x_wconf 87' lang='lat' dir='ltr'>Mibi</span> <span class='ocrx_word' id='word_1_581' title='bbox 986 4701 1083 4780; x_wconf 87' lang='lat' dir='ltr'>crede,</span> <span class='ocrx_word' id='word_1_582' title='bbox 1106 4707 1233 4767; x_wconf 86' lang='lat' dir='ltr'>nonest</span> <span class='ocrx_word' id='word_1_583' title='bbox 1255 4701 1397 4766; x_wconf 74' lang='lat' dir='ltr'>cohaeres</span> <span class='ocrx_word' id='word_1_584' title='bbox 1414 4700 1550 4766; x_wconf 88' lang='lat' dir='ltr'>diabolis</span> <span class='ocrx_word' id='word_1_585' title='bbox 1571 4703 1627 4783; x_wconf 78' lang='lat' dir='ltr'>qui</span> <span class='ocrx_word' id='word_1_586' title='bbox 1651 4700 1770 4788; x_wconf 75' lang='lat' dir='ltr'>Obrisli</span> <span class='ocrx_word' id='word_1_587' title='bbox 1791 4723 1920 4786; x_wconf 78' lang='lat' dir='ltr'>repnum</span> <span class='ocrx_word' id='word_1_588' title='bbox 1943 4702 1997 4768; x_wconf 85' lang='lat' dir='ltr'>boa</span> <span class='ocrx_word' id='word_1_589' title='bbox 2020 4708 2050 4767; x_wconf 84' lang='lat' dir='ltr'>et</span> <span class='ocrx_word' id='word_1_590' title='bbox 2065 4725 2141 4786; x_wconf 81' lang='lat' dir='ltr'>pra·</span> 
     </span>
     <span class='ocr_line' id='line_1_41' title="bbox 123 4813 2141 4899; baseline -0.001 -17"><span class='ocrx_word' id='word_1_591' title='bbox 123 4818 205 4883; x_wconf 87' lang='lat' dir='ltr'>tiam</span> <span class='ocrx_word' id='word_1_592' title='bbox 226 4816 295 4881; x_wconf 89' lang='lat' dir='ltr'>eius</span> <span class='ocrx_word' id='word_1_593' title='bbox 315 4815 404 4881; x_wconf 88' lang='lat' dir='ltr'>nobis</span> <span class='ocrx_word' id='word_1_594' title='bbox 422 4816 540 4897; x_wconf 81' lang='lat' dir='ltr'>fastan</span> <span class='ocrx_word' id='word_1_595' title='bbox 560 4815 685 4880; x_wconf 71' lang='lat' dir='ltr'>emollit.</span> <span class='ocrx_word' id='word_1_596' title='bbox 720 4814 997 4899; x_wconf 81' lang='lat' dir='ltr'>Repenerationem</span> <span class='ocrx_word' id='word_1_597' title='bbox 1017 4834 1038 4877; x_wconf 89' lang='lat' dir='ltr'>a</span> <span class='ocrx_word' id='word_1_598' title='bbox 1060 4813 1211 4895; x_wconf 87' lang='lat' dir='ltr'>baptismo</span> <span class='ocrx_word' id='word_1_599' title='bbox 1233 4816 1268 4876; x_wconf 89' lang='lat' dir='ltr'>tu</span> <span class='ocrx_word' id='word_1_600' title='bbox 1289 4813 1376 4897; x_wconf 83' lang='lat' dir='ltr'>loupe</span> <span class='ocrx_word' id='word_1_601' title='bbox 1398 4832 1550 4893; x_wconf 86' lang='lat' dir='ltr'>separare</span> <span class='ocrx_word' id='word_1_602' title='bbox 1571 4814 1704 4894; x_wconf 87' lang='lat' dir='ltr'>conaris,</span> <span class='ocrx_word' id='word_1_603' title='bbox 1727 4818 1896 4878; x_wconf 78' lang='lat' dir='ltr'>utentum</span> <span class='ocrx_word' id='word_1_604' title='bbox 1917 4813 2000 4879; x_wconf 87' lang='lat' dir='ltr'>dicis</span> <span class='ocrx_word' id='word_1_605' title='bbox 2022 4813 2141 4894; x_wconf 88' lang='lat' dir='ltr'>baptis·</span> 
     </span>
     <span class='ocr_line' id='line_1_42' title="bbox 123 4924 2139 5010; baseline -0.003 -16"><span class='ocrx_word' id='word_1_606' title='bbox 123 4948 213 4994; x_wconf 88' lang='lat' dir='ltr'>mum</span> <span class='ocrx_word' id='word_1_607' title='bbox 234 4947 300 4993; x_wconf 90' lang='lat' dir='ltr'>esse</span> <span class='ocrx_word' id='word_1_608' title='bbox 319 4928 445 5009; x_wconf 79' lang='lat' dir='ltr'>sipnum</span> <span class='ocrx_word' id='word_1_609' title='bbox 466 4927 652 5008; x_wconf 85' lang='lat' dir='ltr'>adoptionis.</span> <span class='ocrx_word' id='word_1_610' title='bbox 696 4925 857 5010; x_wconf 78' lang='lat' dir='ltr'>Eponam</span> <span class='ocrx_word' id='word_1_611' title='bbox 881 4924 984 4991; x_wconf 85' lang='lat' dir='ltr'>Paula</span> <span class='ocrx_word' id='word_1_612' title='bbox 1005 4926 1073 4991; x_wconf 84' lang='lat' dir='ltr'>dica</span> <span class='ocrx_word' id='word_1_613' title='bbox 1095 4944 1161 4990; x_wconf 89' lang='lat' dir='ltr'>esse</span> <span class='ocrx_word' id='word_1_614' title='bbox 1182 4924 1343 4989; x_wconf 86' lang='lat' dir='ltr'>lavacrum</span> <span class='ocrx_word' id='word_1_615' title='bbox 1365 4925 1610 5006; x_wconf 77' lang='lat' dir='ltr'>repereralionis</span> <span class='ocrx_word' id='word_1_616' title='bbox 1630 4929 1659 4990; x_wconf 89' lang='lat' dir='ltr'>et</span> <span class='ocrx_word' id='word_1_617' title='bbox 1679 4924 1889 4990; x_wconf 73' lang='lat' dir='ltr'>reserationis</span> <span class='ocrx_word' id='word_1_618' title='bbox 1914 4925 2052 5006; x_wconf 87' lang='lat' dir='ltr'>spiritus</span> <span class='ocrx_word' id='word_1_619' title='bbox 2082 4944 2139 4989; x_wconf 87' lang='lat' dir='ltr'>nos</span> 
     </span>
     <span class='ocr_line' id='line_1_43' title="bbox 124 5036 2000 5122; baseline -0.002 -18"><span class='ocrx_word' id='word_1_620' title='bbox 124 5039 264 5105; x_wconf 84' lang='lat' dir='ltr'>salvans.</span> <span class='ocrx_word' id='word_1_621' title='bbox 300 5037 338 5102; x_wconf 78' lang='lat' dir='ltr'>st</span> <span class='ocrx_word' id='word_1_622' title='bbox 359 5038 533 5118; x_wconf 87' lang='lat' dir='ltr'>baptismus</span> <span class='ocrx_word' id='word_1_623' title='bbox 553 5042 598 5102; x_wconf 85' lang='lat' dir='ltr'>est</span> <span class='ocrx_word' id='word_1_624' title='bbox 616 5037 778 5103; x_wconf 72' lang='lat' dir='ltr'>ianuarum</span> <span class='ocrx_word' id='word_1_625' title='bbox 798 5057 983 5122; x_wconf 79' lang='lat' dir='ltr'>repereram</span> <span class='ocrx_word' id='word_1_626' title='bbox 1005 5057 1042 5102; x_wconf 92' lang='lat' dir='ltr'>ea</span> <span class='ocrx_word' id='word_1_627' title='bbox 1063 5037 1137 5119; x_wconf 88' lang='lat' dir='ltr'>ipsa</span> <span class='ocrx_word' id='word_1_628' title='bbox 1158 5036 1230 5101; x_wconf 91' lang='lat' dir='ltr'>lotio</span> <span class='ocrx_word' id='word_1_629' title='bbox 1251 5056 1291 5100; x_wconf 83' lang='lat' dir='ltr'>ea</span> <span class='ocrx_word' id='word_1_630' title='bbox 1313 5056 1398 5116; x_wconf 77' lang='lat' dir='ltr'>aqua</span> <span class='ocrx_word' id='word_1_631' title='bbox 1419 5040 1447 5100; x_wconf 87' lang='lat' dir='ltr'>et</span> <span class='ocrx_word' id='word_1_632' title='bbox 1468 5036 1585 5118; x_wconf 87' lang='lat' dir='ltr'>spiritu</span> <span class='ocrx_word' id='word_1_633' title='bbox 1606 5042 1711 5102; x_wconf 81' lang='lat' dir='ltr'>sanae</span> <span class='ocrx_word' id='word_1_634' title='bbox 1734 5040 1778 5100; x_wconf 90' lang='lat' dir='ltr'>est</span> <span class='ocrx_word' id='word_1_635' title='bbox 1798 5037 2000 5117; x_wconf 79' lang='lat' dir='ltr'>repererotio.</span> 
     </span>
    </p>
   </div>
   <div class='ocr_carea' id='block_1_7' title="bbox 0 0 2320 5892">
    <p class='ocr_par' dir='ltr' id='par_1_8' title="bbox 0 0 2320 5892">
     <span class='ocr_line' id='line_1_44' title="bbox 0 0 2320 5892; baseline 0 0"><span class='ocrx_word' id='word_1_636' title='bbox 0 0 2320 5892; x_wconf 95' lang='lat' dir='ltr'> </span> 
     </span>
    </p>
   </div>
  </div>
 </body>
</html>
