4620 5894
143 214 212 287 tn
337 168 347 181 “
607 266 611 272 .
894 212 1167 283 monimo
1188 212 1425 299 maenum
1950 246 1959 259 ·
2115 220 2173 285 en

146 402 233 471 illud
253 398 455 484 Solomonis,
475 408 642 487 quatenus
662 409 714 470 ost
735 402 830 469 Deus
852 402 1017 488 sermon)
1039 400 1138 484 Quod
1191 403 1452 487 transfiguratio.
1507 401 1618 469 Omne
1649 405 1772 469 vero⁴
1805 402 1987 469 discrimen
2020 406 2113 472 verbi
2140 414 2174 473 et

147 496 203 557 eet
217 488 434 569 nomenoius,
458 492 473 532 ⁴
491 488 546 555 vel
562 508 686 556 nomen
704 490 767 554 filii
784 488 877 556 eius?
900 488 1014 576 (Prov.
1029 492 1081 570 30,
1092 486 1138 575 4.)
1191 489 1330 573 spiritus
1352 488 1463 574 palam
1485 488 1605 569 abolet,
1627 487 1770 555 eundem
1791 490 1965 555 affirmans
1986 511 2060 556 esse
2081 493 2173 576 spiri·

147 575 246 642 Idem
262 572 306 641 ad
316 572 551 660 Smyrnenses,
572 596 647 659 pag.
661 579 713 655 51,
735 582 878 642 testatur
896 578 912 618 1
928 574 1138 659 unigenitum
1190 580 1263 639 tum
1286 595 1361 640 oum
1381 574 1492 640 verbo.
1535 574 1632 640 Nihil
1660 596 1738 659 ergo
1768 577 1993 643 excusationis
2021 576 2172 659 admittit,

147 660 258 727 filium
278 683 351 727 esse
371 659 511 727 verbum
531 661 698 745 Deumzb)
726 683 768 727 ex
790 682 912 747 genere
933 667 1046 726 autom
1066 660 1137 727 Da·
1190 679 1252 725 neo
1279 658 1458 743 quidquam
1488 662 1607 726 reniae
1631 662 1646 702 ⁵
1667 669 1816 727 moretur
1842 661 2075 747 prodigiosum
2096 664 2172 731 illud

149 746 210 813 vid
232 745 414 813 seeundum
435 766 570 812 earnem
601 767 673 813 esse
705 747 813 813 filium
844 747 997 846 virginis.
1041 745 1137 812 Idem
1190 744 1472 829 blasphemiarum
1494 747 1608 813 chaos:
1638 747 1727 830 quod
1752 747 1894 813 lectores
1915 749 1952 812 in
1973 749 2056 815 louis
2077 771 2099 816 a
2117 772 2171 817 no·

152 832 196 898 ad
228 832 402 917 Ephesios,
435 854 510 917 pag.
535 836 590 897 74:
623 831 796 898 Habemus
828 832 995 899 medicum
1022 832 1137 897 Iesum
1188 829 1240 897 bis
1262 831 1371 898 citatis
1392 832 1569 915 reperient

151 916 335 998 Christum,
368 918 425 1001 qui
458 926 535 984 ante
563 918 697 985 saecula
721 923 735 960 1
755 918 844 985 filius
865 918 1070 1003 unigenitus,
1102 923 1137 983 et

149 1004 187 1071 in
207 1004 368 1088 principio
390 1004 544 1070 verbum:
568 1012 684 1088 postea
700 1024 781 1070 vcro
801 1012 835 1069 et
852 1004 950 1070 homo
967 1024 1011 1070 ex
1027 1004 1138 1070 Maria
1277 1000 1477 1068 IMentiris.
1525 1003 1715 1069 Trinitatem
1735 1023 1788 1087 eqo
1810 1023 1897 1084 voco,
1920 1010 1951 1070 et
1972 1006 2079 1086 ᾱοοοο,
2100 1028 2170 1091 paq.

150 1089 291 1175 virgine,
314 1089 528 1174 incorporalis
549 1090 586 1154 in
608 1110 753 1175 corpore,
775 1089 987 1174 impassibilis
1006 1090 1044 1154 in
1064 1110 1137 1155 cor-
1187 1091 1250 1168 22,
1277 1089 1480 1154 verissimam
1507 1090 1695 1168 trinitatern,
1723 1110 1800 1173 paq.
1827 1095 1875 1154 24
1903 1096 1932 1156 et
1954 1113 2035 1176 pap.
2057 1097 2172 1159 273et

81 1186 84 1191 ’
149 1197 230 1259 pore
250 1174 408 1259 passibili,
430 1176 628 1242 immortalis
649 1176 686 1241 in
705 1197 841 1260 corpore
862 1175 1006 1241 mortali.
1028 1176 1136 1259 Apor·
1191 1178 1277 1253 704,
1313 1179 1383 1239 705
1408 1179 1437 1238 et
1463 1194 1526 1257 seq.
1571 1173 1783 1240 2Mentiris.
1829 1176 1953 1243 3Imo
1980 1178 2172 1261 hypostotim

150 1262 217 1327 tior
237 1268 328 1328 certe
349 1261 518 1328 distinctio
549 1262 638 1327 inter
658 1262 742 1327 duas
763 1261 890 1329 Christi
917 1270 1056 1327 naturas
1077 1283 1136 1326 ex·
1186 1259 1302 1342 sermo.
1327 1258 1466 1325 anem
1482 1261 1652 1326 discrimen
1668 1261 1748 1342 nilla
1766 1282 1829 1329 non
1838 1264 2018 1345 pnsonole
2044 1264 2173 1332 5de

148 1346 251 1431 primi
272 1368 342 1414 non
372 1348 496 1431 potuit:
529 1367 611 1430 quas
644 1347 693 1413 sio
717 1349 731 1388 ⁷
752 1349 886 1414 confuse
917 1349 1035 1413 miscet
1056 1346 1136 1413 Scr-
1188 1366 1259 1429 erqo
1280 1346 1374 1411 venia
1397 1344 1522 1411 Simoni
1541 1366 1641 1430 oropo.

148 1439 257 1512 vetus,
290 1440 330 1498 ut
350 1454 485 1499 earnem
507 1433 607 1499 faciat
629 1435 646 1473 ⁸
665 1434 788 1513 Deum,
822 1442 856 1499 et
876 1435 1016 1500 verbum
1036 1440 1137 1518 neget

154 1517 385 1605 ⁹hypostasin
407 1518 563 1585 habuisse
585 1525 721 1604 epatre
742 1519 940 1587 distinctam.
1275 1515 1321 1580 II.
1364 1514 1430 1580 ΙΠ.
1474 1515 1536 1582 IV.
1604 1516 1693 1599 Quia
1730 1518 1860 1584 silentio
1892 1522 2058 1603 praeterit
2096 1542 2173 1606 quae

1189 1622 1251 1667 nos
1273 1600 1370 1685 gravi
1391 1601 1651 1684 reprehensione
1673 1603 1775 1691 digne
1795 1626 1985 1686 censemus,
2018 1607 2173 1675 iudicium

240 1689 340 1754 1Ea
367 1690 439 1773 ipso
466 1691 535 1756 iam
560 1691 708 1774 pluriam
735 1691 832 1757 citari
858 1696 887 1758 et
913 1691 949 1756 in
968 1688 1137 1774 Apoloqic,
1190 1708 1233 1752 ex
1254 1686 1397 1765 lectione
1416 1687 1491 1770 ipsa
1510 1689 1579 1754 fiat.
1624 1689 1695 1755 Nec
1716 1698 1767 1756 est
1788 1691 1876 1774 quod
1898 1704 2059 1773 excuset,
2081 1693 2174 1761 hodio

149 1778 179 1841 et
207 1774 296 1841 alibi.
350 1775 581 1842 2Hominem.
632 1776 720 1842 3Et
742 1796 803 1861 eqo.
856 1775 1138 1842 assilientem
1191 1793 1319 1856 quoque
1350 1774 1473 1838 iactare
1495 1774 1621 1839 Turoas
1647 1776 1814 1841 obstaculo
1849 1776 1912 1842 sibi
1941 1800 2019 1845 esso
2048 1781 2173 1846 trinita·

151 1858 311 1939 Christus,
338 1867 374 1926 nt
403 1863 458 1926 ait.
505 1862 585 1927 Nisi
609 1883 695 1927 esses
715 1883 832 1942 reeens,
853 1867 960 1929 contro
982 1867 1010 1927 te
1031 1862 1067 1927 id
1087 1862 1138 1944 fa·
1191 1865 1273 1922 tem:
1292 1860 1454 1942 quianon
1473 1862 2003 1944 protinussequiturlllahometo
2029 1869 2040 1906 ¹
2057 1867 2173 1932 iustam

148 1966 216 2013 cere
242 1948 373 2012 oirleres.
425 1952 448 2012 ὅ
478 1947 638 2013 Christum
671 1950 725 2013 ait.
785 1954 806 2013 6
835 1948 937 2014 Homo
968 1948 1004 2012 in
1033 1947 1139 2029 forma
1191 1944 1292 2009 fuisso
1317 1945 1499 2028 apostasiae
1526 1967 1670 2012 causam.
1715 1946 1812 2028 Quod
1843 1970 1921 2015 vero
1950 1951 1988 2015 in
2018 1973 2087 2016 una
2115 1952 2172 2018 Dei

146 2031 222 2100 Dei.
281 2039 302 2096 7
336 2032 496 2098 Mortiria
559 2033 713 2100 Formam
750 2035 895 2100 divinem
935 2034 970 2099 in
1012 2031 1138 2099 Christo
1192 2030 1336 2095 essentia
1363 2030 1546 2096 invisibiles
1573 2042 1608 2096 et
1635 2053 1774 2098 arcanas
1803 2034 2001 2118 hypostases
2030 2046 2101 2102 tam
2124 2059 2173 2103 su·

147 2138 202 2182 nee
222 2120 398 2202 confutant,
421 2140 476 2184 nec
496 2119 672 2198 alteratum,
694 2142 748 2185 nce
764 2126 920 2186 mutatam
937 2120 1138 2203 apertissima
1191 2116 1292 2198 perbo
1315 2117 1330 2156 1
1352 2115 1520 2198 repudiat,
1553 2118 1620 2182 iam
1648 2117 1793 2184 breviter
1818 2125 1832 2161 ³
1859 2121 2071 2189 ostendimus
2105 2146 2173 2191 eum

146 2204 244 2281 doceo,
272 2225 348 2287 pop.
378 2210 459 2285 201,
500 2211 528 2270 et
565 2206 600 2269 in
632 2205 782 2286 Epistola
812 2212 869 2273 tna
894 2213 924 2287 6,
957 2212 1137 2288 1²⁰9·590·
1192 2208 1261 2265 teta
1288 2200 1422 2283 pietatis
1451 2202 1602 2268 doctrina
1629 2225 1787 2289 pugnare.
1832 2205 1908 2272 Nisi
1938 2210 2032 2273 sirim
2061 2210 2172 2276 suisset

148 2293 171 2354 8
191 2288 257 2354 Dei
268 2291 469 2374 participem
516 2295 537 2353 9
555 2290 714 2357 Mentiris.
722 2298 751 2371 c)
1190 2286 1290 2351 realis
1311 2288 1401 2350 inter
1418 2288 1529 2352 Deum
1547 2297 1676 2371 patrem
1695 2302 1728 2354 et
1747 2291 1885 2356 verbum
1903 2292 2089 2375 distinctio,
2111 2317 2171 2361 non

1191 2373 1299 2455 potnit
1317 2376 1331 2412 ⁴
1350 2373 1488 2438 verbum
1508 2374 1544 2438 in
1573 2396 1707 2440 earnem
1735 2376 1934 2444 descendere
1962 2381 2051 2463 quin
2078 2381 2169 2448 simul

1191 2457 1419 2541 ⁵paterhon10
1436 2460 1540 2524 fieret.
1571 2458 1730 2543 Quisquis
1748 2484 1827 2547 ergo
1845 2465 1969 2529 realem
1990 2465 2169 2535 distinctio·

146 2583 299 2666 Brevis
345 2583 665 2667 cavillationum
710 2586 933 2695 samntio,
980 2587 1135 2697 quibus
1190 2565 1271 2695 idi}
1299 2545 1565 2696 {illierihfiii
1583 2549 2168 2717 ltilidn‘rlitfitdaiiimriudilli

147 2702 354 2786 Servatus
396 2732 561 2787 errores
603 2704 685 2787 sibi
723 2734 749 2788 a
786 2706 907 2789 nobis
947 2708 1135 2792 obiectos
1190 2713 1270 2781 dicit
1292 2716 1467 2781 Christum
1499 2717 1600 2783 fuisse
1632 2717 1698 2783 Dei
1728 2721 1886 2800 formam,
1919 2723 2012 2805 quod
2044 2724 2167 2791 serven·

405 2824 611 2908 ίῙΠΠΘῙἪᾱ)
641 2821 877 2909 tentaviw)
1189 2802 1348 2885 figmento
1381 2810 1594 2909 congrueret,
1629 2805 1687 2870 sed
1717 2805 1754 2870 in
1779 2808 1792 2846 ⁷
1821 2809 1928 2872 forma
1960 2810 2032 2876 Dei
2064 2812 2165 2877 luisse

1189 2891 1264 2966 [pag.
1299 2892 1374 2966 102]
1430 2887 1470 2953 bi
1503 2897 1581 2954 aute
1614 2899 1802 2974 susceptam
1833 2914 1970 2959 carnem
2005 2910 2081 2961 orat
2101 2900 2117 2940 ⁸
2134 2897 2166 2960 in

1187 2975 1294 3038 torma
1315 2974 1395 3054 Dei,
1422 2973 1547 3039 rasilem
1574 2975 1769 3060 hypostasin
1796 2978 1846 3042 illi
1874 2981 2008 3063 eripere
2035 2984 2088 3049 fas
2107 3003 2165 3048 non

236 3058 364 3124 Timuit
384 3058 470 3124 forte
490 3081 533 3124 ne
558 3058 685 3127 iudices
712 3060 879 3126 nescirent
899 3081 999 3144 quam
1020 3063 1135 3129 facun-
1187 3066 1253 3138 est,
1283 3079 1367 3142 quae
1394 3060 1534 3125 formam
1566 3060 1654 3128 hanc
1684 3062 1721 3126 in
1754 3084 1789 3128 so
1823 3066 2022 3132 sustineret:
2052 3068 2164 3151 alioqui

147 3144 209 3211 dus
233 3152 336 3225 esset,
366 3165 405 3210 ao
426 3152 605 3227 protervus
628 3147 843 3225 conviciator,
867 3148 931 3213 nisi
953 3149 1133 3215 Calvinum
1190 3146 1205 3185 ⁹
1223 3142 1363 3211 evanida
1385 3154 1472 3211 esset
1491 3147 1634 3223 formae)
1656 3148 1729 3214 sine
1751 3150 1908 3216 subiecto.
1953 3154 2007 3218 Et
2020 3154 2163 3221 absurda

144 3232 242 3298 initio
265 3240 400 3297 vocaret
417 3234 425 3271 ¹
441 3230 652 3312 homicidam,
676 3244 710 3298 et
726 3233 835 3298 multa
854 3233 992 3300 subinde
1012 3235 1135 3319 probra
1186 3239 1274 3296 esset
1304 3231 1428 3314 triplex
1462 3234 1606 3298 nominis
1632 3234 1796 3301 invocatio
1823 3237 1860 3301 in
1888 3236 2074 3320 baptismo,
2106 3239 2163 3305 nisi

143 3317 180 3384 in
202 3338 280 3382 eum
302 3326 480 3383 evomeret.
523 3318 558 3384 N
561 3340 598 3384 os
627 3325 740 3385 autem
762 3319 803 3385 do
829 3321 928 3387 rebus
949 3322 1030 3405 ipsis
1052 3323 1133 3387 sim-
1186 3316 1320 3382 realiter
1353 3316 1526 3382 differrent
1565 3324 1592 3361 ¹⁰
1624 3330 1732 3403 poter,
1771 3324 1797 3364 ¹¹
1830 3323 1920 3388 filius
1954 3335 1991 3389 et
2024 3328 2161 3408 spiritus

144 3404 276 3487 pliciter
298 3424 443 3487 agemus.
1184 3404 1364 3485 Proprium
1392 3410 1426 3467 et
1452 3411 1643 3486 separatum
1676 3406 1816 3490 singulis
1849 3410 2013 3476 tribuitur
2039 3433 2160 3477 nomen

1192 3490 1219 3529 ¹²
1236 3489 1312 3554 Nisi
1333 3510 1403 3553 rem
1427 3491 1635 3573 agnoscimus
1657 3492 1693 3555 iu
1713 3494 1781 3557 filio
1803 3502 1837 3558 et
1858 3496 1993 3577 spiritu,
2017 3509 2162 3582 sequetur

235 3580 255 3640 1
286 3574 379 3655 Vere,
412 3579 439 3640 et
469 3573 611 3641 Statonia
643 3579 730 3660 moqi
761 3583 948 3644 sectatorem.
994 3578 1086 3663 Nepa
1105 3584 1133 3644 te
1186 3575 1388 3657 baptismum
1410 3575 1503 3639 inani
1531 3577 1656 3642 nullius
1678 3580 1726 3643 roi
1749 3581 1882 3645 nomine
1903 3582 2017 3664 quoad
2044 3596 2162 3667 patrem

144 3661 351 3742 homicidam,
385 3667 413 3726 et
444 3663 524 3728 actis
552 3663 699 3742 probabo.
755 3663 914 3730 Simonem
946 3686 1074 3748 mepnm
1105 3671 1133 3730 tc
1186 3660 1346 3725 etlilium
1369 3660 1489 3726 lusorie
1511 3664 1704 3728 consecrari.
1749 3665 1820 3731 Neo
1842 3688 2015 3733 moramur
2044 3674 2073 3712 ¹⁸
2095 3669 2162 3736 Ser·

144 3769 260 3833 nepare
284 3769 345 3813 non
374 3749 481 3812 andes
530 3748 611 3829 Quis
634 3755 710 3828 [pag.
737 3755 810 3829 101]
839 3751 895 3815 tibi
918 3752 1017 3833 ipitnr
1036 3751 1131 3831 [idem
1186 3748 1253 3812 veti
1275 3747 1445 3830 effugium,
1468 3748 1556 3830 quod
1577 3749 1711 3814 realiter
1731 3751 1767 3815 iu
1786 3773 1885 3816 carne
1904 3753 2068 3821 distincta
2089 3758 2162 3821 sita

146 3834 302 3913 adhibeat,
326 3838 353 3899 et
374 3839 402 3898 te
424 3834 535 3899 bonam
559 3834 702 3900 arborem
723 3836 853 3900 eredat?
883 3837 925 3900 In
946 3858 1046 3902 cansa
1066 3843 1132 3903 tarn
1185 3842 1280 3916 patre
1319 3833 1380 3896 filii
1418 3854 1568 3915 persona.
1629 3836 1716 3899 Nam
1750 3837 1827 3903 binc
1862 3838 1922 3903 illa
1962 3844 1991 3880 ¹⁴
2025 3844 2162 3907 nascitur

144 3924 234 3988 insto
253 3941 326 3987 snm
345 3925 500 4002 constans,
524 3925 552 3985 et
572 3927 701 3986 mortem
723 3920 805 3987 nibil
823 3924 969 4004 [antido.
1185 3919 1370 3996 distinctio,
1415 3919 1502 4002 quod
1539 3919 1666 3986 Christi
1700 3943 1776 3987 caro
1812 3924 1908 3989 Deus
1942 3935 2003 3991 est.
2068 3925 2160 4009 Atqui

1193 4007 1218 4046 ¹⁵
1230 4005 1328 4087 longo
1340 4004 1404 4068 alia
1422 4005 1536 4084 deitas,
1549 4026 1668 4088 nempe
1679 4017 1822 4085 aeterna,
1845 4011 1940 4076 nobis
1952 4011 2159 4099 intelligendu

230 4094 258 4158 Ι.
300 4093 457 4159 Proculae
474 4114 494 4157 a
512 4090 653 4158 Serveto
677 4094 862 4159 ¹reieotum
881 4115 1011 4178 semper
1027 4095 1130 4161 fuisse
1184 4096 1243 4157 est.
1284 4088 1415 4154 Deinde
1438 4092 1473 4154 in
1498 4094 1526 4133 ¹⁶
1543 4092 1680 4175 spiritus
1701 4115 1844 4176 persona
1862 4100 2065 4164 constrictus
2086 4119 2158 4163 sem·

143 4200 265 4244 nomen
289 4179 451 4244 trinitatis
473 4180 568 4262 quasi
590 4179 788 4264 sacrilegum
811 4190 845 4244 et
862 4179 1064 4261 detestabile,
1087 4204 1129 4247 ex
1184 4196 1244 4260 per
1266 4184 1408 4255 tenetur,
1432 4175 1519 4259 quod
1538 4199 1640 4260 quum
1661 4180 1837 4246 invisibilis
1858 4182 1997 4248 Sittius
2019 4184 2158 4249 substan·

144 4265 298 4331 omnibus
321 4268 393 4330 cius
415 4263 508 4330 libris
529 4267 543 4306 1
566 4273 704 4331 constat.
744 4267 842 4330 Nunc
865 4277 974 4332 autem
997 4267 1032 4332 in
1054 4290 1129 4352 per·
1185 4264 1246 4341 tia,
1275 4283 1396 4327 nomon
1425 4270 1538 4328 tamen
1566 4263 1759 4330 distinctum
1784 4268 1939 4350 propriae
1960 4270 2097 4337 virtutis
2115 4288 2157 4335 ru·

144 4353 250 4417 sonali
281 4350 495 4417 distinctione
529 4352 642 4416 fucum
670 4352 755 4416 lauit.
808 4352 910 4432 Nam,
944 4362 983 4418 ut
1014 4366 1130 4437 postea
1186 4349 1275 4415 tione
1297 4347 1426 4413 habeat.

145 4438 342 4517 videbimus,
376 4458 518 4522 persona
540 4439 591 4503 illi
614 4438 699 4504 nihil
717 4439 808 4503 aliud
831 4451 881 4504 cst
901 4463 1000 4525 qnam
1031 4440 1127 4506 ⁸Dei
1238 4466 1241 4473 ·

1271 4527 1291 4584 1
1314 4519 1441 4583 Iustam
1462 4525 1497 4584 tn
1517 4520 1603 4585 solns
1623 4520 1721 4603 firrpis
1742 4524 1898 4604 impostor.
1942 4527 2109 4592 2Realem
2130 4527 2154 4589 in

143 4626 348 4639 --·-
1182 4606 1250 4672 Deo
1272 4607 1498 4671 distinctionem
1519 4626 1572 4690 eqo
1591 4609 1732 4687 repudio.
1778 4610 1986 4677 illlentiris.
2029 4613 2152 4695 sthno

212 4726 476 4789 c)ilest1)ieuet
512 4730 599 4783 amne
617 4729 714 4783 diune.
1181 4714 1238 4757 ras
1265 4695 1362 4757 miser
1390 4693 1471 4755 tarni
1502 4694 1614 4756 arcani
1645 4695 1920 4774 disperrsntionem.
1975 4702 1997 4762 5
2025 4698 2152 4763 Persona

212 4795 244 4857 b)
263 4794 291 4846 la
308 4795 415 4850 Parcite
434 4797 468 4850 de
487 4746 557 4851 llieu
576 4805 619 4852 est
637 4815 686 4851 son
705 4796 749 4853 fils
766 4799 874 4867 unique.
1180 4779 1266 4843 00101
1287 4784 1331 4843 031
1352 4777 1448 4842 001110·
1481 4783 1502 4841 0
1527 4778 1557 4841 Τ
1555 4799 1577 4841 11
1599 4779 1685 4843 101111
1707 4782 1869 4861 1011111001
1890 4782 2151 4863 101111131101110111

213 4863 244 4995 33
264 4862 404 4984 dididdsdxr
416 4862 656 4987 b'ubrdrvldrm'
674 4869 850 4921 correximus.
1182 4864 1362 4930 rationibus
1382 4865 1455 4948 opis
1479 4863 1593 4947 obsqrae
1613 4866 1800 4947 scripturis,
1828 4874 1856 4934 et
1875 4889 1914 4934 ee
1933 4871 2032 4951 salsis
2048 4867 2149 4952 funda·

214 5001 244 5062 r)
269 4973 498 5066 inhumanato
519 4972 627 5069 sinenti
647 5004 761 5058 amiculi
783 5004 843 5058 anis
865 5005 1130 5059 numerosissimae·
1181 5043 1199 5048 -
1239 5043 1243 5047 -
1313 5043 1317 5047 -
1353 5043 1356 5046 ·

143 5074 209 5123 snnt
226 5082 314 5133 surpra
330 5072 466 5147 prostrate
474 5072 711 5141 respondeantur,
728 5089 796 5142 qnos
814 5076 843 5137 in
860 5074 939 5129 libris
955 5076 1037 5130 edens
1048 5077 1127 5130 mata·

143 5153 190 5194 tos
207 5152 260 5193 nos
276 5141 453 5190 restituimus.
1248 5142 1278 5206 a)
1297 5154 1458 5211 apparente.
