4620 5894
292 1476 436 1543 PETRI
458 1477 624 1542 VIREsI
647 1474 910 1543 CONFESSIO
932 1478 997 1542 DE
1019 1474 1300 1544 MINIS'I'ERIO
1322 1462 1471 1543 VERBI
1491 1476 1552 1542 ΕΤ
1570 1473 2004 1542 ΒΑΟΒΑΜΕΝΤΟΒΠΜ.

230 1663 333 1747 Qum
354 1665 425 1732 sola
443 1666 523 1747 (ides
552 1684 629 1730 uera
653 1666 697 1731 sit
716 1670 745 1732 et
762 1669 848 1731 emta
872 1663 1155 1733 Giristianmmn
1177 1685 1274 1746 neque
1295 1666 1360 1730 rim
1380 1666 1452 1729 eius
1471 1664 1548 1729 ullis
1569 1664 1715 1744 tomeun,
1739 1667 1795 1729 aut
1814 1667 1993 1745 ternponun,
2014 1668 2161 1747 oniper-

140 1750 281 1830 soieutia,
304 1771 371 1832 qua
392 1752 435 1817 ad
455 1771 561 1817 ueram
583 1771 692 1816 rerum
715 1752 901 1818 diuinarum
923 1752 1125 1836 capnitionem
1150 1749 1208 1871 Ι.
1177 1771 1328 1817 sonarum
1348 1750 1520 1835 adioamus
1537 1751 1789 1830 circumcolarum,
1811 1751 1867 1815 sed
1880 1748 1934 1814 loe
1950 1748 2055 1815 solum
2075 1769 2161 1817 asse·

132 1837 302 1918 peruenim
324 1843 352 1903 et
371 1858 478 1903 veram
504 1838 647 1919 consequi
673 1838 807 1903 salutern
834 1836 976 1903 domines
990 1839 1125 1918 possint,
1176 1839 1288 1917 rinus,
1311 1858 1473 1918 nunquam
1494 1834 1795 1903 essedectisinutile
1808 1837 1987 1916 etotiosnm,
2009 1837 2161 1918 quonium

139 1928 325 2024 motdurque
347 1921 474 1989 Paulus
498 1944 539 1990 eu
557 1923 664 1989 diuini
690 1924 847 1989 sermonis
873 1924 1036 1990 auditione
1056 1944 1125 1988 eam
1176 1924 1318 2005 iprsorum
1339 1925 1461 1988 animos
1474 1922 1544 1988 Deo
1562 1943 1619 1988 suo
1634 1922 1829 2004 perfundere
1850 1922 1968 2004 spiritu
1986 1927 2016 1987 et
2033 1920 2099 2004 fide
2111 1921 2162 1987 do

140 2009 230 2088 oriri,
252 2015 345 2108 atque
365 2008 446 2074 lanc
464 2030 564 2090 porro
585 2010 779 2075 auditionem
800 2030 839 2075 ec
860 2009 998 2075 eiusdem
1019 2010 1125 2075 divini
1175 2029 1252 2074 nare
1267 2009 1385 2091 placet,
1414 2009 1551 2091 luneque
1572 2029 1638 2074 esse
1658 2009 1745 2073 oiarn
1767 2028 1830 2089 oua
1857 2006 1946 2072 notis
1964 2007 2009 2073 ad
2030 2028 2065 2073 se
2093 2026 2162 2075 suo·

140 2096 294 2159 emmonis
317 2096 567 2175 annunciatione,
590 2095 720 2161 minime
740 2095 1125 2175 dubiumestquinliuius
1175 2115 1306 2177 rumque
1327 2094 1545 2176 &nerinorum
1565 2095 1812 2160 communitatem
1833 2094 1957 2160 aditum
1977 2098 2091 2193 patere
2111 2112 2162 2159 no·

140 2198 240 2244 causa
267 2179 307 2244 ab
336 2181 450 2260 optimo
478 2183 617 2246 omnium
640 2185 773 2261 parente
795 2179 864 2246 Deo
884 2182 1062 2245 institutum
1083 2182 1127 2245 sit
1176 2182 1244 2261 luit,
1267 2182 1438 2246 etanirnos
1466 2185 1587 2246 nostros
1614 2201 1721 2246 rerum
1748 2199 1970 2263 corporearum
1996 2179 2098 2261 specie
2118 2174 2163 2245 ud

22 2328 25 2333 .
140 2265 284 2332 ocelesim
304 2266 527 2345 ministerium,
557 2267 650 2330 euius
670 2287 767 2347 quasi
760 2265 946 2351 'ppaedapo
946 2267 1032 2332 iaet
1058 2287 1125 2331 ma·
1175 2267 1312 2333 coelestes
1333 2266 1510 2333 srebdneere

136 2351 266 2436 pislerio
287 2371 355 2416 sese
384 2352 426 2416 ad
447 2356 574 2433 captum
595 2352 756 2416 demittens
783 2289 946 2418 humanae
966 2352 1125 2418 imbecilli·
1262 2351 1317 2417 Eu
1338 2352 1390 2417 leis
1411 2353 1516 2432 itaque
1541 2351 1637 2434 facile
1651 2352 1866 2433 perspicimus
1887 2351 1976 2417 notis
1996 2351 2163 2436 dilipenter

138 2438 221 2517 tatis,
243 2441 394 2518 tanquam
410 2457 528 2519 pueros
549 2438 688 2503 ornniurn
708 2437 1008 2502 rerumdioinarum
1028 2439 1124 2505 rudes
1175 2459 1240 2504 esse
1261 2439 1480 2504 attondendum
1500 2437 1579 2519 quid
1595 2438 1765 2519 proprium
1786 2439 1830 2502 sit
1851 2437 1989 2503 leoninis
2008 2439 2161 2518 ministri,

140 2527 175 2586 et
189 2523 326 2606 ipnaros,
348 2523 392 2587 ad
408 2543 520 2589 earum
540 2544 598 2589 nos
614 2524 837 2588 nmnudneeret
854 2524 1066 2608 monitionem
1088 2526 1125 2589 in
1174 2526 1232 2607 qui
1252 2529 1374 2589 tautum
1389 2524 1541 2605 plantare
1562 2528 1590 2587 et
1609 2524 1715 2606 ripare
1730 2528 1840 2606 potest,
1863 2524 1989 2606 etquid
2009 2523 2085 2605 Dei,
2106 2524 2163 2606 qui

140 2628 204 2690 qua
225 2608 328 2673 omnis
348 2612 456 2675 nostra
477 2610 609 2674 oertdnr
636 2610 742 2688 salus,
772 2608 899 2689 eiusque
927 2629 984 2675 nos
1007 2611 1125 2692 faceret
1174 2610 1260 2675 selus
1280 2610 1336 2675 dat
1356 2612 1586 2675 incrementum.

140 2698 299 2776 omnpotes.
337 2694 536 2777 Quapropter
554 2695 610 2760 loc
625 2700 721 2760 totum
742 2695 954 2759 ministerium
974 2696 1124 2760 contineri
1266 2696 1536 2777 Quemadmodum
1559 2716 1630 2778 erpo
1651 2714 1713 2760 non
1739 2694 1893 2760 learninem
1920 2693 2022 2760 solum
2042 2700 2072 2761 ot
2092 2696 2164 2761 eius

139 2779 412 2862 circeuuscribique
438 2782 539 2847 coluit
570 2781 674 2846 divini
702 2781 856 2846 sermonis
881 2782 1125 2847 annunciatione
1175 2802 1268 2864 opus,
1298 2783 1470 2847 sedetiam
1492 2781 1600 2847 Deum
1628 2800 1699 2846 curn
1718 2781 1825 2861 ipsius
1852 2801 1944 2863 opere
1964 2800 2022 2846 nos
2048 2783 2086 2847 in
2106 2781 2163 2848 leot

141 2871 169 2933 et
189 2871 454 2931 sacramentorum
475 2867 758 2932 administratione.
804 2864 892 2950 Erpa
913 2886 1010 2948 quum
1029 2866 1123 2932 Deus
1174 2867 1351 2933 ministerio
1372 2867 1576 2950 contemplari
1598 2871 1719 2949 oportet,
1740 2868 1788 2930 ita
1809 2886 1932 2932 necesse
1952 2872 1998 2932 est
2019 2868 2084 2932 duo
2104 2886 2163 2933 nos

140 2952 239 3017 liuius
259 2952 432 3018 ministerii
458 2959 552 3018 autor
572 2954 630 3033 sit,
659 2953 769 3034 ipsum
788 2952 893 3034 fateor
912 2971 978 3018 esse
998 2953 1124 3035 quidem
1149 2966 1153 3020 t
1174 2952 1261 3018 verli
1279 2973 1397 3036 penora
1418 2958 1568 3018 statuere:
1596 2952 1730 3018 alterum
1750 2952 1877 3034 qudem
1898 2957 2060 3018 murnum
2081 2952 2165 3035 quod

139 3038 262 3120 efdeaa,
284 3058 346 3103 non
367 3042 471 3104 autern
491 3039 652 3105 lominum
672 3039 1125 3120 ministrorumratiomatque
1175 3038 1316 3104 ministri
1337 3059 1390 3104 ore
1412 3039 1612 3118 enuncientur,
1644 3038 1778 3103 alterum
1799 3058 1870 3103 vero
1898 3038 2061 3104 internum
2081 3038 2164 3121 quod

143 3144 246 3206 opera,
267 3129 325 3189 aut
346 3145 454 3190 corum
475 3145 555 3206 quae
583 3125 650 3207 ipsi
672 3125 784 3206 afferre
797 3130 941 3206 possunt,
964 3124 1019 3190 sed
1035 3124 1125 3190 illius
1175 3145 1215 3190 eac
1235 3125 1335 3190 solius
1355 3124 1421 3190 Dei
1442 3145 1494 3189 ore
1515 3125 1669 3190 demanat.
1707 3123 1866 3205 Quocirca,
1889 3126 2014 3190 tametsi
2037 3123 2164 3191 Paulris

140 3210 242 3276 solius
262 3211 295 3275 ui
316 3214 407 3292 atque
428 3210 571 3293 dficaeia
591 3212 648 3293 qni
669 3212 738 3277 eius
760 3215 806 3275 est
828 3216 934 3292 autor,
961 3215 990 3276 et
1017 3231 1125 3276 eornm
1175 3230 1348 3277 sermonem
1368 3210 1470 3290 illum,
1492 3213 1584 3276 cuins
1604 3210 1749 3274 minister
1768 3210 1833 3292 fuit
1854 3215 1882 3273 et
1902 3230 1960 3292 qua
1983 3230 2021 3274 en
2042 3209 2165 3277 (lteri-sti

140 3296 260 3377 effector
284 3316 364 3376 quoe
389 3296 422 3360 oi
447 3298 555 3377 ipsius
576 3297 718 3362 numinis
739 3296 967 3378 perficiuntur,
995 3299 1050 3378 qui
1071 3298 1125 3362 sui
1175 3297 1322 3362 mandato
1344 3296 1482 3362 homines
1502 3295 1692 3375 instituebat,
1711 3316 1772 3360 nan
1793 3295 1929 3361 hominis
1949 3296 2085 3362 sedDei
2100 3316 2165 3362 ser-

140 3381 277 3461 spiritus
298 3401 413 3445 arcano
442 3382 555 3464 afflatu
584 3383 681 3448 eorda
706 3387 803 3447 mouet
833 3404 869 3449 ae
890 3384 977 3447 intus
1000 3384 1126 3465 perficit
1175 3403 1296 3447 monem
1317 3403 1382 3448 esse
1401 3382 1555 3463 affirmet,
1582 3382 1762 3447 nolumust
1749 3386 1854 3446 tamen
1878 3381 1977 3446 Pauli
1999 3382 2094 3448 uerba
2115 3383 2163 3448 itu

141 3466 224 3547 quod
244 3466 327 3547 foris
348 3472 472 3531 externo
498 3470 673 3533 ministerio
696 3469 825 3532 nunciat
838 3472 1050 3568 testaturque,
1078 3471 1125 3535 ed
1177 3470 1381 3548 interpretari
1402 3474 1438 3533 ut
1459 3467 1541 3532 lianc
1559 3472 1721 3533 eumenum
1738 3487 1909 3532 sermonem
1920 3467 2012 3533 ilium
2027 3469 2164 3551 proprie

142 3551 324 3632 quotidem,
348 3552 411 3630 uli,
434 3554 575 3634 quando,
599 3575 662 3635 per
683 3573 760 3634 qnos
783 3555 863 3618 etin
886 3554 1033 3634 quitus'
1020 3557 1125 3637 ipsius
1177 3572 1243 3619 esse
1263 3554 1477 3638 intelliparnus
1498 3573 1589 3637 quem
1600 3553 1795 3618 alitioioum
1817 3554 2029 3651 eflieaeernque
2051 3559 2164 3636 suapte

143 3637 274 3702 bonitati
296 3638 401 3701 visum
421 3639 529 3720 fuerit,
551 3660 610 3705 suo
631 3640 737 3717 unius,
760 3658 823 3703 non
840 3645 944 3704 autem
965 3642 1125 3726 ministro
1177 3641 1210 3703 oi
1237 3644 1329 3721 atoue
1356 3645 1474 3705 natura
1499 3645 1528 3705 et
1555 3640 1664 3721 quouis
1697 3639 1841 3721 ancipiti
1855 3639 1963 3722 plodio
1990 3641 2163 3707 acutiorem

138 3744 213 3788 rum
234 3723 375 3788 arbitria.
1177 3729 1315 3804 testatur,
1343 3730 1371 3788 et
1392 3747 1485 3809 quem
1506 3726 1664 3790 Esaias
1650 3746 1687 3789 cn
1708 3731 1868 3790 aetencum
1883 3745 2073 3805 permanere
2092 3746 2163 3792 con·

229 3809 302 3873 Non
324 3814 369 3874 est
389 3810 489 3893 ipitur
511 3811 593 3892 quod
614 3811 721 3890 quisi
708 3810 802 3875 taleni
816 3811 945 3887 somniet
956 3809 1008 3874 luc
1019 3811 1126 3874 statem
1178 3811 1334 3890 eionatur,
1361 3812 1415 3876 sed
1442 3811 1539 3877 leuius
1560 3816 1680 3875 tanturn
1708 3811 1775 3875 oiri
1802 3816 1831 3876 et
1850 3811 1989 3893 efficacis
2008 3811 2076 3877 Dei
2097 3832 2162 3878 ser·

142 3896 234 3961 inter
244 3894 351 3960 Deum
372 3900 399 3959 et
422 3895 575 3961 hominem
596 3900 737 3961 nostrum
759 3896 961 3961 individuam
984 3896 1126 3978 aliquam
1177 3897 1280 3960 monis
1300 3860 1458 3961 edternam
1480 3918 1545 3963 esse
1566 3902 1671 3961 nomm
1692 3902 1719 3961 et
1739 3898 1865 3979 sionim
1884 3897 2027 3962 acoeluti
2049 3899 2163 3965 αᾶιονη·

142 3981 367 4047 connectio-nem
397 3987 453 4046 ant
479 3983 653 4048 societatem
682 3985 711 4045 et
727 3981 961 4061 adlmsianem,
989 3982 1127 4062 perinde
1178 3982 1300 4047 iratam
1327 3984 1487 4064 quondm
1516 3983 1746 4063 enpressionem
1773 3988 1865 4064 atque
1892 3983 2078 4066 imapinem,
2106 3984 2164 4067 qui

142 4089 180 4134 ac
201 4069 232 4132 si
252 4067 345 4133 Dens
365 4067 448 4133 nillil
474 4069 544 4133 sine
569 4068 710 4132 ministri
738 4087 833 4148 opera
856 4088 918 4150 per
946 4088 979 4133 se
1007 4068 1127 4150 cilicem
1177 4073 1289 4149 suapte
1310 4069 1343 4131 oi
1365 4073 1456 4149 atque
1477 4074 1596 4134 natura
1618 4071 1652 4133 in
1673 4089 1788 4134 sensus
1808 4069 2094 4150 quideminourrat
2110 4089 2163 4136 eu·

139 4154 257 4236 possit,
281 4158 337 4218 aut
358 4155 452 4236 quasi
473 4174 567 4219 suum
588 4155 759 4219 necessario
781 4154 931 4253 spiritum
952 4155 987 4219 in
1015 4175 1050 4218 os
1077 4155 1126 4218 in·
1177 4156 1448 4237 ternmeorporis,
1472 4157 1702 4220 internoscere
1724 4154 2162 4238 animipermorereefficere·

142 4240 241 4321 spiret
254 4241 405 4320 ministri,
426 4241 617 4305 dumsacris
634 4241 689 4303 dat
698 4260 837 4339 operam,
859 4240 964 4320 ipsius
984 4241 1125 4305 ministri
1177 4261 1237 4322 que
1258 4260 1368 4306 sensus
1395 4261 1456 4305 non
1478 4241 1597 4323 possit,
1626 4241 1692 4304 nisi
1719 4244 1811 4304 vimis
1837 4241 1890 4306 dle
1912 4240 1977 4305 Dei
1998 4245 2027 4305 et
2048 4241 2164 4324 efficax

143 4345 195 4389 ore
223 4326 259 4389 in
286 4327 467 4391 auditorum
497 4327 620 4391 aninies
642 4326 784 4390 uicissim
811 4326 1037 4406 inspirandum
1059 4348 1125 4391 una
1177 4346 1285 4405 sernia,
1308 4328 1400 4392 euius
1422 4331 1468 4392 est
1488 4327 1703 4405 simulacrum,
1725 4331 1753 4391 et
1773 4327 1876 4391 divini
1896 4326 2163 4412 spiritusncaqis-

144 4429 215 4475 ciem
240 4412 344 4511 ipsiius
372 4412 477 4477 halitu
502 4432 708 4494 carpmeaque
733 4431 803 4478 voce
828 4417 856 4475 et
883 4411 1123 4492 subcenturia,
1176 4413 1289 4476 terium
1311 4412 2164 4495 accedat,unquelomcnumanimosetcordarntluat

144 4499 314 4577 autquasi
335 4518 395 4562 sna
416 4498 789 4580 inspectabilietdivina
809 4517 909 4562 maun
929 4499 964 4561 in
986 4504 1125 4581 aspecta
1177 4502 1209 4562 at
1229 4497 1428 4578 infundatur

143 4580 293 4646 bilemt
264 4587 293 4645 et
316 4582 432 4647 human
436 4606 488 4648 arn
514 4604 644 4648 marsum
670 4604 732 4648 sua
757 4584 840 4648 daria
866 4584 1020 4664 effundat,
1048 4584 1125 4649 aliis
1265 4583 1355 4648 Idem
1377 4589 1422 4648 est
1444 4584 1482 4648 de
1510 4589 1773 4648 sacramentorum
1799 4604 1920 4665 quoque
1948 4583 2052 4648 sacris
2080 4604 2162 4667 spn-

142 4667 285 4733 oieissim
305 4689 326 4731 a
352 4670 497 4734 ministro
522 4670 738 4735 distribuenda
766 4675 795 4733 et
821 4670 1042 4751 impertienda,
1071 4671 1125 4735 sed
1178 4670 1255 4734 bolis
1273 4671 1437 4748 iudicium,
1460 4689 1548 4750 perae,
1565 4675 1790 4750 praeterquam
1809 4669 1972 4750 quodcum
1986 4667 2053 4734 Dei
2070 4671 2162 4737 uerbo

143 4751 199 4818 loc
214 4753 323 4833 potius
344 4753 449 4818 Deum
464 4777 524 4835 per
543 4777 576 4820 se
598 4757 718 4838 efficere
744 4776 778 4819 re
798 4776 874 4821 vera
895 4756 978 4837 quod
998 4756 1125 4820 illorum
1178 4757 1340 4820 coniuncta
1363 4761 1438 4820 sarit
1459 4776 1580 4836 semper
1602 4755 1684 4839 (sine
1702 4756 1792 4820 aecius
1812 4761 1886 4819 nota
1907 4755 2028 4820 nullam
2049 4754 2162 4821 labere

143 4838 314 4905 denunciat
333 4840 515 4905 ministerio.
1173 4846 1305 4923 possunt
1326 4847 1592 4906 sacramentorum
1618 4843 1783 4915 rationem,
1811 4842 1925 4923 quippe
1946 4862 2011 4924 qua
2031 4841 2069 4906 in
2089 4861 2161 4908 eum

232 4924 336 5006 Atque
357 4925 434 5003 idea,
456 4928 580 4991 tanntsi
600 4925 708 4992 Deum
727 4927 875 5009 fallacem
895 4947 960 4993 esse
980 4948 1127 5011 repensus
1176 4927 1271 5008 finem
1292 4928 1517 5010 consipnentur,
1539 4928 1633 5008 quasi
1654 4928 1690 4991 in
1705 4927 1868 5008 publicum
1889 4946 1984 4992 usum
1999 4928 2160 5010 principis

145 5012 180 5077 in
202 5011 256 5078 loe
283 5012 471 5090 ministerio,
496 5012 603 5077 nullas
630 5017 733 5079 tamen
760 5014 790 5078 ei
817 5014 897 5098 lepes
924 5015 1123 5094 imponimus,
1178 5018 1297 5077 morteto
1319 5018 1375 5078 aut
1395 5033 1466 5079 cera
1488 5015 1593 5096 ipsius
1610 5013 1740 5097 sipiilo),
1762 5012 1820 5079 lae
1840 5014 1995 5078 nimirum
2011 5019 2087 5079 surii
2101 5033 2157 5078 na·
