4620 5894
974 223 1344 293 raonsoormaa.
1418 204 1422 213 '
2076 226 2166 293 um

148 423 207 478 siut
233 424 305 479 iuter
330 439 382 480 vos
404 423 457 480 dis
481 423 489 492 Ι
515 425 597 496 udis,
626 425 674 481 sed
698 426 758 482 sitis
785 427 919 494 integrum
943 440 1059 496 eorpus,
1087 422 1181 480 eadem
1199 423 1204 492 Ι
1224 430 1328 493 ments,
1351 430 1379 478 et
1408 421 1502 479 eaden
1523 415 1680 499 mamus}
1924 415 2164 501 rattruut

148 505 219 602 Er
245 509 409 622 esicus
442 508 605 605 lourrnts·
632 506 812 630 Crispini.
841 520 847 624 Ι
874 536 912 592 u.
935 535 970 591 n.
991 536 1037 591 u.

305 663 430 731 Forma
450 666 620 731 ootonaria
640 664 760 731 minor.
794 667 934 731 Constat
955 663 1087 731 libellus
1104 663 1321 747 quaternione
1338 681 1406 727 uno
1428 670 1463 727 et
1479 682 1546 727 uno
1568 662 1720 727 terniano
1741 660 1798 746 (A.
1809 661 1875 745 Β.),
1897 664 2028 748 paginis
2049 685 2166 732 nume-

146 773 231 841 ratis
248 777 302 840 26.
319 775 495 860 Epistulae
512 775 648 844 Oalvini
670 778 716 861 (p.
741 776 841 861 3—-6)
864 783 898 840 et
919 775 1149 842 Turioensium
1171 773 1217 860 (p.
1243 774 1387 858 17-26)
1409 773 1588 839 maioribus
1608 775 1697 858 typis
1714 792 1892 855 expressae
1911 784 2007 854 sunt,
2037 776 2168 843 artieuli

146 885 213 968 ipsi
234 885 428 953 minoribus.
472 887 539 954 Hio
560 909 689 972 quoque
711 889 841 954 numeri
862 887 1003 972 singulis
1024 886 1109 952 nulli
1129 887 1369 971 praefiguntur.
1401 884 1456 950 Ad
1478 884 1601 951 oaloem
1622 883 1794 968 Epistulae
1814 886 2005 970 posterioris
2026 885 2165 972 legitur:

147 1005 229 1062 tor.
251 1004 283 1063 4.
316 997 545 1067 Multitudinis
567 1000 772 1067 oredentu'um
794 1007 866 1066 erat
886 1019 942 1064 oor
961 1019 1066 1065 unum
1089 1007 1124 1064 et
1143 999 1255 1064 anima
1275 1019 1352 1064 una.
1375 1033 1418 1043 —
1440 1005 1512 1062 IER.
1536 999 1587 1062 32.
1632 995 1727 1062 Dabo
1750 996 1798 1062 eis
1820 1017 1876 1062 oor
1896 1019 2001 1063 unum
2022 1006 2057 1064 et
2077 999 2168 1067 viam

148 1127 253 1173 unum
273 1116 314 1175 ut
334 1111 474 1177 timeant
494 1133 548 1178 me
570 1113 699 1179 eunetis
721 1110 845 1192 diebus,
869 1110 957 1194 quod
974 1110 1022 1175 eis
1042 1110 1129 1177 bono
1150 1109 1254 1190 oedet,
1278 1117 1312 1175 et
1331 1107 1410 1174 filiis
1431 1129 1546 1175 eorum
1568 1116 1644 1192 post
1664 1129 1730 1174 eos.
1753 1108 1913 1174 -Folio
1934 1109 2050 1175 ultimo
2071 1118 2167 1196 type-

147 1219 299 1304 gruphus
317 1221 489 1307 mirapeis
509 1222 604 1290 huso:
627 1232 804 1288 saravus
833 1224 839 1306 Ι
867 1231 1090 1288 aserenam
1111 1231 1210 1287 rosa.
1228 1229 1424 1302 essemus,
1452 1219 1458 1304 ι
1482 1228 1983 1286 suraruooauario.ura1u1s
2008 1221 2013 1306 Ι
2040 1232 2166 1289 uum

304 1332 379 1398 Iam
400 1354 503 1417 quum
522 1336 611 1402 inter
637 1343 812 1418 utramque
839 1333 1033 1414 editionem,
1061 1355 1200 1418 quarum
1230 1333 1334 1399 ultera
1355 1333 1427 1398 siue
1449 1330 1502 1398 die
1524 1340 1558 1397 et
1580 1331 1714 1398 oonsule
1734 1330 1867 1415 prodiit,
1889 1332 2051 1416 plurimae
2072 1355 2167 1420 repe-
2189 1360 2191 1365 ¹

147 1444 280 1509 riantur
301 1451 414 1510 textus
432 1446 620 1526 varietates,
642 1445 784 1514 leviores
807 1444 941 1530 quidem
962 1467 1087 1525 omnes,
1116 1444 1261 1529 adeoque
1281 1443 1406 1510 nullius
1427 1444 1588 1509 momenti
1615 1451 1776 1527 quantum
1799 1443 1842 1510 ad
1863 1445 1973 1529 ipsum
1994 1446 2043 1511 rei
2065 1467 2164 1531 argu·

146 1563 300 1621 mentum
320 1557 450 1638 attinet,
476 1578 595 1625 verum
616 1568 730 1624 tamen
750 1557 924 1624 evidenter
946 1557 987 1624 de
1007 1556 1170 1623 industria
1197 1557 1325 1635 illatae,
1354 1556 1524 1640 quaeritur
1545 1564 1655 1620 utrum
1676 1556 1824 1638 priorem
1844 1556 1946 1622 fuisse
1969 1564 2164 1626 statuamus.

145 1665 303 1733 Produnt
321 1668 449 1752 passim
469 1669 626 1736 leotiones
647 1690 850 1755 genevenses
871 1689 1009 1735 manum
1030 1668 1072 1735 de
1092 1668 1285 1753 eastigando
1307 1688 1459 1734 sermone
1478 1667 1586 1752 magis
1599 1665 1784 1747 sollicitem,
1807 1674 1842 1732 et
1863 1666 1932 1733 stili
1953 1647 2165 1754 elegantioris

146 1778 295 1845 maxime
315 1778 353 1844 in
364 1779 577 1865 disponendis
590 1781 700 1847 verbis
714 1781 936 1860 curiosiorem,
959 1786 994 1846 et
1015 1782 1062 1848 sie
1076 1781 1281 1860 oorreotoris,
1303 1779 1429 1846 seilioet
1445 1780 1552 1863 ipsius
1565 1777 1710 1858 Calvini,
1731 1777 1843 1845 studia
1857 1779 1982 1845 referre
1997 1779 2164 1864 ridentur,

146 1909 231 1974 quae
240 1889 433 1957 rufianus
453 1891 560 1958 editor
580 1892 634 1960 vel
654 1892 841 1977 neglexisse
863 1892 917 1959 vel
937 1893 1047 1977 potius
1067 1892 1240 1976 ignorasse
1257 1891 1441 1958 oensendus
1463 1902 1522 1957 est
1557 1889 1652 1972 Quae
1668 1911 1771 1974 quum
1791 1892 1840 1956 ita
1859 1911 1895 1957 se
1912 1889 2065 1972 habeant,
2086 1894 2165 1959 olim

146 2001 464 2068 verosimillimum
492 2005 587 2070 nobis
613 2002 788 2071 videbatur
815 2002 993 2069 formulam
1020 2004 1244 2070 eonsensionis
1270 2005 1417 2087 primum
1443 2003 1555 2068 (turiei
1582 2001 1779 2086 impressam
1806 2003 1908 2068 fuisse
1934 2002 1989 2071 vel
2021 2012 2164 2071 exeunte

146 2130 235 2178 auno
259 2117 344 2179 1549
366 2114 421 2181 vel
441 2116 594 2200 proxime
615 2116 776 2199 sequenti,
799 2114 978 2182 Calvinum
1001 2123 1128 2194 autem,
1164 2135 1267 2198 quum
1296 2114 1428 2200 integro
1457 2134 1545 2181 auno
1572 2113 1684 2197 elapso
1710 2112 1861 2180 libellum
1884 2113 2090 2182 divenditum
2110 2137 2165 2182 re·

145 2225 255 2306 seirat,
277 2223 388 2293 denuo
409 2226 553 2293 eundem
572 2226 748 2313 diligenter
768 2228 947 2312 perlegisse
969 2236 1002 2293 et
1022 2226 1229 2310 expolivisse,
1252 2234 1428 2310 antequam
1451 2224 1607 2310 Orispino
1634 2224 1861 2292 reoudendum
1886 2225 2042 2295 traderet
2086 2228 2164 2295 Non

146 2335 280 2420 quidem
307 2336 433 2403 latebat
453 2358 515 2405 nus
536 2340 667 2405 tritaet
688 2339 826 2424 vulgata
852 2339 977 2422 opinio,
1000 2338 1182 2405 seeundum
1203 2359 1304 2422 quam
1325 2337 1492 2405 duumviri
1513 2338 1736 2417 illustrissimi,
1760 2337 1875 2403 eodem
1897 2345 2045 2422 tempore
2066 2347 2100 2405 et
2121 2362 2165 2408 ex
2290 2364 2297 2377 ·

144 2449 318 2514 eommuni
339 2449 483 2530 oonsilio,
505 2450 543 2514 in
564 2458 705 2534 utruque
726 2450 809 2519 urbe
829 2451 1004 2517 eonsensui
1026 2448 1153 2516 edendo
1175 2470 1310 2534 operam
1329 2470 1469 2518 navasse
1496 2448 1719 2534 perhibentur.
1764 2450 1893 2515 Verum
1914 2450 1973 2518 vix
1993 2449 2161 2534 probabile

144 2560 239 2627 nobis
256 2559 444 2641 videbatur,
466 2559 607 2638 eosdem,
630 2561 751 2646 alioqui
771 2561 964 2630 ooneordias
984 2562 1074 2627 inter
1095 2583 1130 2627 se
1152 2560 1334 2627 firmandae
1351 2560 1545 2646 publioeque
1561 2560 1780 2628 deelarandae
1791 2560 2061 2642 studiosissimos,
2084 2561 2165 2630 adeo

144 2679 182 2735 ut
199 2671 256 2739 vel
279 2670 322 2738 de
344 2672 595 2756 simplioissimis
615 2673 767 2739 formulis
789 2673 904 2740 sedulo
927 2673 1147 2757 disquirerent
1168 2682 1202 2739 et
1223 2673 1356 2758 singula
1375 2673 1445 2739 lere
1466 2672 1626 2740 voeabula
1639 2673 1738 2738 anxie
1759 2672 1995 2756 expenderent,
2016 2675 2053 2739 in
2071 2673 2163 2743 evul-

143 2782 254 2868 gando
276 2792 375 2850 textu
392 2791 463 2849 tam
483 2805 617 2867 operose
639 2786 816 2852 eonstituto
845 2792 915 2851 tam
934 2785 1052 2852 leviter
1073 2785 1195 2870 egisse,
1224 2794 1263 2850 ut
1284 2785 1384 2850 simul
1412 2785 1540 2851 duobus
1567 2785 1649 2850 loeis
1677 2783 1776 2869 longe
1796 2784 1886 2850 inter
1907 2807 1943 2851 se
1965 2784 2164 2857 distantibus

145 2914 222 2960 eum
244 2894 341 2978 prelo
367 2893 582 2976 subiioerent,
611 2906 644 2961 et
671 2897 803 2980 quidem
830 2896 966 2963 liberius
996 2897 1155 2981 utrinque
1183 2903 1410 2963 retraetatam.
1456 2894 1644 2962 Aooedebat
1672 2894 1760 2980 quod
1780 2895 1935 2963 Farellus
1961 2898 1999 2962 in
2026 2899 2164 2984 epistola

144 3004 288 3090 quadam
315 3006 358 3073 ad
383 3006 617 3093 Bullingerum
644 3009 768 3091 soripta
795 3008 826 3074 d.
852 3011 900 3073 12.
923 3008 1004 3075 Deo.
1030 3013 1112 3072 1549
1142 3008 1259 3092 (Aroh.
1283 3008 1360 3076 eool.
1383 3008 1455 3094 lig.
1478 3008 1563 3093 Epp.
1587 3008 1624 3074 'll
1648 3011 1701 3087 24,
1729 3027 1761 3091 p.
1785 3007 1864 3094 332)
1896 3011 1977 3075 satis
2009 3011 2164 3096 'ambiguo
2300 3066 2305 3073 .

144 3116 293 3202 quidem,
322 3115 364 3184 de
384 3118 452 3183 iam
473 3117 562 3185 edita
581 3119 723 3186 formula
743 3119 834 3204 loqui
855 3119 1042 3200 videbatur,
1064 3140 1165 3203 quam
1186 3118 1347 3203 prodiisse
1367 3120 1405 3185 in
1426 3119 1534 3186 luoem
1555 3119 1649 3199 dioit,
1672 3117 1760 3202 quod
1782 3139 1862 3184 sane
1884 3120 1982 3188 aliter
2002 3122 2103 3188 etiam
2125 3144 2164 3191 ao

144 3226 183 3296 ds
203 3231 371 3313 impressa
391 3228 534 3315 intelligi
554 3252 651 3316 posse
671 3251 741 3296 nou
760 3252 931 3316 negamus.
976 3232 1064 3297 llum
1084 3232 1185 3298 etism
1206 3231 1293 3315 quod
1314 3233 1350 3298 in
1371 3230 1510 3316 epistola
1530 3231 1589 3297 illa
1609 3229 1652 3297 ad
1672 3229 1906 3314 Bullingerum
1928 3231 2013 3313 data,
2036 3232 2077 3300 de
2098 3254 2164 3319 qua

145 3360 244 3425 supra
272 3339 433 3422 diximus,
462 3342 552 3406 inter
577 3342 643 3408 alia
668 3342 820 3409 addenda
848 3351 883 3408 et
909 3342 1103 3428 oorrigeuda
1126 3341 1303 3423 Calvinus,
1332 3343 1374 3410 ad
1403 3342 1580 3409 artioulum
1612 3342 1669 3426 qui
1696 3361 1786 3408 nuno
1809 3351 1947 3411 oetavus
1968 3352 2028 3426 ost,
2049 3345 2164 3431 phrasi

143 3452 275 3519 euidmn
301 3453 414 3519 minus
443 3454 602 3520 ooueinne
629 3454 736 3521 diotae
763 3455 863 3520 aliam
891 3453 1154 3520 substituendam
1180 3455 1349 3539 proponit,
1377 3475 1460 3539 quae
1487 3454 1607 3521 deinde
1634 3455 1670 3520 in
1698 3452 1896 3521 editionibus
1923 3459 2163 3541 genevensibus

144 3564 298 3631 omnibus
309 3585 468 3648 expressa
488 3576 548 3646 est,
580 3565 618 3630 in
639 3566 798 3633 tun'oensi
819 3587 897 3633 vero
919 3565 1113 3650 simplieiter
1132 3567 1236 3651 priori
1257 3566 1372 3632 addita
1390 3567 1527 3651 legitur,
1554 3565 1719 3633 insulsum
1740 3565 1789 3630 ita
1807 3565 2033 3650 pleonasmum
2056 3578 2090 3636 et
2110 3571 2162 3637 in-

145 3674 350 3743 tolerabilem
371 3677 531 3753 referens,
560 3676 647 3760 quod
669 3697 750 3744 sane
775 3698 843 3743 non
865 3676 1037 3744 aoeidisset
1058 3679 1086 3743 si
1108 3677 1150 3743 ud
1172 3678 1318 3764 Orispini
1339 3677 1509 3763 exemplar
1529 3676 1815 3744 Wissembaobius
1836 3699 1935 3744 suum
1956 3681 2162 3750 eonlormars

144 3787 314 3869 potuisset
356 3787 486 3854 Habuit
512 3789 567 3854 hio
595 3796 725 3855 textum
752 3809 852 3873 quem
879 3789 1057 3856 exsuderet
1083 3810 1185 3856 manu
1214 3792 1386 3874 seriptum,
1414 3792 1450 3855 in
1473 3792 1567 3857 ouius
1588 3791 1738 3874 margine
1759 3788 1975 3876 Bullingerus
1997 3802 2055 3857 aut
2076 3793 2161 3861 alius

144 3900 308 3983 quispiam
341 3898 475 3966 calvini
505 3899 752 3967 emendationes
783 3909 971 3981 notaverat;
1005 3903 1201 3986 genevensis
1232 3903 1461 3988 typographus
1493 3909 1624 3985 postea,
1657 3900 1797 3968 Oalviuo
1830 3904 1922 3986 operi
1959 3901 2160 3986 attendente,

146 4029 288 4077 errorem
309 4010 407 4077 laeile
427 4011 555 4079 vitavit.
864 4084 868 4089 ,
1842 4050 1847 4058 ·

295 4122 459 4188 Attamen
485 4143 523 4188 re
548 4124 731 4189 aromatitis
759 4133 932 4208 perspeota
959 4125 1060 4191 uliam
1087 4127 1197 4209 potius
1224 4126 1423 4191 senteutiam
1451 4146 1540 4191 nuno
1570 4123 1800 4208 ampleetimur
1821 4145 1957 4208 eamque
1978 4126 2159 4194 tralatitiae

147 4234 337 4318 propiorem.
380 4233 585 4301 Permoveut
605 4255 666 4301 nos
688 4234 844 4319 epistolae
865 4237 952 4302 inter
973 4237 1153 4305 Calvinum
1173 4247 1208 4302 et
1228 4236 1462 4322 Bullingerum
1483 4244 1619 4302 mutuae
1639 4235 1756 4319 primis
1777 4237 1948 4302 mensibus
1969 4239 2050 4303 anni
2075 4244 2155 4305 1551

147 4345 356 4428 sensoriptae.
400 4345 537 4412 Primus
559 4346 775 4430 Bullingerus
798 4347 829 4412 d.
854 4352 884 4412 4.
902 4347 1077 4414 Februarii
1107 4348 1247 4414 Oalviuo
1269 4350 1465 4414 transmittit
1485 4348 1656 4432 exemplar
1677 4349 1890 4414 oeulossionis
1910 4369 1930 4413 a
1947 4347 1993 4414 Io.
2012 4351 2158 4419 aLasoo

149 4456 329 4542 iuhnglia
354 4455 475 4537 editas,
509 4456 664 4540 additque
693 4458 775 4524 haee
804 4459 920 4539 verba,
953 4480 1036 4542 quae
1062 4461 1131 4524 iam
1157 4480 1218 4543 per
1245 4480 1281 4525 se
1309 4460 1380 4526 sola
1406 4481 1478 4526 rem
1503 4471 1606 4526 totam
1632 4460 1791 4526 eonfioere
1818 4457 1986 4526 videntur:
2027 4462 2158 4530 Porro

151 4570 377 4635 ornabimur
403 4569 480 4633 iam
506 4568 832 4635 Oonsensionem
859 4579 1041 4636 nostram
1067 4570 1172 4654 apud
1193 4591 1267 4636 nos
1288 4571 1481 4656 imprimi.
1505 4570 1599 4658 (aial)
1626 4568 1671 4637 Si
1693 4591 1787 4656 ergo
1809 4570 1887 4636 tibi
1909 4574 2157 4642 eommodum
2282 4642 2285 4647 .

151 4677 266 4745 luerit
298 4681 450 4758 visum,
483 4681 547 4746 fao
580 4691 627 4746 ut
658 4679 760 4763 apud
793 4701 865 4746 vos
892 4703 1045 4766 quoque
1073 4682 1345 4766 imprimatur.
1389 4683 1530 4767 Neque
1557 4681 1662 4747 enim
1683 4689 1871 4766 putamus
1894 4683 2156 4770 ealootypum

154 4798 330 4857 nostrum
351 4811 469 4858 suum
497 4791 562 4857 hio
589 4792 704 4858 nobis
732 4790 1025 4876 denegaturum
1051 4794 1243 4862 olfioiuua
1289 4796 1443 4880 (Autogr.
1467 4794 1535 4860 uod.
1559 4792 1687 4860 Gener.
1712 4799 1782 4874 114,
1805 4795 1859 4861 fol.
1883 4798 1950 4880 91.)
1994 4796 2049 4861 Ad
2071 4818 2156 4880 quae

156 4895 300 4969 tiuvinus
320 4925 351 4969 a
375 4901 407 4968 d.
431 4900 530 4967 xm
554 4901 625 4968 (lul.
645 4903 762 4968 Martii
783 4906 803 4969 i.
827 4925 855 4969 e.
881 4909 929 4970 17.
952 4903 1050 4971 Febr.
1073 4905 1155 4972 baso
1176 4906 1360 4991 respondit:
1387 4907 1540 4989 Quoniam
1562 4905 1717 4988 manuni,
1739 4906 1786 4972 oet
1802 4907 1945 4991 mdigui,
1965 4907 2154 4987 asimaei,

159 5009 197 5077 ui
225 5015 347 5081 eioidn'
378 5012 519 5079 tumim
551 5015 731 5081 concordior
758 5021 882 5081 areae
914 5016 1107 5100 obstrepunt,
1144 5019 1175 5083 si
1201 5017 1249 5084 ito
1272 5019 1376 5083 murm
1400 5017 1502 5099 fuerit
1527 5018 1628 5098 aba,
1660 5019 1777 5086 editors
1805 5039 1872 5085 esse
1896 5038 2041 5100 cuperem

163 5116 287 5192 uuae
312 5125 414 5209 fuerit
440 5126 979 5208 emmerammenses
1009 5127 1145 5195 societis
1171 5130 1208 5197 id
1232 5129 1323 5197 valde
1345 5130 1555 5213 praeturum
1582 5149 1680 5212 spero.
1731 5130 1794 5197 Vos
1824 5138 1929 5197 umen
1956 5151 2020 5213 pro
2051 5137 2155 5198 oestro
