4590 5902
140 242 202 305 ιιι
957 239 1058 308 com
1078 198 1329 310 memoro.
2088 248 2154 312 ne

136 429 290 512 Denique
310 428 372 494 hoo
393 428 593 508 moliuntur,
623 437 661 493 ut
687 429 886 511 scripturam
913 429 949 493 in
971 429 1115 495 tenebris
1171 435 1257 509 tura,
1279 430 1345 496 nisi
1366 430 1454 514 quod
1474 429 1630 498 monaehi
1651 429 1846 496 somniando
1867 431 2016 498 luserint
2060 433 2152 517 Quid

138 514 284 582 abditam
313 523 529 580 revereantur
555 535 677 593 omnes,
708 523 868 597 tanquam
887 513 1018 580 Oereris
1040 535 1115 598 my·
1170 517 1260 580 enim
1281 537 1340 600 per
1361 516 1532 583 ecclesiam
1553 515 1644 583 aliud
1665 515 1879 602 intelligrmt?
1907 517 1995 582 Nam
2012 526 2052 584 ut
2073 541 2151 587 oon-

137 601 252 668 steria:
265 601 290 683 ¹)
310 621 408 666 nemo
431 605 506 679 [pag.
528 603 601 679 104]
626 599 668 666 ad
689 599 760 665 eius
781 599 1035 684 intelligentiam
1057 600 1114 665 ad-
1168 602 1276 666 fluant
1303 623 1347 668 ex
1373 609 1443 668 toto
1469 602 1548 669 orbe
1574 623 1787 669 romanenses
1815 603 1975 688 episcopi,
2009 604 2073 671 hoe
2099 613 2152 672 est

176 688 264 753 irate
285 686 382 751 ausit
427 685 550 752 Nullus
572 696 658 752 esset
679 686 804 765 exitus,
827 685 856 750 si
877 685 1030 769 exempla
1050 707 1115 750 un·
1168 695 1328 770 quotquot
1345 689 1406 754 sub
1428 688 1550 755 vexillo
1572 688 1726 773 auspiciis
1749 708 1791 753 ιι
1813 688 1902 754 illins
1927 689 2150 758 antichristia-

136 709 308 855 dpeounque
329 771 533 856 colligerem,
563 771 652 836 unde
679 771 790 855 palam
812 772 908 836 ficret
928 770 1113 849 lectoribus,
1167 793 1230 837 nae
1252 772 1340 839 sedis
1361 773 1521 839 militant:
1552 793 1652 857 quam
1673 710 1824 853 tandem,
1852 773 1982 841 collatis
2003 775 2092 842 inter
2112 797 2150 845 se

156 879 236 924 nam
256 857 392 940 iniquae
413 866 448 923 et
468 878 535 922 non
556 857 710 923 ferendae
731 857 901 923 servitutis
920 857 1030 940 laquei
1052 857 1115 923 hoo
1168 859 1339 942 capitibus,
1356 859 1667 943 interpretationem
1686 859 1782 926 nobis
1803 859 2014 926 conflabunt?
2052 862 2150 928 Bona

135 880 268 1011 decreto
294 951 479 1010 nectantur.
529 943 622 1027 Ergo
650 943 686 1007 in
711 942 811 1007 unius
839 948 969 1007 tantum
997 942 1116 1026 synodi
1166 963 1244 1027 pars
1264 945 1323 1010 rix
1344 946 1578 1028 grammaticae
1598 945 1762 1011 elementa
1790 944 1912 1012 didicit
1957 945 2033 1011 Hoc
2060 955 2150 1014 certe

136 1029 287 1114 exemplo
308 1030 475 1111 specimen
497 1037 574 1093 ante
596 1028 708 1094 oeulos
730 1047 858 1111 ponam.
893 1027 1034 1094 (liroiter
1055 1048 1115 1093 an·
1166 1030 1249 1093 mihi
1267 1051 1390 1114 negare
1406 1053 1475 1096 non
1492 1030 1676 1097 audebunt:
1690 1031 1716 1114 ¹)
1734 1032 1792 1096 vix
1803 1032 2021 1097 centesimum
2033 1053 2149 1116 quem·

134 1136 217 1182 num
246 1137 268 1181 a
294 1113 428 1181 Christo
456 1122 534 1179 nato
561 1114 889 1198 octingentesimum,
920 1114 1035 1179 habita
1064 1122 1115 1179 est
1165 1136 1230 1198 que
1252 1136 1295 1180 ex
1316 1115 1383 1182 illis
1404 1138 1491 1196 esse,
1514 1117 1571 1200 qui
1592 1117 1761 1201 integrum
1782 1137 1890 1182 unum
1910 1117 2149 1201 prophetarum

135 1200 282 1285 synodus
303 1200 439 1279 Nieena,
485 1221 546 1265 uae
568 1207 602 1264 et
622 1219 755 1265 everam
777 1198 838 1265 sub
860 1200 974 1265 Leone
996 1200 1113 1283 imagi·
1166 1200 1298 1279 librum,
1320 1209 1379 1266 aut
1400 1223 1499 1267 unam
1521 1207 1596 1282 [pag.
1618 1206 1692 1281 106]
1715 1202 1940 1285 apostolorum
1962 1204 2147 1287 epistolam,

135 1307 194 1353 nes
214 1287 369 1366 restitnit,
393 1294 426 1351 et
447 1222 631 1352 alerannus
651 1284 806 1351 decrevit.
840 1284 926 1349 Eam
948 1285 1114 1368 synodum
1167 1296 1224 1351 aut
1246 1307 1348 1352 unam
1375 1286 1540 1372 evangelii
1568 1287 1742 1353 historiam
1769 1288 1896 1372 legerit
1941 1288 2028 1354 Aliis
2057 1290 2147 1355 enim

175 1373 298 1458 pistae,
326 1372 404 1455 quia
429 1369 632 1437 idololatriae
660 1371 875 1455 suffragatur,
903 1379 1053 1437 sanctam
1081 1379 1115 1435 et
1166 1372 1254 1437 curis
1275 1394 1309 1436 m
1355 1372 1382 1437 's
1404 1381 1484 1439 sunt
1505 1374 1664 1456 occupati,
1687 1393 1786 1456 quam
1803 1381 1842 1438 ut
1860 1379 1953 1439 vacet
1969 1374 2036 1440 illis
2054 1395 2149 1442 saera

135 1393 319 1544 ligitimam
342 1478 415 1522 esse
437 1456 573 1523 ducunt
617 1456 772 1535 Proinde,
796 1454 979 1522 secundum
999 1476 1112 1521 eorum
1164 1456 1284 1542 legere.
1357 1468 1504 1541 uperest,
1531 1466 1571 1524 ut
1598 1457 1660 1523 hoc
1688 1458 1759 1523 sedi
1785 1458 1983 1542 apostolicae
2011 1461 2147 1545 privile-

134 1545 275 1623 axioma,
297 1545 334 1608 in
355 1543 539 1626 scripturae
561 1542 764 1624 expositione
786 1562 897 1606 errem
912 1563 979 1607 non
996 1543 1112 1625 potuit.
1166 1543 1258 1626 gium
1285 1543 1449 1610 tribuant:
1476 1552 1576 1628 atque
1603 1565 1735 1610 sacrum
1761 1543 1845 1609 illud
1872 1565 1909 1610 os
1935 1545 2034 1610 Pauli
2060 1547 2147 1612 Fer·

135 1630 254 1714 Atqui,
283 1630 312 1696 si
339 1629 424 1694 tales
452 1627 607 1694 audiendi
636 1628 704 1693 sint
725 1649 893 1693 sacrorum
914 1628 1113 1711 interpretes
1166 1628 1292 1712 nesii2)
1314 1629 1355 1695 de
1377 1631 1560 1714 scripturae
1580 1630 1853 1713 interpretatione
1870 1630 2057 1714 rogandum
2074 1653 2147 1699 essa

135 1714 236 1801 (qnod
263 1721 316 1781 est
344 1714 435 1780 dictu
462 1712 734 1796 abominandum)
766 1713 950 1795 praestabit
977 1714 1114 1799 Aegyp·
1166 1713 1287 1778 dicant.
1343 1715 1475 1798 Alioqui
1511 1715 1681 1782 ecelesiam
1714 1715 1809 1780 nobis
1842 1716 2025 1799 assignent,
2061 1739 2147 1802 quae

135 1802 257 1868 tiorum
277 1799 431 1885 religi02)
452 1798 663 1866 christianae.
706 1799 755 1864 Ut
772 1798 957 1864 simulacris
984 1819 1022 1865 ae
1045 1800 1113 1882 pie·
1166 1799 1359 1865 sustinendo
1386 1808 1480 1867 tanto
1508 1802 1600 1867 oneri
1630 1801 1823 1884 perlatura
1842 1802 1960 1867 merito
1982 1800 2145 1869 credatur.

136 1889 221 1954 turis
243 1886 368 1971 templa
388 1886 454 1951 rite
475 1885 588 1951 ornari
608 1885 842 1966 exscriptoris
860 1891 1032 1963 temtaret,
1056 1883 1113 1950 ad·
1166 1885 1253 1951 Nam
1281 1884 1529 1970 quibuscunque
1555 1887 1668 1953 sedem
1694 1907 1865 1952 romanam
1893 1887 2056 1952 extollant
2077 1889 2147 1954 elo-

137 1972 225 2040 ducti
247 1980 328 2038 sunt
348 1972 385 2038 bi
404 1972 468 2038 loci
489 1971 526 2036 in
548 1971 708 2036 medium:
736 1969 871 2035 Oreavit
892 1970 986 2036 Deus
1007 1969 1114 2036 homi·
1190 1971 1244 2050 is,
1272 1992 1444 2055 nunquam
1472 1973 1562 2040 sanis
1588 1971 1775 2038 hominibus
1804 1972 2064 2055 persuadebunt,
2090 1973 2146 2041 vel

135 2080 212 2125 nem
237 2057 281 2124 ad
309 2057 489 2142 imaginem
516 2064 550 2122 et
578 2056 829 2123 similitudinem
856 2077 960 2122 suam.
1015 2055 1114 2123 Iesue
1196 2055 1344 2140 epham⁸
1400 2079 1471 2124 esse
1503 2068 1617 2143 eaput:
1651 2058 1706 2124 vel
1739 2057 1896 2142 pudicum
1929 2066 2146 2144 sanctumque

137 2143 308 2211 duodecim
330 2145 437 2209 erexit
456 2141 592 2226 lapides.
635 2143 742 2208 Nemo
765 2140 915 2208 accendit
932 2142 1113 2221 lucernam,
1165 2143 1374 2227 coniugium,
1401 2143 1570 2210 carnalem
1599 2164 1671 2209 esse
1698 2144 1818 2222 vitam,
1851 2164 1935 2227 quae
1961 2145 2006 2209 sit
2035 2165 2146 2211 coram

137 2240 169 2297 ct
194 2230 289 2314 ponit
315 2250 388 2295 eam
417 2229 478 2295 sub
505 2229 629 2294 modio:
656 2227 745 2293 unde
773 2226 987 2311 colligebant,
1016 2249 1115 2312 super
1166 2228 1239 2294 Deo
1267 2228 1450 2294 maledicta
1506 2228 1661 2310 Quorum
1688 2237 1866 2312 utrumque
1894 2230 2066 2313 papalibus
2093 2253 2147 2297 re·

137 2317 254 2383 altaria
274 2314 482 2382 collocandas
505 2335 577 2381 esse
598 2313 769 2397 imagines.
809 2313 911 2380 Item:
934 2312 1114 2398 Signatum
1167 2315 1297 2396 sponsis
1323 2321 1375 2380 est
1401 2315 1578 2398 proditum.
1588 2317 1617 2398 ⁴)
1667 2313 1882 2395 Clamabunt,
1911 2323 2015 2381 totam
2042 2315 2145 2382 ecole-

137 2413 187 2469 eat
207 2423 390 2486 supernos
411 2401 525 2466 lumen
547 2400 661 2466 vultus
682 2400 742 2479 tui,
765 2399 924 2465 Domine:
948 2400 1035 2466 sieut
1055 2421 1114 2464 au·
1166 2399 1240 2465 siae
1256 2401 1467 2466 autoritatem
1487 2400 1692 2480 labefactari,
1720 2402 1747 2467 si
1774 2401 1828 2466 ius
1849 2400 1899 2465 illi
1920 2403 2145 2485 interpretan-

138 2488 297 2567 dirimus,
325 2488 374 2552 ita
399 2493 434 2552 ot
461 2485 612 2552 vidimus.
656 2483 816 2564 Domine,
839 2484 941 2551 dilexi
963 2484 1114 2552 decorem
1167 2484 1228 2550 dae
1248 2487 1431 2570 scripturae
1453 2487 1624 2553 adimitur:
1649 2495 1747 2570 atque
1768 2487 1817 2552 ita
1837 2487 1973 2552 ianuam
1994 2489 2145 2570 patefieri
2221 2550 2224 2555 .
2285 2454 2289 2459 ”

138 2573 254 2641 domus
274 2582 360 2639 tuae.
404 2571 555 2639 Ostende
575 2571 660 2636 mihi
680 2571 798 2636 faciem
819 2579 921 2649 tuam,
942 2572 1020 2654 quia
1041 2593 1115 2654 spe-
1165 2570 1297 2638 lascivis
1318 2572 1470 2657 ingeniis,
1492 2581 1533 2638 ut
1554 2573 1670 2657 quovis
1687 2580 1913 2655 perrumpant
1946 2573 2020 2638 Imo
2038 2573 2147 2640 solent

138 2663 223 2729 eiosa
244 2669 306 2726 est
351 2659 399 2725 Ut
419 2658 641 2723 adorationem
664 2665 862 2737 statuerent,
891 2656 944 2723 his
966 2658 1114 2722 testimo·
1166 2655 1229 2723 hoc
1250 2659 1344 2724 nobis
1365 2659 1489 2724 crimen
1518 2657 1561 2723 ad
1582 2657 1790 2724 conflandam
1811 2655 1972 2726 invidiam
1994 2659 2145 2740 obiicere,

138 2748 200 2812 niis
221 2752 301 2812 sunt
321 2744 429 2810 abusi:
453 2744 624 2811 Abraham
646 2743 804 2826 populum
826 2751 934 2808 terrae
956 2743 1113 2809 adoravit.
1166 2765 1227 2808 nos
1248 2743 1323 2808 ideo
1344 2765 1500 2828 arrogare
1515 2745 1611 2811 nobis
1630 2744 1811 2828 scripturae
1829 2744 2149 2827 interpretationem,

138 2837 209 2912 [pag.
224 2836 300 2911 loe]
312 2831 410 2896 Iacob
428 2831 535 2895 erexit
544 2829 690 2908 titulum,
709 2849 747 2894 ac
765 2827 941 2894 benedixit
951 2829 980 2912 Β)
1010 2828 1113 2895 Item:
1166 2849 1209 2894 ne
1236 2851 1300 2912 quo
1326 2830 1439 2895 fraeno
1467 2829 1659 2896 cohibeatur
1685 2837 1799 2895 nostra
1825 2829 1935 2896 libido.
1980 2831 2033 2896 De
2055 2833 2151 2898 nobis

139 2918 299 2985 Adoravit
312 2917 537 2983 summitatem
555 2916 669 3000 virgae
687 2914 747 2980 filii
765 2914 998 2999 suiIoseph.⁴)
1031 2915 1115 2979 ιιι·
1166 2915 1344 2998 quominus
1371 2914 1479 2982 dicam
1506 2915 1593 2999 quod
1617 2936 1671 2981 res
1692 2914 1802 2994 habet,
1825 2914 1965 2999 impedit
1987 2937 2151 2984 vermun-

138 3014 205 3070 tum
223 3001 721 3087 tuum-deprecabunturomnes
739 2999 859 3065 divites
877 3000 990 3083 plebis.
1024 3000 1114 3065 Ado·
1167 3000 1230 3065 dia.
1275 3002 1458 3067 Verissime
1483 3010 1594 3068 tamen
1619 3001 1734 3068 licebit
1754 3002 1919 3084 profiteri,
1942 3022 2003 3068 nos
2024 3003 2151 3070 intelli-

137 3100 206 3156 rste
226 3087 407 3156 scabellum
423 3088 546 3172 pedum
565 3088 644 3152 eius.
678 3085 948 3152 MirabilisDeus
966 3086 1003 3151 in
1021 3107 1115 3152 sanc·
1167 3085 1284 3171 gendis
1312 3088 1486 3170 scripturis
1513 3087 1588 3170 plus
1614 3087 1699 3153 lueis
1720 3085 1880 3168 attulisse,
1910 3108 2011 3170 quam
2032 3109 2149 3156 omnes

138 3176 177 3243 tis
197 3176 277 3243 suis.
310 3175 358 3240 Iit
379 3196 421 3240 ne
443 3173 522 3257 quid
544 3173 671 3238 deesset
692 3171 733 3236 ad
755 3171 979 3255 impudentiae
1000 3193 1115 3239 eumu-
1166 3174 1224 3255 qui
1247 3174 1288 3239 ab
1306 3182 1419 3239 exorto
1437 3181 1561 3256 papatu
1582 3174 1671 3238 inter
1692 3193 1748 3238 eos
1770 3173 1972 3237 exstiterunt
1988 3171 2163 3241 doctores.-

138 3260 219 3340 lnm,
248 3268 462 3327 attexuerunt
488 3281 530 3324 cx
559 3258 623 3324 elio
645 3258 779 3323 Psalmo
806 3257 879 3344 (ιιι,
902 3260 950 3340 3);
981 3256 1115 3324 Sanctis
1166 3258 1283 3341 Neque
1311 3257 1398 3324 hanc
1424 3259 1488 3342 ipsi
1518 3258 1651 3324 laudem
1679 3256 1852 3323 detrahere
1883 3257 1979 3324 nobis
2013 3259 2147 3326 audent.

156 3349 189 3413 ui
211 3355 293 3414 sunt
313 3348 348 3411 in
371 3355 476 3411 terra:
504 3345 603 3428 idque
631 3344 674 3409 ad
695 3345 857 3427 imagines
878 3344 1073 3409 retulerunt
1084 3343 1114 3427 ὁ)
1166 3344 1280 3427 Atqui,
1304 3365 1400 3409 nemo
1423 3345 1552 3410 interea
1569 3350 1643 3424 [pag.
1659 3348 1733 3423 107]
1753 3351 1805 3408 est
1822 3350 1984 3424 nostrum,
2005 3345 2064 3428 qui
2080 3367 2150 3412 non

178 3435 211 3500 io
233 3435 292 3499 vix
314 3431 482 3499 eredibilia
502 3432 573 3496 fore
594 3451 677 3513 quae
696 3451 805 3495 narro.
844 3430 890 3494 Et
911 3431 981 3512 ipse
1002 3430 1114 3495 obatu-
1166 3428 1309 3495 libenter
1330 3451 1410 3495 suas
1430 3428 1675 3496 lucubrationes
1697 3429 1852 3496 cadmiae
1870 3427 1989 3496 iudicio
2007 3431 2150 3497 submit·

136 3521 198 3602 pni,
221 3539 326 3603 quum
346 3518 500 3601 legerem.
545 3515 745 3598 Quanquam
768 3515 888 3581 debent
909 3515 1004 3581 nobis
1030 3515 1114 3580 iam·
1166 3521 1223 3579 tat
1268 3515 1360 3599 Ergo
1398 3515 1553 3581 eeclesiae
1582 3515 1796 3581 autoritatem
1828 3535 1934 3599 neque
1966 3517 2150 3583 contemni·

172 3605 260 3672 ‘em
279 3604 322 3670 ad
338 3603 421 3670 haee
437 3602 619 3685 quamlibet
636 3601 780 3667 absurda
797 3601 988 3668 occalluisse
1005 3619 1113 3666 aures.
1166 3621 1255 3678 mus,
1284 3621 1391 3684 neque
1416 3607 1650 3667 extenuamus:
1679 3621 1740 3666 nso
1767 3602 1932 3684 protervis
1960 3602 2150 3677 hominibus

165 3690 231 3756 nod
252 3691 284 3756 si
305 3690 389 3755 mihi
410 3687 614 3772 colligendae
641 3695 752 3752 essent
777 3708 892 3752 eorum
915 3686 1113 3769 interpreta-
1166 3686 1313 3753 babeam
1334 3687 1496 3767 laxamus,
1518 3696 1557 3753 ut
1596 3685 1704 3754 uiduis
1725 3685 1878 3753 audeant
1913 3687 2051 3756 Utine-m
2069 3709 2149 3758 vero

139 3777 247 3856 iones,
270 3776 382 3860 pueris
404 3775 505 3840 etiam
521 3775 602 3857 ipsis
620 3769 792 3852 ridendae,
814 3794 876 3838 nec
898 3771 960 3837 hae
982 3770 1114 3855 quidem
1166 3771 1338 3838 eeclesiam
1359 3771 1453 3839 nobis
1476 3710 1703 3853 ostenderent,
1731 3772 1864 3857 qualem
1891 3774 2056 3926 scriptura
2076 3775 2149 3859 ipsa

141 3881 256 3942 omnes,
275 3860 427 3944 sedqnae
446 3859 585 3926 notabili
603 3859 712 3941 aliqua
729 3858 918 3924 insulsitate
935 3858 1112 3937 excellunt,
1167 3856 1329 3944 depingit:
1357 3857 1453 3924 facila
1480 3859 1520 3924 de
1548 3859 1673 3925 honore
1699 3860 1899 3925 conveniret
1979 3857 2021 3924 ed
2045 3881 2150 3943 quum

142 3949 231 4032 triplo
252 3968 354 4032 quam
376 3947 540 4029 scriptura
560 3946 634 4030 ipsa
655 3946 786 4028 longius
805 3943 1043 4010 conficiendum
1062 3964 1113 4009 es-
1165 3944 1285 4010 falsum
1306 3943 1463 4012 ecclesiae
1484 3943 1620 4010 titulum
1646 3946 1862 4011 ementientes
1890 3945 1961 4011 eiua
1983 3945 2148 4029 expilatae
2255 3946 2258 3951 ’

146 4044 185 4098 ιιι
205 4035 371 4101 volumen.
413 4032 456 4098 In
485 4053 628 4110 summa,
658 4030 720 4096 hoc
748 4030 853 4096 voluit
879 4030 1016 4112 spiritus
1039 4030 1113 4095 Tri·
1166 4051 1204 4096 ae
1225 4030 1370 4097 nudatae
1392 4029 1498 4113 spolia
1519 4031 1582 4096 sibi
1603 4030 1744 4114 rapiant,
1767 4030 1846 4114 quid
1865 4029 1955 4096 aliud
1971 4051 2148 4113 possumus

148 4114 289 4185 dontinus
312 4140 372 4186 suo
395 4118 534 4197 decreto,
556 4140 598 4184 ne
620 4116 810 4201 quidnobis
830 4117 1113 4200 significetscrip·
1165 4136 1264 4200 quam
1286 4115 1488 4182 reclamare?

205 4324 232 4390 ι)
250 4341 354 4380 comme
373 4325 456 4378 chose
474 4324 632 4391 incogneue.
1234 4317 1264 4385 1)
1283 4335 1317 4382 qn
1335 4319 1425 4390 despit
1440 4320 1475 4375 de
1493 4319 1567 4376 leura
1585 4319 1651 4375 dene
1668 4320 1704 4374 ιιι
1728 4327 1822 4376 seront
1845 4319 2012 4375 containctz
2030 4319 2064 4376 de
2083 4336 2149 4376 con·

205 4392 232 4459 ι)
251 4396 292 4449 ιιι
309 4393 460 4474 Egpptiens
478 4393 595 4446 adorans
614 4391 654 4444 les
673 4406 786 4458 serpens
804 4396 832 4444 et
849 4389 890 4443 ιιι
909 4388 1047 4456 cicognes,
1070 4387 1111 4443 les
1163 4388 1260 4509 iessep.
1320 4456 1326 4468 ·
1408 4457 1413 4469 Ι
1591 4457 1596 4469 ⁸
1655 4455 1706 4511 aa·
1811 4455 1882 4510 m
1907 4455 1975 4511 mm

157 4455 459 4595 ehmilelslddboldlleoshll
480 4546 516 4583 un
540 4526 679 4582 memorial
703 4533 731 4608 ιι
754 4526 780 4581 ιι
803 4527 904 4580 ιιιιιι;
929 4541 964 4578 ιι
986 4524 1041 4578 ιιιι
1058 4538 1111 4593 ιιι
1164 4455 1340 4607 benges?
1363 4457 1472 4527 “hm
1517 4457 1611 4512 vm
1635 4473 1655 4526 ⁹
1693 4471 1749 4604 m·
1764 4470 1810 4511 m
1979 4479 1988 4508 ἔ
2031 4455 2084 4514 Pol
2112 4457 2148 4515 de

159 4602 214 4650 aaa
228 4599 395 4656 benediction
413 4605 456 4654 cst
472 4598 501 4652 la
517 4611 598 4679 grace
617 4611 670 4664 que
686 4595 757 4650 Dreu
774 4593 805 4648 ιιι
823 4597 840 4650 ι
857 4592 950 4648 Iacob.
1232 4593 1264 4657 a)
1300 4610 1329 4649 ιι
1345 4601 1411 4648 rant
1428 4599 1524 4650 ιιιιιι
1541 4595 1559 4650 ι
1576 4592 1633 4647 dire
1652 4608 1704 4662 que
1721 4607 1820 4663 pierre.

172 4725 177 4737 ⁵
208 4664 236 4733 4)
251 4668 324 4724 aaa.
348 4669 395 4738 qui
415 4666 487 4722 n’cst
509 4681 587 4721 smon
609 4665 700 4746 baiser
723 4664 750 4718 le
780 4664 880 4719 baeton
902 4662 936 4743 (ιι
958 4662 1053 4717 ιιιιιιι
1076 4674 1111 4715 cn
1232 4610 1319 4728 lldr
1342 4677 1387 4717 ees
1409 4662 1497 4717 belles
1520 4669 1662 4718 ιιιιιιιιι
1685 4677 1715 4716 ιι
1736 4661 1817 4742 beent
1841 4675 1875 4716 ιι
1899 4660 1973 4717 leurs
1998 4679 2100 4718 canons
2117 4669 2147 4719 ιι

161 4738 216 4795 *ιιι
230 4737 261 4792 ιιι
277 4751 432 4794 reverante.
536 4731 567 4801 5)
585 4735 621 4789 ou
639 4733 657 4787 ιι
675 4739 718 4788 ιιι
735 4733 812 4802 ιιιιι
830 4732 999 4787 destruens.
1164 4730 1246 4801 voyla
1264 4745 1368 4786 comme
1385 4730 1426 4786 les
1443 4729 1533 4800 Papes
1551 4737 1686 4800 exponent
1702 4727 1869 4785 l'Esonture.
