4620 5894
143 250 209 314 663
1054 241 1259 309 SERVETI
2115 242 2172 303 664

143 454 267 502 omnnem
289 432 358 499 Dei
378 453 506 500 sensam
527 436 685 518 nwantes.
731 429 873 514 Simplex
895 430 963 497 alia
985 435 1029 495 est
1057 431 1136 494 ceri-
1197 430 1313 496 Iudaei
1335 434 1364 494 et
1387 432 1492 513 pentes
1520 429 1766 509 continebantur,
1793 430 1866 495 suis
1892 435 2077 511 temporum
2103 432 2175 495 arti·

85 539 89 549 ·
147 522 225 587 tatis
245 521 311 599 nia,
333 539 397 586 non
418 519 649 603 metaphysicis,
670 518 726 584 sed
747 518 856 584 idiotis
876 521 905 581 et
919 516 1136 599 piscatoribus
1187 516 1277 581 cudis.
1332 515 1419 580 Hine
1449 515 1635 598 mysterium
1667 517 1837 583 cordionis
1866 516 2017 598 pontium
2050 517 2087 581 in
2118 517 2173 586 boe

145 611 229 687 nota,
260 626 341 688 puae
369 605 526 672 bominem
557 604 641 669 docet
661 624 728 668 esse
747 603 852 684 pilium
873 601 937 668 Dei
958 621 1028 668 nere
1047 602 1135 685 peni·
1187 602 1273 667 verbi
1294 602 1452 683 sapientia
1472 601 1582 665 merito
1605 600 1915 679 Paulnsconcludit.
1962 601 2051 684 Ipsa
2071 625 2173 670 rerum

145 697 221 773 tum,
244 692 338 758 cuius
358 692 518 775 peneratio
539 691 575 754 in
593 687 707 754 Maria
725 694 769 755 est
786 708 854 753 nere
866 690 891 767 ¹)
914 691 1135 754 consummata.
1187 689 1224 753 in
1248 685 1372 752 Olrristo
1393 686 1544 769 diffinitio
1566 692 1635 751 erat
1658 689 1823 770 sapientia,
1857 693 1894 752 ut
1920 689 2014 771 aprul
2038 687 2174 757 Clemen-

146 778 190 844 In
213 781 376 843 creatmas
407 782 483 841 snm
510 775 610 841 reales
639 795 743 841 munes
763 774 829 840 Dei
849 775 992 839 actiones.
1038 772 1082 837 In
1103 792 1137 837 se
1188 778 1248 838 tem
1270 777 1299 837 et
1319 773 1355 836 iu
1375 771 1509 853 epistola
1529 773 1615 838 docet
1637 772 1759 838 Petrus.
1786 773 1902 854 lpsum
1926 774 2069 841 Ioannis
2090 777 2174 857 λόγον

145 864 217 948 ipso
238 863 330 930 Deus
350 861 411 927 bae
431 864 556 927 ratione
578 860 618 925 ab
640 865 761 926 aeterno
780 860 848 943 epit,
870 859 1032 944 etpenuit,
1053 858 1137 941 quod
1189 859 1356 925 declarans
1377 856 1503 922 Paulus
1529 863 1602 936 [pag.
1627 863 1702 937 596]
1737 861 1780 925 ad
1803 857 1921 924 Goloss.
1948 866 1983 939 1,
2007 862 2057 926 ait
2090 864 2174 944 λόγον

145 948 236 1030 apud
257 969 291 1014 se
311 948 469 1013 meditans
487 947 653 1013 constitnit.
705 945 840 1012 Verbum
856 946 1008 1027 prinecps
1025 944 1137 1009 eonsti-
1185 945 1288 1026 fuisse
1308 945 1491 1026 mysterium
1515 942 1634 1008 Glrmsti
1654 945 1854 1023 reconditum,
1882 966 1970 1011 nnnc
1993 949 2173 1030 marrifasto·

146 1036 207 1100 tuit
240 1039 268 1098 et
300 1034 452 1116 spiritum
483 1033 665 1116 principem
698 1031 864 1111 constituit,
905 1032 975 1096 sinn
995 1028 1136 1094 realibus
1187 1035 1253 1094 tum
1275 1033 1302 1094 et
1321 1028 1463 1113 pentibus
1483 1030 1741 1094 communicatum
1761 1032 1796 1094 in
1813 1032 1907 1095 cuius
1928 1033 2090 1116 inrapinis
2110 1036 2174 1102 lnce

144 1120 260 1186 cestris
281 1119 427 1184 motibus.
474 1119 580 1199 Atque
607 1119 655 1183 ita
683 1119 872 1184 constituens
898 1136 961 1199 per
983 1136 1033 1180 eos
1053 1114 1135 1180 leurrc
1187 1116 1293 1181 omnia
1326 1113 1532 1180 consistebant
1564 1120 1593 1179 et
1625 1117 1803 1181 consistunt.
1853 1115 1970 1199 Ipsam
1995 1118 2175 1188 Salomonis

146 1205 302 1271 nerninem
321 1205 438 1289 penult.
494 1204 660 1270 Generatio
694 1209 766 1268 eret
798 1203 833 1267 in
860 1203 929 1268 Deo
960 1200 1135 1267 cmrstdntio
1186 1202 1378 1283 sapientiam
1394 1200 1567 1278 declarans,
1589 1206 1617 1264 1.
1638 1199 1705 1266 Gor.
1723 1206 1756 1281 2,
1778 1202 1834 1280 ait,
1855 1205 2056 1284 sapientiam
2074 1206 2173 1287 illam,

144 1291 367 1376 penerationis,
385 1310 466 1372 quac
485 1289 776 1374 adpuleratiouern
796 1288 943 1368 tendebat,
965 1286 1134 1364 mercatio,
1187 1292 1257 1352 ante
1278 1285 1408 1352 saecula
1424 1287 1639 1368 praefinitam,
1675 1288 1708 1351 in
1735 1288 1882 1369 mysterio
1908 1290 2118 1371 reconditam,
2148 1298 2174 1358 et

145 1396 226 1458 qnae
247 1376 291 1441 ad
311 1374 544 1460 ereptionem,²)
1185 1392 1269 1437 nnnc
1296 1371 1541 1453 manifestatam,
1556 1373 1580 1453 ¹)
1614 1392 1681 1436 esse
1711 1374 1824 1454 rpsum'
1850 1372 1963 1439 Iesum
2002 1374 2173 1455 Christum,

1185 1458 1346 1523 dominum
1379 1457 1507 1540 plorioe.
1577 1455 1773 1540 Sapientiam
1805 1460 1911 1540 ipsam
1945 1459 1996 1525 ibi
2028 1464 2081 1527 ait
2112 1485 2174 1531 esse

1180 1543 1389 1624 praefinitam
1409 1543 1453 1609 ad
1472 1543 1607 1626 ploriern
1628 1543 1773 1608 bominis.
1824 1544 1973 1627 Undique
2002 1549 2094 1614 uides
2113 1571 2174 1616 esse

407 1628 644 1697 EPISTOLA
668 1627 868 1696 OCTAVA.
1185 1628 1349 1694 thesauros
1369 1630 1543 1709 sapientiae
1575 1649 1679 1694 omnes
1705 1635 1838 1710 propter
1866 1629 2045 1714 Christum,
2081 1640 2111 1700 et
2143 1638 2173 1700 in

728 1746 734 1755 ·
1189 1713 1313 1780 Glcristo
1335 1715 1514 1780 reconditos.
1558 1713 1740 1781 Pertinacia
1777 1721 1834 1780 tua
1873 1722 1925 1796 est,
1968 1718 2023 1783 liic
2061 1722 2174 1805 {inpete

233 1807 308 1881 [pag.
349 1805 425 1880 595]
469 1801 573 1884 Quum
609 1822 648 1866 ece
683 1799 784 1866 mellis
817 1801 987 1881 seripturis
1019 1800 1134 1866 realem
1186 1800 1387 1880 sapientiam,
1414 1819 1482 1864 rem
1503 1801 1692 1880 distinctam,
1725 1801 1853 1866 realiter
1882 1805 2046 1886 penitam:
2082 1827 2173 1888 prium

144 1886 236 1953 illom
276 1888 457 1968 incorporei
490 1887 555 1968 filii
594 1887 734 1952 distincti
764 1888 993 1969 penetrationem
1024 1889 1135 1968 possis
1181 1887 1372 1969 praesertim
1405 1886 1563 1966 sapientia
1591 1892 1694 1951 creata
1725 1888 1857 1966 dicatur,
1892 1895 1920 1952 et
1953 1891 2109 1971 formata,
2141 1901 2172 1956 nt

143 1974 311 2053 ostermere,
331 1974 375 2038 ad
393 1973 592 2057 atleporicam
608 1971 746 2055 dpuram
765 1972 915 2055 mnrfeepis,
932 1977 960 2036 et
976 1973 1135 2037 mordiens
1185 1972 1412 2051 sapientissimi
1450 1971 1565 2051 quique
1604 1973 1805 2052 antiquorum
1847 1983 2076 2056 exposuerunt,
2117 1979 2172 2042 He·

144 2060 269 2140 arripis
291 2060 421 2124 unicam
451 2059 489 2123 de
515 2059 675 2141 sapientia
691 2057 890 2139 parabolam,
926 2057 1077 2123 Proverb.
1103 2064 1133 2122 δ’.
1187 2056 1282 2135 braei,
1308 2057 1421 2121 Graeci
1443 2062 1472 2121 et
1491 2056 1612 2135 Latini,
1640 2059 1733 2121 etiam
1756 2058 1848 2122 Iesus
1868 2060 1963 2140 filius
1988 2062 2118 2141 Siraeb,
2148 2070 2172 2129 et

144 2143 297 2211 Demiror
318 2166 407 2224 sane,
441 2145 524 2226 quod
556 2145 646 2208 bomo
671 2149 769 2208 mente
796 2143 869 2208 benc
889 2145 1067 2227 composita,
1101 2147 1136 2206 ut
1188 2147 1279 2206 autor·
1299 2141 1371 2206 libri
1395 2140 1587 2223 Sapientiae.
1624 2141 1793 2224 Utrumque
1815 2165 1886 2227 erpo
1903 2166 1968 2225 per
1990 2169 2025 2212 se
2048 2151 2172 2214 realiter

144 2231 220 2314 de⁸)
244 2232 356 2308 iactas,
391 2236 456 2294 tam
490 2230 574 2295 tenni
600 2231 680 2309 statu
689 2231 716 2311 ⁴)
739 2229 774 2292 in
796 2235 860 2293 tam
882 2229 983 2293 altum
999 2229 1136 2312 pelapns
1187 2229 1315 2306 dicetur,
1345 2229 1502 2309 snpientia
1524 2232 1635 2305 ereata,
1671 2231 1831 2311 etpenita,
1867 2231 1955 2311 qnod
1988 2240 2036 2299 est
2059 2236 2171 2301 Arria·

144 2316 285 2399 apiteris‚
319 2317 356 2380 in
390 2321 432 2380 tot
454 2316 631 2396 impinpens
652 2315 793 2394 scopulos
814 2320 842 2378 et
862 2319 1010 2378 rrronstra.
1057 2314 1135 2379 Plu·
1188 2334 1278 2378 num:
1312 2318 1368 2378 aut
1401 2317 1567 2395 utrumpue
1597 2314 1812 2397 fipreratic·e,²)
1847 2319 1930 2380 sicut
1959 2325 2006 2384 est
2038 2322 2171 2404 fipurnta

143 2401 238 2466 rimis
264 2420 333 2482 epo,
371 2399 638 2480 solidissimisque
677 2399 856 2464 rationibus
877 2400 1012 2478 ostendo,
1053 2399 1136 2463 nibil
1188 2400 1334 2479 lopnrutio,
1372 2404 1400 2464 et
1430 2400 1510 2464 sicut
1532 2401 1688 2480 sapientia
1710 2402 1802 2465 alind
1821 2400 1995 2484 fipurabat,
2032 2409 2116 2486 quod
2134 2412 2171 2472 cst

144 2485 202 2551 tibi
239 2486 339 2551 loercm
380 2484 473 2549 illum
508 2486 693 2567 suprapori,
729 2485 792 2548 imo
826 2484 925 2566 plane
960 2486 1134 2550 adversari.
1187 2505 1256 2549 cere
1278 2485 1493 2549 christianum.
1539 2485 1589 2548 Ne
1612 2487 1711 2568 ipitur
1730 2487 1845 2550 realem
1876 2487 1972 2554 ilium
1993 2491 2042 2556 ibi
2065 2493 2169 2573 probes

147 2570 252 2636 Prius
285 2576 388 2634 tannen
420 2570 534 2653 copites
566 2572 668 2650 velim,
709 2570 787 2652 quid
815 2570 950 2650 proprie
984 2570 1136 2654 sipiritieet
1184 2571 1421 2654 purerctionem,
1455 2571 1530 2635 lraec
1558 2572 1614 2636 tibi
1641 2572 1778 2636 manime
1799 2582 1977 2640 occurrunt.
2027 2575 2166 2643 Prinnrn

144 2676 257 2734 sermo,
287 2656 366 2737 qnid
388 2657 557 2738 sapientia,
590 2678 629 2720 ue
656 2661 691 2721 tn
713 2655 816 2720 sacris
837 2655 960 2722 uocibus
982 2655 1134 2721 abutaris.
1188 2663 1241 2734 est,
1271 2656 1353 2737 quod
1380 2656 1526 2721 leelrraico
1558 2678 1619 2721 oon
1660 2658 1769 2741 ³0¹7pr
1784 2659 1813 2739 3)
1846 2658 1969 2740 bolalti,
2009 2684 2096 2743 quae
2130 2663 2166 2727 rbi

147 2740 286 2823 Saepius
308 2742 375 2806 iam
398 2742 484 2807 dicta
504 2746 642 2824 repetam
663 2746 692 2806 et
714 2761 753 2805 ec
777 2740 882 2806 Paulo
903 2743 1057 2822 quaedam
1079 2742 1135 2806 ad·
1182 2743 1323 2823 ponitur,
1345 2763 1406 2807 non
1428 2742 1587 2824 sipriticat
1605 2746 1844 2825 perorationem.
1893 2745 1987 2811 Nam
2009 2754 2057 2813 est
2070 2749 2166 2832 passi

145 2829 231 2905 dom,
264 2830 299 2890 ut
327 2827 374 2891 cel
401 2827 472 2907 ipso
493 2828 578 2907 duce,
600 2828 678 2909 qnid
697 2827 797 2908 suerit
817 2827 982 2908 sapientia,
1010 2829 1135 2892 tandem
1186 2849 1268 2906 curn,
1296 2829 1387 2892 cuius
1409 2829 1555 2907 activum,
1586 2829 1617 2891 si
1639 2827 1717 2892 loces
1739 2849 1843 2894 omnes
1864 2831 2030 2912 inquiras,
2050 2840 2166 2918 proprie

144 2912 313 2995 intellipas.
364 2912 477 2977 Omnis
508 2920 621 2992 serino,
649 2918 678 2976 et
706 2914 808 2977 ornnis
828 2914 988 2992 sapientia
1009 2913 1135 2994 aliquid
1188 2919 1216 2977 et
1246 2914 1382 2991 urriuoce,
1415 2913 1565 2996 ubipne⁴)
1600 2915 1758 2996 sipnificat
1785 2936 1939 2997 premem.
2002 2920 2163 2986 Passieun

143 2998 336 3082 naturaliter
370 3002 589 3078 repraesentat,
622 3019 679 3064 seu
708 3003 754 3062 est
773 2997 933 3063 naturalis
954 2997 1132 3064 relucentia.
1187 3020 1307 3081 quoque
1340 2998 1454 3080 ubique
1486 3004 1532 3064 est
1558 3001 1673 3082 prum,
1706 3003 1901 3081 expressione
1936 3005 2090 3086 formari,
2119 3026 2162 3071 sm

144 3083 234 3148 Haec
255 3084 330 3164 ipsa
353 3088 399 3148 est
416 3081 580 3148 Salomoni
597 3084 674 3148 dato
696 3084 863 3164 supientia,
884 3104 992 3149 rerum
1009 3084 1134 3149 diuina·
1179 3105 1337 3168 pressura
1369 3087 1508 3166 quadam
1534 3086 1703 3167 parturiri.
1765 3085 1836 3152 Hoc
1869 3089 1961 3172 lonpe
1994 3093 2091 3158 ulirat
2121 3096 2161 3165 est,

144 3189 217 3234 rum
250 3174 277 3234 et
310 3167 527 3233 lrnnrorrarnm
559 3169 738 3234 relucentia.
792 3169 964 3251 Ioannis⁶)
997 3191 1059 3234 non
1090 3175 1135 3234 cst
1186 3191 1282 3252 quam
1293 3176 1432 3250 paterere
1448 3172 1615 3254 perieratio,
1635 3193 1729 3253 quarn
1746 3193 1806 3236 oon
1823 3173 2067 3257 idanunpuam
2079 3178 2161 3262 sipri-

145 3255 264 3321 abusns
279 3255 475 3336 proprietate
500 3254 649 3333 vocabuli,
682 3255 737 3320 sed
768 3255 909 3336 opposite
939 3256 1023 3320 dicit
1049 3255 1134 3335 λόγον
1184 3256 1266 3337 fient,
1289 3258 1411 3322 tametsi
1432 3259 1476 3322 od
1494 3258 1665 3338 femineam
1680 3279 1870 3338 presseram
1887 3264 2090 3329 extendatur.
2110 3263 2160 3328 Πο

144 3359 316 3407 sermonem
349 3341 542 3421 referentem.
607 3340 693 3405 Erat
727 3339 825 3424 ipitur
856 3360 966 3420 senno,
1006 3346 1032 3406 et
1065 3346 1134 3406 erat
1186 3343 1273 3407 bruci
1292 3343 1337 3407 ite
1359 3344 1551 3423 sapientiam
1573 3345 1607 3406 in
1627 3349 1726 3407 irene
1745 3344 1919 3425 formatam
1942 3348 2063 3429 elocent,
2091 3349 2159 3414 etin

143 3426 311 3508 sapientia,
332 3426 506 3490 relucentia
528 3446 597 3490 ecre
618 3431 865 3508 repraesentans.
907 3427 1003 3491 Nunc
1026 3426 1133 3492 Cirris·
1186 3430 1296 3510 lirrpua
1318 3434 1427 3493 saneto
1445 3429 1536 3494 aliud
1553 3433 1597 3493 est
1607 3430 1770 3511 peculiare
1788 3432 1926 3510 vermen,
1946 3436 2034 3514 quod
2046 3435 2160 3517 proprie

145 3517 197 3576 tus
219 3512 296 3591 ipse,
319 3511 376 3592 qui
398 3510 444 3574 ibi
471 3512 624 3592 princeps
645 3510 948 3591 repraesentabatur,
981 3518 1025 3578 est
1058 3533 1134 3576 nera
1187 3514 1301 3594 nbiepnc
1322 3514 1481 3596 etpntneac
1500 3535 1657 3597 penerare,
1687 3522 1715 3580 et
1734 3516 1802 3581 Deo
1822 3521 1992 3599 perierante*
2015 3522 2158 3593 tribuitur,

144 3597 323 3674 relucentia,
346 3616 422 3660 uera
444 3598 611 3678 sapientia,
633 3617 753 3660 omnem
771 3597 868 3660 lucem
888 3598 924 3661 in
944 3618 977 3662 se
994 3600 1135 3663 substan-
1186 3601 1302 3665 scilicet
1328 3603 1416 3686 5252„
1450 3600 1542 3665 bolid.
1605 3599 1692 3666 Unde
1722 3606 1845 3680 constat,
1878 3625 1945 3668 non
1971 3609 2107 3687 proprie
2133 3605 2158 3668 in

146 3680 265 3746 tialiter
287 3682 456 3745 continens.
503 3682 590 3746 Hinc
614 3681 717 3746 Pardo
744 3683 863 3748 dieitur
887 3683 1031 3749 Christus
1053 3684 1134 3748 retu
1181 3685 1337 3768 parabola
1370 3688 1429 3751 illo
1456 3687 1521 3750 dici
1550 3689 1786 3769 penerationem.
1844 3687 1883 3752 Si
1917 3693 2007 3755 enim
2042 3694 2159 3775 spiritns

145 3768 246 3832 centia
265 3767 399 3849 ploriac,
421 3771 449 3831 et
470 3768 692 3831 substantialis
711 3769 825 3850 fipura,
847 3769 880 3831 in
899 3768 967 3834 Deo
984 3769 1134 3852 fipurata,
1186 3778 1313 3836 sanctus
1345 3773 1477 3853 proprie
1511 3772 1549 3835 de
1585 3774 1781 3854 peroratione
1815 3774 1902 3854 toqui
1937 3777 2098 3857 colu-isset,
2130 3794 2157 3839 aa

146 3852 241 3917 Hebe.
267 3857 296 3916 1.
341 3851 397 3916 En
427 3852 504 3916 aliis
532 3854 672 3917 ciusdem
694 3853 794 3917 Pauli
826 3853 910 3932 locis,
944 3857 1134 3935 sapientiam
1186 3878 1255 3922 noce
1293 3878 1372 3921 usus
1409 3859 1531 3939 fuisset,
1572 3878 1652 3938 puae
1687 3861 1918 3941 penerationem
1952 3866 2090 3946 propru
2109 3863 2157 3942 sip

143 3939 247 4021 fnisse
282 3939 317 4002 in
352 3937 422 4003 Deo
456 3957 610 4003 arcanum
642 3937 770 4017 Cleristi,
810 3943 913 4020 aperte
951 3941 1133 4024 collipirnus.
1185 3944 1301 4023 nificat.
1373 3944 1475 4022 Adde,
1520 3944 1601 4024 quod
1645 3944 1770 4008 verbnm
1809 3945 1892 4011 illud
1940 3952 2033 4034 'rbus
2079 3945 2156 4021 tulit,

147 4025 235 4089 Nam
258 4023 301 4087 ael
324 4022 407 4104 Epir.
432 4029 454 4087 3
476 4025 668 4104 sapientiam
690 4029 776 4113 uocat
791 4025 1045 4106 praefinitionem
1065 4048 1133 4093 sae·
1186 4031 1268 4110 quod
1291 4031 1423 4110 proprie
1451 4029 1609 4111 sipnificat
1641 4051 1796 4111 perorare,
1833 4038 1910 4111 [pag.
1937 4040 2017 4112 597]
2052 4042 2080 4100 et
2103 4033 2156 4098 Der

144 4109 296 4188 culorum,
330 4129 426 4189 paam
447 4110 520 4190 t'eeit
541 4109 633 4174 Deus
654 4112 690 4174 in
714 4110 845 4189 (lbristo,
872 4111 906 4174 in
928 4132 987 4192 pao
1008 4114 1133 4179 saecula
1183 4117 1345 4198 perieranti
1366 4115 1525 4192 tribuitur,
1559 4120 1605 4179 est
1630 4117 1832 4181 transitivum
1860 4119 1905 4182 ad
1927 4121 2103 4199 acedierem,
2131 4120 2156 4180 ir

144 4194 330 4259 relucebant.
382 4193 513 4259 Ibidem
547 4214 614 4276 eap.
641 4201 671 4274 1,
706 4197 899 4276 sapientiam
925 4205 1011 4262 coeat
1044 4220 1134 4264 arca-
1185 4222 1249 4282 qua
1271 4200 1325 4265 ille
1344 4205 1479 4283 perierat.
1523 4198 1613 4265 Deus
1639 4222 1710 4284 erpo
1736 4222 1804 4267 cere
1833 4208 1862 4267 et
1888 4207 2025 4271 realiter
2052 4209 2084 4272 in
2104 4223 2156 4268 rnre

145 4300 223 4344 num
259 4279 388 4355 Olrristi,
429 4282 511 4360 qnod
546 4286 757 4363 proposuerat
783 4281 873 4346 Deus
906 4284 948 4366 in
986 4304 1019 4348 se
1053 4286 1131 4367 ipso.
1185 4287 1262 4350 licre
1281 4287 1397 4368 penult.
1424 4285 1489 4350 Ille
1511 4291 1554 4350 est
1575 4307 1644 4350 nere
1663 4288 1753 4367 tilius
1770 4287 1844 4368 Dei,
1867 4312 1962 4371 quern
1985 4295 2024 4357 in
2044 4293 2155 4357 medieni

146 4365 315 4447 Sapientia
344 4367 446 4449 ipitur
480 4373 548 4430 erat
581 4368 655 4447 ipsa
683 4366 867 4449 maefircitio
903 4373 932 4430 et
962 4371 1133 4435 relucentia
1183 4373 1290 4455 penne-it
1311 4371 1409 4450 Dens,
1444 4391 1505 4435 uon
1526 4372 1579 4436 ille
1612 4393 1702 4453 quern
1723 4379 1756 4437 tu
1777 4378 1901 4440 somnia
1920 4379 1954 4442 ti.
2014 4379 2071 4443 Er
2098 4394 2155 4460 pro

147 4450 276 4530 Christi,
297 4453 403 4516 omnia
424 4453 461 4515 in
479 4451 549 4515 Deo
569 4454 760 4530 continentis,
783 4457 811 4516 et
828 4453 971 4517 ornrcibus
990 4457 1132 4538 pentibus
1178 4459 1315 4539 prietate
1348 4459 1475 4539 tirrpnae
1507 4463 1640 4537 sanctem,
1681 4463 1708 4523 ct
1748 4461 1781 4522 vi
1813 4461 1982 4528 bebrnieae
2018 4462 2155 4534 dictionis,

145 4538 406 4603 conrmnnieaneli.
437 4537 523 4602 Erat
542 4537 644 4602 Paulo
666 4547 758 4621 eopia
776 4542 987 4614 πολυποίκιλος
1009 4544 1132 4624 sapien·
1185 4564 1248 4607 nou
1281 4540 1399 4607 dieitur
1430 4545 1590 4626 peneratio
1623 4545 1691 4609 sine
1728 4552 1837 4627 uentre,
1878 4569 1936 4614 nec
1972 4550 2066 4630 tilius
2101 4550 2154 4613 sine

144 4623 192 4687 tia
213 4623 427 4705 rnrdtiforrnis,
464 4624 623 4703 sapientia
654 4623 840 4691 oelcuncntcr
872 4627 973 4705 caria,
1011 4630 1044 4693 in
1067 4650 1132 4710 qua
1183 4634 1290 4694 matre.
1358 4628 1472 4692 Filias
1519 4632 1600 4694 enirn
1643 4630 1784 4695 bebraicc
1830 4634 1951 4700 dicitur
1993 4637 2152 4718 aedificium

1184 4716 1219 4779 in
1252 4715 1382 4780 muliere
1412 4716 1538 4796 facturn,
1580 4715 1636 4781 ben
1675 4738 1696 4781 α
1734 4717 1824 4782 verbo
1860 4722 1976 4788 banalr.
2043 4723 2153 4804 Septua-

264 4886 307 4930 est
324 4892 387 4931 vero
405 4893 456 4933 om.

264 4945 338 4998 Aee.
356 4945 508 5002 tendebat)
1254 4955 1283 5019 1)
1303 4955 1375 5007 Adel.
1396 4962 1424 5009 et
1441 4957 1566 5024 gentibus
1585 4953 1818 5013 communicatam.

295 5053 301 5067 .
1253 5023 1283 5089 2)
1303 5024 1482 5087 figurativum.

1251 5092 1281 5157 3)
1307 5085 1374 5146 Vide
1391 5108 1478 5161 supra
1494 5110 1556 5163 pap.
1574 5093 1626 5148 650
1643 5100 1698 5150 not.
1715 5093 1740 5149 3.

1250 5160 1280 5226 4)
1300 5163 1398 5230 ubique
1416 5178 1467 5216 om.
