4620 5894
199 207 241 273 61
1023 200 1088 268 ΒΕ
1111 188 1386 268 SOANDALIS.
2174 210 2214 273 ω

203 393 369 479 pretiosae
386 391 537 457 sintDeo
557 390 697 469 animae,
720 390 839 475 quibus
859 389 976 456 salutis
993 389 1082 455 viam
1098 388 1186 455 malo
1237 388 1403 455 virtutum
1424 387 1498 454 odio
1520 389 1589 455 suis
1609 410 1772 474 peraeque
1790 407 1824 457 et
1844 392 1984 459 aliorum
2002 394 2093 461 vitiis
2113 394 2226 464 libcn·'

204 501 265 547 suo
304 476 457 561 exemplo
498 475 728 562 praecludunt.
789 476 957 554 Primum,
995 475 1099 540 nimia
1135 482 1187 541 est
1238 484 1290 539 ter
1310 474 1493 558 indulgent
1537 475 1685 559 Populus
1713 487 1825 541 autern
1851 486 1890 542 ut
1916 480 2059 563 gratiam
2085 481 2216 564 referat,

206 568 274 631 ista
312 562 521 647 improbitas,
561 563 691 641 Deum,
736 582 836 645 quem
875 562 971 628 factis
1010 560 1185 645 abnegant,
1238 581 1294 626 eos
1319 570 1410 625 amat
1437 561 1538 639 solos,
1574 561 1798 645 amplectitur,
1827 564 1930 631 louet:
1961 574 2060 649 atquc
2085 574 2126 632 ut
2150 570 2215 637 sois

206 672 264 718 ore
294 649 459 727 confiteri,
487 650 572 715 sicut
599 648 725 715 Paulus
758 647 838 714 dicit
872 647 952 731 (Tit.
985 652 1017 725 l,
1044 647 1114 729 16);
1147 657 1187 711 ut
1238 644 1366 712 delictis
1395 654 1551 730 patronos
1585 646 1721 726 habeat,
1756 670 1815 714 suo
1843 650 2027 732 patrocinio
2053 662 2177 719 tuetur.
2189 656 2215 739 ¹)

206 736 358 804 coelestis
385 735 568 818 sapientiae
596 733 749 819 discipuli
775 740 966 817 appareant,
994 754 1095 816 quum
1117 741 1188 798 tota
1237 732 1371 797 Interea
1391 744 1504 798 tamon
1533 754 1600 797 non
1628 732 1749 800 desinit
1776 733 1969 801 scandalum
1997 736 2060 803 sibi
2082 759 2125 804 ex
2146 760 2216 807 cor·

204 824 276 888 vita
314 821 527 887 manifestum
562 820 628 886 Dei
664 830 794 886 contem
818 830 892 884 tum
931 824 1057 904 arguat
1118 816 1187 885 Sed
1237 824 1337 902 rupta
1361 825 1531 901 pastorum
1553 818 1623 884 vita
1643 818 1798 899 obiicere,
1826 841 1869 886 ne
1896 821 1938 887 ad
1968 820 2143 891 Christum
2163 846 2215 891 ao·

207 914 283 988 [pag.
307 912 364 987 63]
390 905 471 972 haec
498 905 697 989 plusquam
717 842 880 989 saordcga
900 905 1064 988 impietas,
1086 926 1187 971 euan-
1239 903 1341 969 cedat.
1386 903 1495 970 Nimis
1527 902 1562 968 id
1589 904 1720 986 quidam
1748 926 1904 988 perverse
1932 916 1966 972 ct
1992 908 2214 992 impudenter:

205 993 293 1079 gelic
325 992 368 1058 ad
403 991 564 1057 scelerum
596 1000 806 1075 praetextum
834 991 936 1057 abuti.
986 991 1120 1074 Loquor
1146 989 1187 1056 de
1238 988 1297 1053 scd
1326 1011 1432 1072 neque
1465 990 1676 1056 excusatione
1710 990 1830 1074 dignus
1859 993 2038 1076 quispiam,
2070 1016 2215 1079 qncma

206 1079 346 1145 artificio
372 1078 440 1143 iam
473 1077 613 1161 vulgari,
626 1078 652 1161 ¹)
678 1099 743 1160 quo
772 1100 808 1143 se
835 1076 954 1161 perfidi
985 1084 1021 1141 et
1044 1097 1187 1158 nequam
1238 1074 1365 1141 christi
1386 1097 1519 1142 accessu
1545 1077 1704 1141 arcebunt
1724 1076 1896 1143 bominum
1917 1090 2058 1162 paccata
2105 1081 2215 1150 Nihilo

206 1164 395 1247 homines2)
431 1162 475 1229 ad
508 1163 706 1242 fallendum,
742 1161 980 1242 fraudandum,
1017 1162 1186 1246 modisque
1238 1160 1362 1227 scilicet
1382 1162 1618 1246 magis„quam
1641 1163 1669 1227 si
1692 1163 1765 1244 quis
1786 1184 1828 1228 ex
1848 1164 1939 1231 fonte
1953 1163 2214 1249 bibereraousct,

206 1248 359 1316 omnibns
380 1247 566 1314 nocendum
587 1249 767 1315 insinuant.
813 1248 895 1314 Vidi
915 1248 1009 1326 olim,
1036 1268 1117 1331 quos
1138 1248 1186 1313 lc·
1238 1247 1316 1329 quia
1338 1245 1487 1313 sentibus
1507 1256 1540 1311 et
1562 1248 1700 1329 spinetis
1720 1248 2093 1333 dieatcsseobscptum:
2115 1274 2213 1337 quum

205 1336 343 1402 ncciniis
383 1335 451 1400 suis
487 1334 692 1417 impurisque
729 1333 912 1401 actionibus
943 1355 1012 1399 non
1042 1333 1187 1417 pudebat
1237 1338 1350 1397 tamen
1369 1333 1537 1399 obstacula
1563 1331 1795 1399 transcendere
1817 1356 1878 1401 nec
1904 1357 2027 1420 magno
2048 1335 2163 1405 labore
2182 1348 2215 1406 et

204 1419 371 1505 evangelii
387 1420 541 1485 umbram
561 1419 786 1501 obtendere.⁸)
819 1419 888 1485 Alii
905 1420 961 1503 qui
980 1419 1090 1485 minus
1108 1428 1187 1485 sunt
1238 1418 1310 1482 sine
1341 1418 1486 1500 periculo
1518 1417 1623 1484 liceat.
1674 1416 1762 1499 Quia
1794 1420 1970 1488 nonnullos
2003 1424 2213 1509 evangelium

203 1507 365 1585 scelerati,
386 1504 544 1571 dissolute
566 1513 679 1571 tamen
702 1504 845 1573 urendo
867 1512 901 1571 et
923 1505 1093 1573 ecclesiam
1115 1505 1186 1587 pol·
1236 1503 1272 1567 in
1294 1524 1350 1569 ore
1373 1504 1532 1569 habentes
1553 1504 1710 1570 scelerate
1727 1514 1785 1569 aut
1813 1507 1965 1589 nequiter
1995 1510 2113 1576 vivere
2139 1530 2213 1577 con·

202 1590 301 1659 luunt
321 1590 481 1659 vitiorum
498 1613 633 1657 suorum
650 1590 811 1670 sordibus,
831 1600 866 1657 et
886 1591 1058 1675 evangelio
1075 1612 1186 1657 macu-
1237 1589 1396 1671 spioiunt:
1416 1589 1480 1668 En,
1498 1590 1662 1673 inquiunt,
1685 1590 1903 1675 evangelium.
1936 1591 2073 1673 Quanto
2095 1598 2213 1665 rectius

96 1732 99 1737 .
122 1730 127 1739 .
202 1676 271 1744 lam
292 1687 483 1762 aspergunt.
526 1677 600 1743 Iam
620 1677 704 1744 illud
732 1677 866 1761 quidem
893 1677 1053 1743 miserum
1075 1685 1126 1742 est
1147 1698 1185 1743 ac
1238 1693 1313 1740 cum
1336 1674 1448 1740 dolore
1468 1685 1692 1758 agnoscerent,
1715 1698 1851 1760 gravem
1872 1679 1946 1755 fieri
1956 1676 2031 1744 Deo
2048 1680 2212 1763 iniuriam,

114 1768 118 1775 '
204 1762 392 1841 dolendum,
421 1782 490 1827 non
510 1762 608 1828 modo
624 1763 789 1849 ,imputari
811 1763 994 1828 sanctitatis
1017 1761 1186 1828 doctrinae
1237 1781 1340 1843 qumn
1361 1760 1532 1826 doctrinae
1559 1763 1629 1827 vita
1656 1770 1726 1826 tam
1751 1762 1838 1827 male
1859 1762 2049 1846 respondet!
2096 1764 2136 1833 Si
2156 1788 2212 1834 nc-

204 1850 380 1916 hominnm
408 1848 550 1932 flagitia,
584 1848 643 1914 sed
677 1850 712 1914 in
745 1870 858 1915 eorum
885 1870 1027 1931 persona
1059 1848 1184 1915 calum-
1237 1845 1333 1911 balae
1353 1846 1452 1912 terris
1474 1845 1647 1930 caliginem
1669 1848 1846 1927 obducunt,
1869 1871 1967 1915 nemo
1987 1860 2059 1915 tanr
2078 1852 2212 1921 insanus

202 1936 296 2001 nicae
330 1954 404 2000 cam
432 1931 569 1999 traduci.
615 1933 683 2001 Sed
712 1935 802 2000 alind
828 1942 879 2001 est
905 1935 1060 2001 eeclesiae
1092 1933 1185 2000 ulcus
1236 1940 1288 1996 cst
1309 1941 1367 1997 aut
1394 1933 1576 2014 improbus,
1602 1944 1640 1998 ut
1668 1933 1769 1999 solem
1796 1943 1970 2017 propterea
1996 1936 2211 2022 caliginosum

201 2022 309 2105 magis
336 2019 588 2103 deplorandum:
622 2020 710 2102 quod
736 2030 899 2104 pastores,
931 2021 1010 2104 ipsi,
1039 2019 1184 2102 inquam,
1236 2023 1340 2083 vocet.
1384 2020 1488 2100 Atqui
1508 2020 1597 2083 inter
1618 2019 1696 2084 solis
1714 2028 1748 2083 ct
1765 2020 1927 2103 evangelii
1939 2021 2124 2088 claritatem
2140 2024 2210 2108 plu·

201 2116 366 2190 pastores,
394 2107 451 2188 qui
479 2114 689 2190 suggestum,
719 2105 781 2171 hoo
807 2114 873 2183 est,
902 2126 1034 2172 sacrum
1057 2104 1184 2171 Ohristi
1235 2103 1359 2167 rimam
1376 2104 1522 2169 interest.
1549 2103 1749 2187 Numquam
1759 2104 1855 2170 illum
1872 2107 2048 2173 obscurent
2064 2108 2210 2191 nebulae,

202 2192 350 2258 tribunal
370 2213 410 2256 ea
430 2190 503 2274 lege
525 2191 759 2271 conscendunt,
782 2200 821 2256 ut
838 2193 926 2257 vitae
937 2192 1083 2274 puritate
1104 2211 1184 2275 prae
1233 2188 1344 2254 faeere
1363 2211 1429 2254 non
1445 2198 1554 2273 potest
1571 2189 1744 2255 hominum
1766 2192 1922 2273 pravitas,
1949 2195 2028 2276 quin
2045 2195 2211 2278 perluceat

203 2278 277 2343 aliis
305 2276 459 2342 omnibus
483 2276 664 2355 excellant,
692 2276 858 2342 interdum
887 2286 966 2342 sunt
992 2277 1184 2359 turpissima
1234 2294 1333 2339 mnae
1350 2275 1424 2358 piae
1447 2296 1488 2340 ue
1499 2275 1667 2343 doctrinae
1678 2275 1841 2358 splendor,
1865 2298 1930 2359 quo
1941 2279 2011 2345 vita
2020 2290 2145 2360 nostra,
2157 2280 2210 2347 ab·

201 2364 256 2429 vel
282 2362 449 2445 nequitiae
484 2361 536 2426 vol
566 2362 730 2427 malorum
757 2362 897 2428 aliorum
924 2362 1084 2446 exempla.
1129 2362 1183 2428 Ita
1234 2361 1348 2426 stersis
1360 2296 1513 2439 tenehris,
1531 2360 1692 2427 inveram
1707 2362 1868 2427 iustitiam
1885 2364 2093 2430 reformatur.
2122 2367 2209 2452 Ergo

201 2450 249 2527 fit,
273 2456 311 2512 ut
332 2447 438 2512 nihilo
459 2446 622 2530 plusfidei
644 2447 866 2532 aogravitatis
888 2448 1059 2513 obtineant
1069 2468 1182 2513 eorum
1234 2445 1346 2525 solem,
1365 2447 1466 2511 etiam
1487 2446 1566 2511 dum
1588 2446 1797 2513 absconditus
1818 2448 1914 2528 latet,
1943 2448 2121 2517 fatebimur
2141 2473 2210 2519 esse

201 2533 391 2612 conciones,
427 2552 525 2615 quarn
558 2534 587 2597 si
617 2533 763 2599 labulam
784 2534 821 2597 in
848 2554 947 2600 scena
973 2541 1088 2618 agerem
1112 2533 1181 2600 his-
1232 2530 1392 2597 lucidum:
1416 2533 1627 2616 conspicuam
1644 2533 1809 2617 evangelii
1825 2534 1934 2599 lucem
1952 2537 2036 2601 etin
2056 2558 2097 2602 ea
2113 2538 2209 2604 reinl-

201 2620 274 2685 tric.
283 2619 313 2701 ⁴)
358 2619 406 2684 Et
434 2617 520 2683 tales
548 2617 672 2685 scilicet
698 2620 901 2703 contemptui
930 2640 966 2684 se
994 2640 1065 2685 esse
1093 2619 1181 2704 apud
1233 2624 1368 2700 gentem
1390 2616 1517 2683 Christi
1543 2618 1682 2702 gloriam
1711 2641 1815 2702 quum
1843 2641 2031 2701 cernamus,
2062 2627 2137 2703 [pag.
2157 2629 2208 2705 to]

199 2704 339 2788 plebem,
361 2714 419 2769 aut
439 2703 540 2768 etiam
560 2704 694 2771 ludibrii
715 2725 814 2771 causa
826 2704 929 2789 digito
952 2727 988 2771 se
1003 2707 1181 2772 monstrari
1233 2702 1342 2768 oculos
1360 2704 1455 2769 nobis
1472 2704 1797 2788 hominumpeocata,
1819 2706 2057 2792 qualiacunque
2079 2708 2209 2776 tandem

199 2798 460 2873 conqueruntur.
504 2789 579 2874 Ego
605 2800 716 2855 autem
742 2791 852 2873 potius
878 2790 971 2875 vulgi
996 2791 1101 2855 miror
1121 2813 1180 2874 pa·
1232 2798 1318 2868 sunt,
1341 2789 1586 2874 perstringant?

199 2877 362 2954 tiendum,
384 2875 472 2959 quod
493 2896 560 2941 non
582 2898 637 2942 eos
658 2877 728 2942 luto
749 2884 784 2942 et
804 2876 1003 2943 stercoribus
1025 2877 1181 2943 mulieres
1319 2873 1491 2954 Quantum
1513 2875 1555 2940 ad
1578 2875 1677 2942 duces
1699 2877 1788 2959 ipsos
1798 2876 1827 2961 ²)
1851 2886 1994 2961 spectat,
2022 2880 2092 2945 iam
2113 2901 2208 2947 novo-

198 2983 237 3029 ac
260 2963 354 3044 pueri
379 2964 534 3045 operiunt
586 2962 764 3028 Ministerii
793 2961 989 3046 dignitatem
1016 2963 1181 3027 extollunt
1232 2966 1286 3024 rat
1308 2958 1462 3026 Ohristus
1482 2962 1518 3025 in
1544 2961 1759 3044 ignominiam
1787 2962 1952 3029 doctrinae
1985 2966 2133 3032 maxime
2160 2988 2208 3032 re·

194 3048 303 3131 plenis
323 3047 448 3114 buccis:
477 3058 512 3111 at
534 3048 610 3113 ‘illis
638 3068 707 3113 non
733 3048 889 3113 venitin
916 3055 1077 3127 mentem,
1106 3048 1180 3114 ideo
1233 3042 1397 3125 dandam,
1436 3046 1465 3111 si
1498 3049 1640 3130 turpiter
1671 3048 1799 3113 vivunt.
1843 3048 1891 3115 Ut
1924 3049 1985 3116 hoc
2017 3050 2208 3119 scandalum

195 3155 263 3200 non
285 3133 401 3200 haberi
425 3155 524 3199 suum
557 3133 741 3200 ministerio
763 3133 937 3211 honorem,
966 3134 1043 3216 quia
1069 3134 1180 3218 ipsum
1233 3138 1370 3211 avertat,
1394 3131 1545 3197 hortatur
1562 3133 1604 3198 ad
1622 3133 1918 3217 servandumquod
1932 3135 2058 3215 iubent,
2082 3138 2209 3205 etiamsi

196 3240 259 3286 sua
285 3217 490 3303 turpitudine
511 3227 743 3303 conspurcant
775 3221 864 3285 Nam
884 3218 980 3285 sicuti
1001 3240 1079 3286 vere
1100 3221 1181 3286 olim
1232 3238 1275 3282 ne
1296 3218 1434 3283 minimo
1455 3218 1586 3301 quidem
1599 3218 1700 3302 digito
1718 3221 2004 3370 attifflantonera
2027 3244 2114 3305 quae
2131 3224 2208 3290 alic-

197 3326 217 3371 a
247 3306 391 3387 quodam
425 3304 641 3371 dictumest:
675 3305 722 3372 Ut
745 3306 879 3385 ameris,
915 3305 1066 3372 amabilis
1094 3314 1178 3373 esto:
1232 3324 1307 3367 rum
1329 3303 1505 3385 imponunt
1532 3303 1679 3370 humeris
1702 3305 1776 3387 (Ma
1855 3309 1906 3384 23,
1925 3311 1970 3371 3.
2016 3305 2209 3375 Scribarum

194 3391 250 3455 ita
282 3412 411 3455 morum
445 3392 609 3473 gravitate
639 3402 674 3455 et
708 3391 927 3458 sanctimonia
958 3394 1179 3458 reverentiam
1232 3396 1310 3455 tnnc
1336 3409 1460 3454 munus
1487 3399 1559 3454 erat
1583 3390 1742 3473 populum
1770 3392 1944 3457 instituere
1975 3393 2011 3456 in
2033 3393 2108 3478 lege
2129 3394 2209 3461 Dei:

196 3476 260 3540 sibi
284 3476 457 3557 acquirant
478 3485 623 3558 oportet,
653 3477 765 3558 quiin
788 3479 892 3559 pret-io
919 3477 1036 3542 haberi
1053 3478 1178 3544 volunt.
1232 3474 1282 3538 illi
1303 3484 1430 3553 autem,
1461 3496 1563 3558 quum
1583 3476 1619 3540 in
1641 3475 1799 3542 cathedra
1832 3476 1964 3543 divinae
1993 3490 2107 3545 essent
2126 3480 2210 3565 legis

196 3562 308 3643 Atque
329 3562 458 3625 utinam
477 3561 536 3624 tali
559 3562 730 3627 hominnm
749 3563 889 3629 colluvio
906 3565 1079 3629 exonerari
1100 3585 1178 3647 pur·
1230 3560 1443 3644 interpretes,
1473 3561 1561 3626 domi
1588 3570 1622 3626 ct
1648 3562 1682 3626 in
1705 3564 1776 3629 soro
1802 3563 1892 3645 pleni
1914 3570 2010 3629 erant
2030 3563 2209 3645 fraudibus,

196 3647 338 3730 garique
348 3658 463 3728 posset
473 3647 617 3712 eeclesia.
650 3646 718 3712 Sed
736 3647 833 3731 longe
844 3648 939 3714 aliter
950 3658 989 3713 ut
1022 3650 1178 3716 lurimum
1231 3668 1270 3711 su
1294 3647 1393 3724 orbia,
1416 3646 1617 3727 crudelitate,
1636 3647 1804 3729 periuriis:
1822 3648 2210 3733 libidinoseqnidvisau·

194 3733 369 3815 contingit.
406 3731 494 3795 Nam
516 3754 618 3815 quum
641 3754 676 3798 se
689 3734 807 3798 meritc
828 3672 1090 3816 contemptihiles
1107 3756 1179 3801 csse
1231 3668 1361 3797 dedant.
1395 3732 1480 3797 Vult
1501 3732 1890 3813 nihilominusChristus,
1913 3757 2007 3800 suam
2020 3736 2085 3801 Dei
2107 3738 2210 3805 verbo

196 3818 368 3900 norintsl)
398 3816 487 3881 mala
509 3823 582 3896 [pag.
602 3824 657 3898 64]
680 3820 880 3885 conscientia
906 3820 1091 3886 libertatem
1113 3821 1179 3887 illis
1231 3818 1442 3882 autoritatem
1464 3818 1622 3885 intactam
1649 3840 1793 3884 manere.
1836 3821 1912 3886 Non
1940 3822 2004 3887 fuit
2031 3822 2114 3890 haec
2137 3844 2209 3889 sae·

198 3904 327 3970 adimit.
337 3904 366 3987 θ)
410 3902 572 3985 Denique,
600 3925 703 3986 quum
722 3914 856 3988 propter
877 3905 1070 3971 inhonestae
1092 3907 1179 3973 vitae
1230 3901 1296 3967 culi
1313 3905 1413 3968 unius
1429 3905 1565 3988 propria
1581 3904 1773 3970 admonitio:
1796 3907 1876 3987 quin
1887 3908 1995 3989 potius
2008 3907 2108 3973 hodic
2128 3930 2209 3992 quo-

192 3990 320 4074 probra
348 3988 495 4061 sentiant
522 3989 675 4056 omnibus
708 4013 743 4056 se
772 3991 945 4069 obnoxios,
973 3991 1026 4055 vel
1053 3992 1178 4075 pudore
1230 4009 1292 4070 que
1311 4011 1376 4055 vor
1394 3990 1541 4056 coelestis
1559 3990 1694 4056 auribus
1711 3992 1832 4058 nostris
1848 3991 2015 4072 inclamat,
2039 4002 2210 4079 utcunque

194 4090 353 4159 metuque
373 4077 495 4140 retenti
517 4075 645 4141 hiscere
667 4098 733 4141 non
762 4075 893 4155 audent,
917 4078 1042 4160 quoties
1064 4100 1179 4145 severe
1229 4075 1333 4141 vitum
1359 4077 1554 4157 professioni
1581 4096 1659 4141 suae
1683 4076 1794 4142 minus
1820 4086 2076 4144 consentaneam
2104 4089 2209 4164 agant

196 4161 398 4247 exigendum
428 4163 527 4238 foret,
555 4162 641 4244 quod
669 4164 731 4245 ipsi
755 4164 890 4228 minime
911 4173 1095 4247 praestant,
1122 4166 1176 4231 rel
1229 4171 1387 4244 pastores,
1409 4181 1582 4244 perperam
1604 4168 1716 4227 tamen
1743 4163 1831 4242 lieri,
1860 4164 1888 4229 si
1915 4164 1994 4247 quid
2023 4164 2086 4232 hac
2107 4187 2210 4233 eausa

194 4268 331 4330 parcere
360 4246 628 4329 delinquentibus
654 4259 818 4333 coguntur
844 4259 879 4314 et
901 4249 1036 4317 adulari.
1081 4250 1177 4318 Adde
1229 4245 1400 4329 evangelio
1423 4246 1615 4312 detrahitur.
1651 4248 1698 4313 Ut
1716 4256 1804 4314 ocrtc
1826 4249 1925 4315 nimis
1946 4248 2017 4314 indi
2064 4272 2124 4316 um
2146 4262 2207 4331 cst,

195 4333 282 4416 quod
310 4332 425 4417 ignavi
454 4344 534 4398 sunt
559 4344 709 4413 ventres,
740 4336 809 4418 qui,
842 4344 881 4400 ut
908 4336 1058 4401 molestia
1086 4339 1176 4402 omni
1228 4354 1326 4415 quam
1348 4332 1441 4398 Deus
1462 4333 1655 4415 praescribit
1677 4334 1760 4399 benc
1781 4334 1917 4400 vivendi
1940 4358 1976 4400 re
2037 4357 2101 4415 arn,
2131 4360 2207 4421 per·

194 4420 304 4484 valere
327 4421 419 4484 iussa
441 4421 506 4484 otio
535 4418 719 4503 delitiisque
741 4422 810 4486 suis
832 4422 1020 4499 consulant,
1049 4423 1175 4488 coelum
1227 4439 1324 4484 versa
1350 4418 1522 4483 hominum
1547 4420 1618 4485 vita
1645 4421 1763 4484 metiri.
1806 4420 1960 4486 Reddent
1992 4421 2042 4486 illi
2072 4424 2209 4506 quidem

193 4507 325 4585 passuri
346 4506 413 4570 sint
439 4517 548 4571 terrae
568 4508 709 4573 nrisceri.
753 4508 880 4571 Ilorum
902 4509 1001 4572 ctiam
1024 4509 1176 4575 nonnulli
1227 4504 1402 4586 aliquando
1423 4506 1602 4583 rationem,
1632 4525 1670 4570 ac
1697 4506 1841 4571 sentient
1867 4506 1948 4572 illud
1971 4528 2037 4572 non
2060 4529 2080 4573 c
2101 4510 2209 4576 nihilo

317 4646 330 4652 -
347 4645 399 4651 .,-,
1226 4591 1328 4656 fuisse
1355 4590 1604 4656 denunciatum:
1631 4592 1733 4656 satius
1762 4612 1851 4658 nuno
1872 4592 1942 4657 fore
1963 4593 2106 4673 homini,
2134 4619 2207 4662 sus·

265 4709 295 4772 1)
317 4709 403 4764 pm,
437 4710 560 4766 ,hm
578 4729 632 4766 non
651 4711 764 4780 ,ulem
1226 4697 1330 4758 pensa
1352 4697 1372 4740 a
1394 4675 1477 4742 collo
1498 4676 1600 4755 mola,
1631 4675 1777 4760 demergi
1803 4679 1837 4742 in
1865 4677 2066 4763 profundum
2094 4683 2206 4759 maris,

264 4779 295 4844 2)
318 4778 401 4846 (perti
421 4796 428 4831 ι
445 4786 475 4859 et
492 4795 606 4858 nequam
624 4781 761 4843 homines)
780 4783 922 4862 beaucoup
941 4781 974 4862 de
991 4783 1093 4851 gelans.
1226 4782 1325 4844 quam
1367 4763 1394 4828 ai
1432 4783 1535 4827 unum
1578 4762 1757 4844 quemlibet
1791 4785 1833 4829 cx
1874 4765 2022 4831 minimis
2060 4766 2207 4833 offendat

192 4846 295 4985 relagde)¹
318 4846 391 4900 Add.
411 4848 487 4913 brial,
506 4865 551 4916 qur
570 4866 603 4902 err
628 4860 739 4905 eusseut
761 4852 910 4905 volontrers
932 4850 982 4904 sart
1006 4868 1041 4905 un
1063 4868 1172 4921 maque-
1224 4938 1312 4944 .--.
1328 4938 1427 4944 -ω

264 4983 295 5109 di
315 5000 479 5133 huddffltdldee
491 4985 791 5124 dddrffilldedrhuddcdgh
804 5004 840 5109 lid
853 4986 1110 5125 liddhdgapldstsum.
1294 5053 1323 5116 l)
1344 5051 1418 5106 Add.
1437 5053 1528 5133 Voyla
1546 5061 1681 5107 comment
1697 5054 1738 5108 les
1756 5069 1836 5135 aeneo
1855 5053 2080 5112 s'entrefrotterrt.

265 5123 295 5190 6)
316 5120 363 5177 Soc
381 5121 457 5175 Besa
476 5129 501 5176 ct
516 5122 604 5177 Amat.
623 5124 756 5193 &inceps
772 5130 798 5178 ct
816 5122 897 5178 1551:
917 5124 1024 5179 adium
1292 5121 1322 5187 2)
1343 5136 1412 5176 eaor
1430 5139 1475 5190 qm
1494 5130 1541 5176 orrt
1558 5123 1586 5176 la
1604 5122 1702 5191 charge
1721 5120 1894 5192 d’ensergner.
