4620 5894
158 217 218 278 141
821 211 1007 280 CONTRE
1028 209 1119 278 LES
1141 203 1506 277 ANABAPelsnES.
2112 219 2172 281 112

156 424 236 470 sans
257 401 367 487 lequel
388 421 472 467 nous
494 422 536 466 ne
557 401 710 466 saurions
732 400 836 467 assoir
863 399 1034 485 ingement
1055 421 1141 479 seur,
1195 420 1258 481 666
1280 399 1321 463 de
1343 400 1475 464 souffrir
1496 400 1528 464 16
1550 405 1645 480 mort,
1668 400 1698 466 ei
1717 401 1853 466 mestier
1874 407 1933 481 est,
1956 424 2039 484 pour
2060 403 2092 470 le
2110 414 2178 471 tes·

155 512 205 575 ny
235 487 361 554 eertain
391 509 432 553 en
466 494 535 553 6661
557 485 696 552 endroit.
741 486 852 552 11661
874 485 999 552 eertein
1024 506 1088 568 666
1110 487 1143 550 16
1195 484 1370 569 moignege
1398 483 1438 550 de
1465 486 1499 550 16
1527 487 1647 553 verite:
1677 487 1767 552 aussi
1793 491 1873 552 e’est
1898 489 2097 554 obstination
2120 512 2178 556 en·
2231 542 2233 547 .

155 580 246 640 mort
274 573 354 639 d’un
378 572 527 653 homme,
556 572 632 655 quel
654 572 735 656 qu'il
763 573 841 651 soit,
869 575 954 637 n’est
975 572 1091 636 iameis
1114 572 1143 636 si
1195 578 1294 653 regee
1317 592 1379 654 que
1402 570 1442 636 de
1460 572 1595 636 souffrir
1613 591 1697 654 pour
1715 573 1885 639 mauvaise
1903 578 1985 652 [page
2008 579 2081 654 190]
2099 597 2199 660 que-⁴

180 661 343 738 reeieuee,
373 657 491 742 qu'elle
539 659 628 724 uisse
657 680 700 723 ne
729 658 842 742 doyve
863 679 905 722 en
935 658 1007 722 rien
1034 657 1144 740 preiu-
1195 655 1284 720 relle.
1331 656 1516 722 Tellement
1543 678 1608 740 666
1635 657 1731 743 celuy
1752 659 1806 741 qui
1830 680 1872 724 en
1894 660 2016 725 souffre
2038 660 2069 725 le
2091 661 2177 745 plus,

183 747 262 812 ‘eier
283 751 306 810 t
325 745 359 810 la
380 745 484 811 verite
528 745 671 810 eDieu:
702 764 745 809 ou
766 743 876 827 quelle
904 743 967 807 6611
989 742 1142 810 vailleble
1195 747 1247 805 661
1269 740 1419 806 d'autant
1444 744 1519 826 plus
1546 751 1567 808 e
1594 745 1770 826 vituperer.
1814 745 1902 808 'lent
1930 747 2000 830 666
2021 746 2095 810 1661
2116 767 2178 828 666

155 853 243 916 pour
269 850 455 915 approuver
476 828 624 896 doetrine
652 838 787 895 erronee
809 837 843 894 et
869 849 1033 913 perverse.
1079 830 1141 892 Te·
1195 826 1295 892 soubn
1330 826 1443 892 ombre
1476 827 1516 894 de
1550 829 1619 895 cele
1657 849 1741 894 6666
1776 830 1914 895 devions
1947 851 2030 896 6666
2063 831 2179 897 laisser

154 939 242 984 nens
262 938 347 982 6666
369 916 454 982 done
475 921 497 981 1,
518 915 597 994 6616,
620 937 683 999 666
704 907 831 981 6616166
853 937 917 980 666
937 915 1044 979 bonne
1067 913 1142 980 doe·
1194 919 1409 994 transportet,
1431 935 1516 980 6666
1537 914 1673 998 privant
1696 912 1736 979 de
1758 923 1831 980 tout
1851 917 2023 999 ingement
2044 929 2078 981 et
2100 937 2178 983 eon-

156 1004 248 1069 trine
275 1010 310 1068 et
336 1002 443 1080 66166,
471 1007 581 1068 estant
607 1000 724 1066 166166
751 1023 793 1066 66
819 1002 943 1078 raison,
971 999 1077 1082 prend
1105 1021 1142 1065 66
1194 995 1380 1063 sideration.
1426 999 1487 1066 S'il
1509 1008 1559 1066 661
1581 1001 1732 1084 question
1755 999 1879 1067 d’avoir
1901 1001 2061 1067 certitudo
2084 1002 2125 1068 de
2145 1002 2178 1066 ln

157 1088 390 1156 eonfirmation
422 1088 497 1170 puis
529 1107 626 1171 apres
660 1085 700 1151 de
734 1086 767 1151 la
796 1095 884 1152 mort
916 1085 956 1150 de
990 1107 1042 1151 666
1074 1092 1141 1151 tes·
1195 1084 1299 1149 verite
1322 1083 1362 1149 de
1384 1085 1488 1166 Dieu,
1520 1107 1583 1170 666
1606 1107 1689 1151 6666
1712 1087 1908 1169 6166616666,
1938 1109 2022 1153 6666
2052 1088 2178 1154 l'nvons
2221 1126 2225 1133 ·

155 1175 290 1260 moinge
319 1182 354 1240 et
382 1174 603 1252 eonfesseure,
632 1193 693 1256 per
717 1171 857 1256 laquelle
879 1171 941 1236 elle
964 1172 1141 1236 66116616-
1192 1168 1354 1253 plusque
1383 1173 1553 1237 6611166616
1575 1194 1617 1236 66
1645 1172 1678 1237 16
1705 1180 1793 1237 mort
1815 1171 1855 1238 de
1877 1180 1989 1238 nostre
2012 1172 2178 1257 Seigneur

158 1268 273 1327 tenue:
304 1261 389 1325 ainsi
411 1265 485 1323 tous
512 1258 561 1324 les
583 1258 733 1323 hommes
755 1257 796 1322 de
822 1258 855 1322 le
874 1265 962 1323 terre
984 1278 1027 1322 en
1048 1278 1141 1322 mou·
1193 1254 1297 1334 Iesus,
1322 1254 1362 1321 de
1384 1265 1458 1323 tous
1479 1258 1528 1323 les
1549 1258 1752 1341 Prophetes,
1781 1260 1941 1341 Apostres
1963 1265 1997 1322 et
2018 1259 2177 1342 Martyre,

157 1353 239 1412 rent
259 1366 303 1411 ne
328 1353 490 1428 peurront
515 1365 575 1428 pes
598 1364 782 1428 approuver
803 1342 834 1409 16
861 1364 1050 1426 meneonge.
1095 1343 1142 1407 Et
1166 1370 1169 1439 6
1193 1349 1270 1404 tant
1297 1339 1337 1404 de
1364 1341 1500 1428 l'Egliee
1528 1344 1694 1427 primitive
1727 1366 1790 1427 666
1818 1343 1862 1409 (16
1893 1351 2002 1426 temps
2035 1352 2176 1426 present

158 1452 285 1498 mesme
307 1435 388 1497 e’est
413 1451 450 1496 ee
478 1431 534 1513 qui
562 1429 712 1496 discerne
740 1429 788 1495 les
809 1430 957 1515 Mertyrs
980 1429 1020 1493 de
1041 1426 1140 1507 Dieu,
1194 1425 1367 1491 Tonehent
1387 1430 1428 1495 de
1450 1451 1486 1495 66
1506 1431 1562 1512 661
1579 1435 1629 1495 661
1651 1436 1838 1514 repugnent
1855 1436 1877 1496 t
1893 1428 1995 1508 icelle,
2014 1429 2038 1493 il
2057 1450 2077 1493 a
2094 1429 2178 1495 beau

157 1515 201 1582 de
223 1538 307 1584 eenx
328 1514 375 1581 du
393 1514 1139 1600 1116116,66666666666661661666666.
1194 1519 1280 1576 estre
1310 1514 1408 1580 666116
1434 1514 1475 1580 de
1508 1536 1566 1581 son
1600 1537 1698 1600 sang,
1727 1537 1771 1582 ou
1799 1515 1839 1580 de
1874 1516 1953 1581 eire:
1990 1515 2106 1581 iamaie
2135 1536 2178 1580 ne

156 1602 325 1669 Peurtent
346 1609 418 1668 tout
439 1601 523 1667 ainsi
545 1623 607 1685 666
630 1599 1140 1679 666166666661666616661116,
1193 1597 1330 1663 laieeera
1350 1599 1469 1668 d'estre
1490 1622 1680 1686 mensonge.
