4620 5894
144 182 186 245 4⁷
327 122 330 127 ⁵
967 174 1032 241 un
1054 172 1330 242 somnium.
2114 140 2154 243 c's

143 367 308 449 integram
339 362 388 427 illi
421 383 590 428 servemus
620 361 763 448 coniugii
795 361 910 440 fidem,
943 362 980 426 in
1007 362 1124 446 primis
1176 361 1225 428 At
1245 382 1324 429 vero
1346 381 1415 425 non
1436 359 1495 426 ebs
1516 381 1553 426 re
1574 359 1695 426 timent
1716 381 1774 441 ne,
1801 362 1969 427 siincerti
1991 382 2058 446 quo
2078 383 2183 429 enn··

144 450 328 518 cavendum
356 469 444 524 csse,
478 470 521 512 no
548 448 615 513 suis
642 446 814 514 lenociniis
847 469 908 512 nos
934 455 1125 532 corrumpat
1177 445 1257 512 dum
1285 448 1329 512 sit
1354 445 1515 511 flexibiles
1542 468 1577 512 se
1602 446 1796 530 praebeant,
1824 468 1886 513 sua
1912 447 1976 514 hac
2003 447 2155 515 facilitate

145 535 266 603 Satan:
288 556 366 601 nam
388 533 416 599 si
438 531 569 614 aliquod
590 534 657 599 iam
679 533 725 597 im
749 533 1044 617 udicitiaesignum
1068 533 1123 598 de·
1175 533 1386 616 implicentur
1414 552 1563 596 errorum
1590 531 1727 615 laqueis.
1772 533 1836 598 Est
1856 533 1919 600 hcc
1941 531 2079 617 quidem
2099 533 2156 599 ali·

145 621 233 688 disse
259 618 408 697 videtur,
436 639 518 701 quae
539 618 680 684 lenoniis
705 618 711 631 '
740 619 865 685 ecebris
893 638 1007 684 aurem
1028 640 1123 702 prae·
1176 617 1268 702 quid:
1309 618 1367 684 sed
1400 617 1471 682 eius
1504 617 1642 700 periculi
1679 618 1744 684 alia
1776 618 1895 684 melior
1926 627 2000 684 erat
2032 618 2153 686 cautio:

144 706 218 772 buit
238 706 372 772 mulier:
393 725 511 788 parum
532 712 637 770 emtas
648 725 720 769 esse
740 705 868 770 animas
886 711 1030 787 apparet,
1052 705 1124 787 qui·
1176 724 1310 787 nempe,
1338 711 1384 769 ut.
1398 724 1434 769 se
1455 702 1512 784 pie
1538 702 1743 782 humilitate,
1773 703 1951 783 modestia,
1973 702 2154 787 sobrietate,

144 791 207 858 bns
230 792 272 858 ad
294 790 452 875 perfidam
475 788 688 856 defectionem
712 789 881 855 sollicitari
903 789 999 856 dulce
1021 800 1080 855 est
1176 790 1377 866 reverentia,
1412 787 1486 853 Deo
1513 788 1721 855 subiicerent.
1770 790 1885 873 Neque
1918 790 2008 855 erum
2036 791 2156 857 bustu

231 877 309 943 Non
331 875 489 943 absimilis
511 884 563 940 est
590 896 739 941 errorum
761 876 908 940 omnium
931 876 1025 940 ratio.
1056 877 1124 942 La·
1176 875 1328 958 promisit
1349 873 1518 951 (lhristus,
1546 873 1756 959 pulsantibus
1783 875 1917 941 ianuam
1939 883 2095 959 apertum
2114 875 2155 943 iri

144 963 250 1030 bascit
271 962 450 1028 multorum
472 959 567 1026 fides:
597 960 653 1026 alii
677 961 776 1025 etiam
800 981 937 1045 prorsus
960 961 1001 1026 ab
1024 981 1124 1026 evan·
1176 960 1313 1045 (March.
1333 964 1362 1038 7,
1382 960 1425 1039 7).
1470 959 1541 1025 Neo
1563 960 1687 1025 frustra
1708 961 1826 1044 spiritu
1846 959 1959 1028 iudicii
1981 969 2016 1026 et
2038 960 2155 1028 discre-

169 1049 231 1115 elic
253 1047 447 1125 desciscunt,
470 1048 546 1129 quia
563 1047 684 1112 erroris
696 1054 842 1130 segetem
853 1066 925 1113 esse
935 1047 1123 1113 coniiciunt.
1176 1045 1277 1112 tionis
1299 1051 1429 1128 epatre
1451 1045 1592 1110 donatus
1610 1053 1668 1111 est.
1683 1042 1708 1128 ¹)
1743 1046 1819 1111 Non
1839 1046 1965 1112 trustra
1982 1048 2085 1113 etiam
2099 1068 2156 1132 per

146 1071 252 1216 Quasi
278 1155 357 1200 vero
392 1140 547 1198 aterrae
581 1132 712 1199 cultura
739 1141 774 1198 et
801 1133 928 1197 satione
950 1132 1124 1215 quisquam
1177 1151 1215 1197 os
1235 1130 1363 1197 Iesaiae
1389 1132 1551 1214 promittit
1577 1132 1741 1197 Dominus
1770 1132 1997 1218 paedagogum
2031 1154 2068 1199 sc
2089 1134 2156 1200 fore

144 1221 335 1297 abhorreat,
366 1219 444 1301 quia
472 1239 593 1302 purum
623 1238 735 1282 semen
756 1218 791 1282 in
812 1217 927 1283 lolium
947 1238 1045 1301 saepe
1068 1217 1124 1283 de-
1176 1216 1298 1300 popnlo
1325 1238 1401 1296 suo,
1428 1217 1486 1300 qui
1512 1216 1554 1281 ad
1582 1217 1744 1302 regendos
1774 1219 1845 1284 eius
1872 1218 1997 1303 gradus
2021 1241 2043 1284 a
2063 1232 2154 1304 tergo

186 1316 290 1370 uerat.
320 1304 373 1370 Ne
395 1325 493 1386 quem
511 1303 705 1387 percelleret
721 1305 769 1368 rei
787 1304 926 1381 novitas,
954 1303 1125 1368 admonuit
1177 1312 1308 1385 praesto
1330 1303 1374 1369 sit
1396 1302 1474 1386 (Ias.
1495 1305 1545 1382 30,
1565 1303 1631 1401 21).
1677 1303 1830 1387 Denique
1851 1325 1919 1369 non
1937 1303 2076 1370 fallendi
2096 1325 2154 1372 noc

174 1391 301 1456 hristus
312 1391 374 1456 hoc
385 1390 534 1454 futurum
546 1388 680 1473 (Metth.
704 1392 751 1466 13,
772 1390 838 1461 24).
872 1389 1018 1455 Tametsi
1035 1389 1124 1454 enim
1176 1389 1359 1454 frustrandi
1370 1410 1470 1455 causa
1479 1389 1571 1453 viam
1583 1396 1673 1453 vitae
1695 1390 1787 1456 nobis
1809 1390 1846 1454 in
1868 1390 1969 1456 verbo
1991 1410 2154 1456 suomon-

143 1477 335 1562 hypocritas
350 1475 418 1541 illic
433 1474 755 1557 zizaniiscomperat,
774 1475 1123 1558 tritioovercsacger·
1177 1475 1276 1539 strati
1298 1474 1539 1557 pronunciet.²)
1573 1473 1672 1539 Unde
1690 1484 1827 1557 apparet
1845 1475 1966 1540 bonam
1982 1474 2154 1541 hominum

143 1583 259 1628 manos
270 1562 334 1627 Dei
351 1561 450 1626 filios:
469 1561 555 1626 banc
571 1568 681 1624 tamen
699 1560 856 1625 usitatam
874 1558 1019 1626 Satanae
1035 1561 1123 1625 frau·
1176 1566 1303 1642 partem
1325 1560 1388 1625 hoc
1408 1561 1518 1643 ipsum
1528 1559 1698 1643 ingeniose
1717 1570 1881 1644 appetem,
1905 1568 1942 1626 ut
1960 1560 2154 1645 contemptis

58 1690 61 1697 -
144 1646 221 1713 dem
239 1668 310 1713 esse
336 1643 492 1724 ostendit,
515 1666 725 1728 corrumpere
745 1644 995 1729 quibuscunque
1016 1651 1126 1728 potest
1176 1644 1331 1711 remediis
1353 1647 1389 1710 in
1410 1666 1470 1711 suo
1492 1645 1579 1710 malo
1600 1654 1736 1728 torpeat

144 1731 252 1799 modis
274 1741 308 1797 et
327 1733 449 1798 vitiare
471 1730 608 1797 coeleste
631 1731 695 1796 Dei
717 1752 844 1810 semen,
867 1753 910 1796 ne
932 1731 974 1797 ad
995 1732 1123 1816 frugem
1264 1735 1339 1810 [pop.
1359 1736 1413 1810 59]
1437 1729 1535 1811 Quod
1563 1737 1674 1796 eutem
1702 1730 1823 1797 multos
1845 1729 1997 1798 videmus
2018 1731 2083 1798 hoc
2103 1730 2153 1799 vel

145 1819 328 1902 perveniet.
373 1815 537 1882 Mundum
560 1818 665 1881 instar
694 1816 816 1882 deserti
844 1825 878 1881 et
904 1817 1021 1883 inculti
1052 1817 1124 1902 agri
1177 1816 1234 1881 illo
1268 1836 1379 1881 errore
1410 1825 1523 1898 captos
1555 1838 1575 1881 a
1606 1823 1697 1881 rectu
1724 1817 1779 1882 via
1811 1816 1943 1896 abduci,
1983 1837 2152 1901 nunquam

145 1905 267 1970 snmus
297 1903 354 1968 diu
382 1904 520 1968 iacuisse
547 1902 708 1967 sterilem:
743 1922 834 1967 nunc
862 1902 1026 1987 evangelii
1048 1902 1125 1968 dcc·
1177 1903 1243 1967 nisi
1263 1903 1351 1968 iusta
1371 1902 1435 1967 Dei
1458 1900 1604 1968 vindicta
1632 1900 1758 1967 accidit.
1802 1903 1956 1967 Primum
1984 1924 2065 1968 vere
2086 1905 2152 1969 Au·

144 1990 268 2055 trinam
291 1989 466 2055 seminavit
487 1989 577 2053 Deus
607 2008 667 2072 per
693 2009 770 2053 suos
798 1989 975 2054 ministros.
1020 1988 1125 2053 Mire-
1177 1989 1330 2071 gustinus
1347 1988 1533 2070 superbiam
1556 1986 1705 2052 nominat
1722 1988 1901 2053 haereseon
1914 1990 2066 2055 omnium
2086 2010 2152 2055 ma·

144 2096 220 2140 mur
246 2076 276 2139 si
304 2074 408 2140 Satan
436 2093 648 2157 quascunque
674 2082 782 2156 potest
809 2094 958 2139 errorum
988 2094 1123 2156 corrup·
1177 2083 1277 2139 trem:
1301 2072 1410 2139 nullus
1428 2075 1517 2138 enim
1536 2093 1681 2155 unquam
1699 2074 1828 2138 exstitit
1845 2075 1965 2140 erroris
1985 2075 2151 2159 magister,

145 2160 228 2226 telas
249 2159 407 2226 misceat?
452 2160 498 2223 Et
520 2179 604 2241 quae
625 2180 691 2223 non
718 2160 831 2225 statim
855 2180 876 2224 a
896 2160 1003 2242 primo
1025 2179 1125 2224 evan·
1177 2179 1275 2242 quem
1297 2180 1366 2224 non
1386 2180 1490 2241 prava
1511 2158 1645 2224 ambitio
1672 2159 1706 2223 in
1729 2179 1828 2224 suum
1849 2161 2079 2243 praecipitium
2100 2180 2152 2225 ex·

168 2246 224 2311 elii
252 2253 369 2310 exortu
396 2244 554 2310 falsorum
584 2243 776 2327 dogmatum
805 2244 955 2326 plaustra
976 2242 1126 2310 invexit?
1177 2244 1298 2310 tulerit
1330 2242 1462 2311 Scimus
1473 2245 1583 2310 Deum
1600 2245 1748 2327 parvulis
1764 2243 1869 2310 fidum
1887 2266 1959 2312 esse
1979 2245 2150 2313 doctorem

145 2267 275 2397 dimitto
307 2332 518 2395 innumeram
545 2328 801 2394 multitudinem.
846 2327 915 2395 Sed
942 2330 1123 2409 Valentini,
1177 2328 1310 2396 Scimus
1332 2329 1502 2396 Christum
1530 2329 1671 2395 humiles
1699 2351 1737 2394 ac
1758 2338 1949 2397 mansuetos
1977 2331 2020 2397 ed
2042 2353 2079 2398 se
2099 2352 2152 2399 vo·

144 2416 299 2482 Montani
320 2423 354 2481 et
374 2414 646 2481 Manichaeorum
673 2412 798 2480 deliriis
820 2414 899 2497 quid
920 2417 1027 2499 magis
1072 2436 1125 2480 ro·
1177 2436 1271 2495 care,
1298 2423 1336 2480 ut
1362 2436 1419 2481 eos
1446 2414 1566 2480 habeat
1593 2415 1777 2499 discipulos
1822 2415 1966 2483 Proinde
1986 2418 2045 2500 qui
2066 2438 2151 2483 arro·

146 2500 310 2586 digiosum
341 2501 424 2585 fingi
456 2498 585 2583 potest?
640 2499 806 2583 Perquam
838 2520 917 2566 vero
949 2499 1032 2567 ridie
1068 2522 1125 2565 um
1177 2503 1292 2586 gantia
1314 2510 1462 2586 turgent,
1493 2521 1548 2566 eos
1575 2521 1643 2566 non
1673 2502 1793 2567 mirum
1822 2511 1872 2567 est
1894 2501 1935 2568 ab
1957 2503 2021 2570 hac
2043 2501 2152 2570 schola

149 2597 216 2667 est,
250 2607 305 2653 eos
334 2587 389 2670 qui
422 2584 586 2668 evangelii
612 2584 719 2651 lucem
746 2594 815 2651 tam
844 2585 954 2652 densis
980 2586 1126 2653 tenebris
1176 2587 1289 2671 pulsos
1311 2587 1406 2672 vagis
1433 2588 1501 2654 suis
1529 2587 1807 2671 speculationibus
1834 2609 1969 2655 sursum
1998 2609 2038 2655 ac
2063 2587 2152 2654 deor·

152 2693 223 2738 non
254 2673 356 2738 fuisse
383 2671 581 2738 exstinctam
607 2671 759 2737 miraculi
790 2671 859 2737 loco
888 2671 1025 2753 ducunt,
1055 2672 1126 2737 vim
1178 2694 1252 2739 sum
1280 2673 1414 2755 raptari
1459 2671 1632 2755 Quotquot
1662 2672 1724 2738 hac
1751 2680 1865 2740 nostra
1891 2680 2000 2740 aetate
2027 2696 2048 2740 a
2073 2693 2152 2758 pura
2226 2738 2229 2743 .

147 2760 219 2824 eius
248 2765 363 2826 contra
390 2763 441 2822 tot
469 2756 639 2822 machinas
652 2758 677 2839 ¹)
707 2757 837 2823 stetisse
864 2757 1022 2822 invictam
1050 2778 1125 2822 cum
1177 2758 1339 2842 evangelii
1361 2758 1509 2824 doctrina
1531 2757 1673 2841 prolapsi
1692 2758 1848 2824 falsorum
1867 2759 2063 2845 dogmatum
2084 2780 2152 2827 coo·

145 2843 263 2928 plausu
285 2843 433 2921 audiunt,
456 2843 533 2924 quia
550 2863 638 2908 nunc
650 2863 778 2925 quoque
789 2843 952 2908 mendacii
972 2844 1126 2909 tenebras
1151 2912 1152 2925 ,
1177 2858 1299 2927 parunt·
1326 2865 1397 2909 esse
1431 2854 1576 2924 autores,
1611 2846 1813 2927 reperiemus
1841 2866 1956 2911 ornnes
1982 2846 2152 2928 superbiae

144 2929 295 2996 offimdat
316 2928 436 3003 Satan,
466 2927 631 3011 evangelii
658 2926 825 2994 doctrinae
854 2928 999 2993 infensos
1021 2928 1123 2994 reddi.
1149 2928 1153 3005 Ι
1177 2930 1291 2994 morbo
1312 2938 1479 3013 correptos
1500 2929 1626 3013 ingenii
1645 2939 1810 3004 tormenta
1828 2931 1889 2996 sibi
1910 2941 1944 2995 et
1961 2931 2035 2996 eliis
2055 2931 2152 2998 fabri·

144 3014 282 3094 Verum,
305 3015 383 3098 quia
400 3012 441 3078 ud
463 3013 552 3078 hunc
574 3013 744 3096 scopulum
767 3014 867 3080 variis
877 3012 983 3080 modis
1005 3015 1125 3098 impin·
1149 3026 1153 3061 ¹
1177 3036 1277 3081 casse.
1322 3016 1389 3081 Pro
1415 3015 1530 3080 multis
1555 3037 1659 3081 unum
1687 3014 1818 3083 Servati
1846 3017 2035 3099 exemplum
2064 3017 2152 3084 suffi-

144 3102 242 3186 gitur,
262 3100 406 3167 breviter
422 3098 594 3164 ostendam
612 3099 738 3165 nullam
756 3120 827 3165 esse
844 3099 1033 3166 offensionis
1051 3120 1124 3182 spe·
1149 3068 1153 3185 Ι
1177 3102 1289 3185 cinti)
1343 3101 1378 3166 Is
1414 3102 1503 3166 enim
1534 3101 1706 3168 lusitanice
1737 3103 1824 3168 aem
1857 3103 2008 3181 inflatus,
2048 3101 2152 3188 magis

145 3187 238 3265 ciem,
260 3187 296 3251 in
317 3206 417 3268 qnam
439 3206 504 3249 non
526 3192 643 3268 sponte
654 3185 708 3252 vel
727 3185 883 3264 socordia,
900 3185 955 3251 vel
966 3186 1030 3251 alio
1047 3206 1124 3269 pro·
1176 3189 1359 3252 etiamnum
1392 3186 1523 3270 propria
1556 3187 1748 3270 arrogantia
1780 3199 1935 3272 turgens,
1973 3189 2061 3256 hanc
2093 3187 2153 3255 sibi

143 3274 216 3356 prio
233 3273 316 3337 vitio
333 3272 384 3337 sin
431 3270 455 3334 li
472 3271 654 3336 incurrent
689 3269 756 3353 Qui
774 3271 968 3354 simpliciter
985 3277 1058 3351 [pag.
1072 3277 1125 3351 ce]
1176 3272 1387 3356 comparandi
1409 3272 1551 3337 nominis
1573 3273 1736 3337 rationem
1758 3274 1916 3355 optimam
1933 3294 2007 3339 esse
2029 3273 2151 3351 statuit,

144 3379 250 3422 unum
277 3357 339 3422 hoo
365 3377 384 3420 c
407 3356 563 3433 tendunt,
592 3364 696 3422 sectas
725 3378 767 3422 ex
790 3357 952 3442 evangelii
976 3357 1124 3423 doctrina
1176 3359 1204 3423 si
1226 3360 1338 3424 omnia
1358 3357 1528 3442 religionis
1550 3358 1712 3441 principia
1733 3359 1939 3424 convelleret.
1985 3355 2153 3444 Quidquid

145 3442 319 3526 pullulare,
341 3441 377 3506 hi
399 3442 519 3524 partim
540 3442 799 3525 qualemcunque
816 3451 1024 3526 praetextum
1047 3465 1122 3526 cap·
1175 3465 1253 3528 ergo
1271 3444 1311 3508 de
1334 3444 1439 3509 tribus
1461 3442 1579 3508 inDeo
1601 3445 1748 3526 personis
1771 3445 1850 3510 olim
1871 3445 1912 3510 ab
1933 3446 2006 3528 ipso
2025 3454 2152 3529 apostu-

145 3536 228 3606 tent,
250 3527 371 3610 partim
394 3527 496 3591 nimia
518 3526 652 3592 levitate
670 3528 750 3592 mali
772 3550 905 3594 causam
924 3530 959 3592 in
980 3549 1120 3614 evange·
1174 3530 1278 3595 lorum
1303 3529 1431 3595 saeculo
1453 3528 1611 3593 traditum
1631 3549 1651 3592 a
1668 3530 1824 3613 patribus,
1847 3531 2051 3597 etcontinua
2065 3538 2152 3597 aeta·

145 3612 227 3677 lium
261 3612 517 3689 transscribunt,
553 3632 637 3693 quae
670 3612 749 3676 alibi
783 3613 914 3679 residet.
966 3613 1122 3696 Quisquis
1174 3624 1245 3681 tum
1267 3616 1352 3680 serie
1374 3615 1414 3680 ab
1437 3614 1589 3680 omnibus
1611 3616 1675 3697 piis
1697 3623 1865 3699 receptum
1882 3616 1953 3693 fuit,
1976 3638 2046 3683 non
2057 3617 2152 3685 modo

146 3697 275 3781 aperire
296 3696 405 3762 oculos
428 3695 624 3780 dignabitur,
647 3699 854 3781 evangelium
866 3700 1043 3781 perspiciet
1056 3721 1121 3765 non
1174 3710 1330 3784 tanquam
1353 3701 1515 3766 insulsum
1538 3700 1702 3782 repudiet.
1732 3701 1789 3765 sed
1812 3702 1885 3785 plus
1912 3725 2012 3784 quam
2034 3705 2152 3772 atroci·

144 3780 243 3848 modo
264 3803 381 3865 puram
409 3800 447 3845 ac
475 3781 635 3863 liquidam
663 3803 735 3847 essa
759 3783 820 3848 Dei
847 3785 1036 3861 veritatem,
1065 3783 1122 3849 sed
1147 3824 1150 3911 ,
1175 3787 1235 3852 bus
1264 3788 1418 3852 conviciis
1445 3787 1592 3869 exagitet
1620 3808 1657 3852 ac
1690 3788 1880 3868 proscindit.
1930 3789 2004 3854 Iam
2038 3793 2153 3856 canina

144 3869 305 3952 optimum
328 3876 460 3933 sanctae
482 3867 621 3931 unitatis
642 3867 822 3933 vinculum.
854 3870 950 3935 Nunc
971 3871 998 3935 si
1010 3882 1123 3934 contra
1147 3924 1150 3985 ἱ
1174 3871 1233 3935 illa
1261 3870 1433 3937 mordendi
1465 3871 1676 3954 latrandique
1706 3872 1828 3945 rabies,
1863 3895 1963 3956 quam
1989 3876 2153 3943 ebulliunt

144 3954 289 4038 insurgit
310 3951 424 4030 Satan,
448 3958 485 4016 ut
506 3951 593 4016 hanc
614 3952 723 4018 lucem
744 3974 893 4019 errorum
916 3953 1044 4019 nebulis
1066 3954 1121 4019 ob·
1146 3988 1150 4045 ,
1174 3978 1288 4022 omnes
1310 3959 1507 4039 scriptorum
1529 3957 1599 4021 cius
1622 3957 1771 4040 paginae,
1795 3961 1875 4024 satis
1897 3970 2050 4037 testetur,
2073 3983 2152 4045 qua-

145 4050 265 4115 scuret,
288 4061 325 4105 ec
349 4039 512 4103 unitatem
534 4037 664 4115 laceret,
687 4040 723 4102 in
745 4061 842 4122 quam
857 4040 1044 4105 coalescunt
1061 4040 1120 4105 filii
1146 4048 1149 4115 Ι
1173 4042 1214 4108 lis
1237 4042 1405 4108 hominem
1428 4043 1562 4125 spiritus
1584 4043 1727 4126 instiget.
1774 4045 1827 4108 Ad
1850 4068 1920 4110 rom
1942 4050 2074 4113 verosi
2098 4068 2152 4116 ve·

144 4124 224 4204 Dei,
257 4125 399 4189 officium
427 4123 485 4187 ille
507 4144 604 4187 suum
637 4124 723 4189 facit.
768 4126 831 4190 Est
858 4126 946 4190 enim
975 4142 1006 4190 ct
1029 4148 1121 4191 men·
1174 4128 1256 4205 nias,
1285 4128 1372 4193 clare
1394 4128 1587 4211 perspicies,
1617 4129 1727 4192 ieiuna
1748 4129 1856 4193 inanis
1879 4132 2002 4214 gloriae
2023 4133 2080 4198 siti
2101 4154 2152 4201 ac·

143 4208 229 4275 dacii
250 4218 353 4293 pater,
377 4218 410 4274 et
432 4206 641 4274 dissidiorum
663 4210 811 4274 omnium
832 4222 928 4276 autor
950 4222 1046 4294 atque
1069 4233 1120 4276 ar·
1174 4235 1308 4279 ceusurn
1337 4213 1572 4279 absurdissima
1599 4235 1745 4297 quaeque
1768 4214 1883 4280 deliria
1915 4217 2035 4299 cupide
2068 4216 2151 4284 hau·

144 4296 235 4361 tifex.
269 4297 427 4361 Nostrum
450 4314 529 4378 ergo
553 4304 623 4358 erat
644 4316 682 4360 eo
700 4296 860 4361 intentius
882 4297 917 4361 in
936 4296 1121 4380 quaerenda
1174 4300 1263 4375 sisse,
1299 4300 1416 4382 quibus
1449 4319 1484 4364 se
1515 4298 1702 4364 inebriaret.
1759 4297 1953 4366 Sermonem
1986 4301 2054 4368 Dei
2087 4326 2153 4370 non

144 4384 284 4448 veritate
316 4381 479 4458 laborare,
513 4381 684 4445 inventam
718 4383 921 4448 consuetius
956 4383 1119 4466 amplecti.
1173 4387 1263 4467 prius
1289 4385 1390 4450 fuisse
1418 4386 1635 4468 imaginatur,
1666 4406 1764 4468 quem
1794 4385 1873 4450 dum
1895 4387 2019 4454 Moiscs
2041 4388 2152 4455 Deum

144 4465 221 4530 Non
247 4467 343 4531 modo
368 4466 536 4531 abstinent
557 4466 614 4529 isti
635 4465 676 4530 ab
705 4467 794 4531 omni
822 4467 981 4533 eiusmodi
1004 4468 1120 4548 studio,
1172 4475 1206 4535 in
1230 4471 1344 4535 mundi
1367 4471 1531 4536 creatione
1553 4469 1740 4553 loquentem
1763 4470 1898 4537 inducit.
1945 4471 2052 4554 Quasi
2074 4495 2152 4542 vero

146 4572 184 4616 ac
205 4553 387 4636 refugiunt:
417 4551 475 4616 sed
504 4552 593 4617 hunc
622 4551 820 4617 defensionis
848 4552 1000 4637 clypeum
1021 4575 1121 4637 oppo-
1172 4564 1251 4622 tuuc
1273 4556 1406 4626 demum
1435 4578 1505 4622 esse
1533 4556 1690 4638 coeperit,
1719 4577 1822 4640 quum
1850 4560 1999 4624 exseruit
2027 4570 2152 4627 tantam

145 4645 233 4701 nunt
254 4637 340 4714 Deo,
369 4658 410 4701 ne
432 4635 564 4701 obedire
587 4637 658 4702 eius
676 4638 816 4721 imperio
838 4648 1006 4722 cogantur.
1053 4639 1121 4704 Alii

146 4723 278 4786 tametsi
291 4720 477 4804 dataopera
498 4743 565 4786 non
586 4734 748 4805 quaerunt
767 4724 927 4806 quomodo
949 4724 1122 4808 repudient
1243 4743 1272 4803 1)
1293 4742 1365 4797 aad.
1383 4744 1450 4798 meis
1468 4745 1484 4797 e
1502 4742 1538 4796 fin
1557 4741 1621 4812 qu’il
1637 4760 1707 4799 nous
1725 4759 1758 4798 en
1777 4744 1837 4799 tace
1854 4746 2032 4816 participans.

147 4826 262 4872 sanam
284 4806 475 4885 doctrinam,
497 4828 600 4889 quum
622 4816 736 4873 tamen
752 4808 820 4875 levi
842 4811 1019 4876 occasionis
1041 4833 1122 4876 aura
1242 4809 1273 4879 2)
1291 4811 1364 4865 Aca
1382 4827 1428 4866 car
1442 4812 1532 4879 quand
1549 4829 1618 4866 nous
1636 4813 1823 4868 cheminercns
1842 4814 1919 4868 selon
1936 4815 2001 4884 qu’il
2019 4834 2090 4876 nous
2107 4835 2150 4875 cn-

147 4891 264 4976 perciti
289 4890 456 4970 resiliunt,
491 4892 575 4957 nihil
603 4893 725 4960 hebent
758 4896 865 4962 iustae
892 4897 1121 4963 excusationis.
1176 4879 1275 5009 59ῗῦξί
1292 4896 1362 5001 {lm
1376 4896 1476 5004 3Υοξέ
1472 4880 1558 5002 ἐξ
1567 4880 1903 5004 ἓξῦαᾶᾚῗθῖοὲξζΐᾞί
1903 4950 2007 5006 culs
2141 4955 2148 4967 .

1178 4966 1376 5070 contrataityle
1408 5016 1529 5071 medecin
1562 5034 1592 5071 se
1608 4965 1755 5072 prtcirrrflimant
1786 4967 1953 5074 vilieneuvei
2001 4962 2149 5091 Cedvedoilid

217 5077 247 5142 1)
266 5079 289 5132 si
306 5093 387 5146 pens
405 5079 508 5133 heurts.
1177 5085 1300 5153 glorieux
1319 5091 1410 5140 estant
1427 5085 1504 5141 desis
1521 5085 1592 5141 enfle
1610 5086 1643 5141 de
1662 5086 1829 5155 l‘arrogance
1847 5087 1881 5142 de
1899 5088 2034 5159 Portngal
2052 5099 2098 5146 etc.
