4620 5894
255 1427 519 1527 PAULUS
549 1431 642 1528 ΙΙΙ.
669 1431 860 1528 ΡΟΝΤ.
887 1430 1051 1527 ΜΑΧ.
1080 1430 1351 1531 CAROLO
1381 1434 1439 1532 V.
1466 1433 1906 1531 IMPERATORI.

231 1652 305 1727 [pag.
324 1652 358 1727 c]
382 1645 554 1715 Oariccim
571 1650 637 1732 dii,
663 1651 797 1716 satutem
818 1655 846 1716 et
867 1650 1069 1732 apostoticam
1090 1649 1336 1717 benedictionem.
1379 1651 1435 1716 Ea
1456 1652 1553 1719 edicto
1575 1650 1761 1717 Maiestatis
1781 1656 1852 1718 nco
1872 1658 1942 1720 acta
1963 1674 2090 1723 concae·

72 1739 126 1799 tac
145 1734 196 1799 tui
220 1732 384 1814 waceio
405 1736 610 1817 mpnooc'mna
631 1735 669 1801 de
690 1736 803 1818 padua
823 1755 921 1817 panca
941 1740 1082 1801 nostram
1103 1737 1286 1802 senentiam
1313 1737 1520 1804 dieanendare
1544 1744 1698 1820 paternus
1721 1743 1825 1802 noane
1845 1759 1920 1824 erpa
1950 1746 1979 1806 te
2000 1763 2091 1809 amor

71 1839 134 1885 non
159 1819 302 1901 patae,
331 1824 400 1884 tnnc
422 1841 493 1886 ocra
520 1821 618 1903 officit
645 1827 674 1887 et
699 1822 841 1887 namacio
861 1843 883 1886 a
904 1819 973 1886 Deo
1002 1821 1092 1886 notis
1115 1840 1177 1901 per
1200 1820 1361 1889 Mam
1386 1823 1591 1889 commendati
1621 1823 1705 1888 ratio
1732 1824 1768 1888 in
1792 1842 1870 1889 enea
1897 1827 2091 1894 nnioeraainc

71 1903 244 1982 Ecclesiae,
266 1909 302 1969 nt
322 1905 441 1986 apertis
461 1905 563 1971 vatic
584 1912 612 1971 te
632 1907 865 1989 admmeamnc,
886 1906 1048 1987 canpeilit.
1093 1906 1225 1990 (1)Nec
1245 1928 1315 1973 ocra
1329 1927 1452 1989 paenam
1472 1927 1529 1973 noa
1549 1908 1592 1974 ad
1608 1907 1663 1975 icoc
1683 1913 1781 1974 movet
1799 1930 1895 1992 praa
1915 1913 2093 1979 caecitatis

73 1989 202 2056 dicim
228 1991 264 2054 in
286 1989 363 2055 Heli
386 1990 572 2058 sacerdotem
600 1993 789 2073 eeanptnm,
816 1993 852 2056 in
873 2011 963 2073 wan
989 1991 1102 2057 liberos
1132 1997 1204 2071 [pag.
1224 1998 1254 2070 7]
1281 1992 1496 2078 indntpentine
1521 1999 1716 2075 tractantem,
1743 1999 1772 2059 et
1792 1994 1836 2059 od
1855 2015 1964 2062 nram
1985 2002 2093 2065 mata

75 2077 294 2156 minentem,
317 2080 417 2141 eadat
437 2096 546 2143 severa
568 2077 627 2143 iila
648 2076 713 2143 Dei
734 2079 770 2143 in
791 2077 865 2143 haee
881 2077 976 2143 cerba
998 2078 1166 2143 cententio.-
1192 2077 1276 2159 Quia
1293 2078 1427 2161 indipna
1448 2084 1574 2145 nocant
1596 2100 1688 2163 opere
1706 2078 1792 2160 filice
1813 2099 1902 2160 eneas,
1924 2101 1979 2147 nec
1998 2083 2095 2149 corni·

65 2162 144 2243 pon
160 2181 221 2241 eae,
243 2161 369 2240 ideirca
391 2161 496 2244 inquit
515 2162 623 2243 Deae,
650 2183 713 2231 non
734 2165 878 2244 ceptam
906 2162 1066 2245 inanitas
1091 2164 1203 2229 mnne
1231 2164 1302 2229 eina
1330 2165 1468 2230 ominis
1495 2169 1522 2229 et
1548 2163 1734 2230 maneribus
1753 2184 1851 2247 aspie
1869 2165 1905 2231 in
1926 2172 2094 2235 adamant

72 2245 163 2316 Haec
184 2245 386 2329 pnidemDni
407 2249 558 2314 cedentia
573 2248 646 2331 fnit,
668 2269 763 2331 paam
784 2249 892 2314 statim
913 2249 1082 2315 liberorum
1098 2250 1251 2331 primam,
1277 2248 1390 2315 danda
1411 2250 1518 2330 ipsine
1531 2249 1607 2315 Hei
1628 2251 1790 2333 repentina
1811 2255 1841 2315 et
1860 2252 1994 2319 notan
2009 2273 2096 2321 enac

521 2501 731 2571 SOHOLIA
752 2504 804 2570 IN
825 2502 1099 2571 EPIS'POLAM
1120 2505 1267 2572 PAULI
1288 2504 1353 2570 III.
1376 2503 1509 2572 ΡΟΝΤ.
1532 2503 1646 2569 ΜΑΧ.

159 2678 305 2754 [μω]
329 2675 361 2757 1)
374 2672 413 2740 si
428 2672 511 2739 illud
521 2672 688 2741 vindictae
699 2674 764 2740 Dei
776 2675 966 2759 exemplum
976 2673 1054 2742 hor·
1106 2674 1349 2759 indulgentiam
1370 2681 1536 2742 correctus
1559 2673 1722 2754 liritHeli,
1746 2674 1972 2758 tuneimpune
1992 2677 2089 2760 feres,

73 2768 126 2826 ret
158 2759 387 2826 sanctissimus
421 2766 530 2843 pater,
566 2759 689 2825 mirum
717 2780 777 2826 cur
808 2768 979 2845 tantopere
1014 2759 1054 2826 de
1107 2758 1194 2845 quod
1216 2760 1258 2827 ad
1281 2768 1350 2827 tam
1371 2759 1538 2827 horrenda
1559 2759 1705 2824 filiorum
1728 2766 1860 2826 tuorum
1877 2762 2003 2846 flagitia
2024 2785 2092 2830 nou

74 2846 136 2913 hcc
176 2865 245 2911 unc
281 2844 433 2911 Caesaris
468 2844 585 2912 delicto
621 2845 782 2912 sollicitus
821 2846 865 2930 (si
898 2845 1054 2914 delictum
1107 2847 1403 2914 solumconnivcas
1426 2845 1556 2925 tacitus,
1581 2844 1639 2911 aed
1656 2866 1793 2912 manum
1810 2846 1876 2912 illis
1898 2847 2094 2915 auxiliarem

74 2932 240 2998 naminari
261 2930 381 3013 debet),
411 2939 480 2995 tam
504 2950 638 2997 securus
660 2933 697 2995 in
719 2931 793 2997 aliis
810 2931 955 2997 filiorum
978 2953 1053 2998 suo·
1088 2931 1287 3016 praebeas?
1311 2952 1331 2997 a
1355 2933 1473 3016 probes
1486 2936 1574 2998 certe
1595 2930 1717 3015 palam,
1740 2937 1774 2996 et
1789 2952 1914 3016 magna
1935 2954 1977 2999 ex
2021 2942 2093 3002 arte

74 3038 147 3082 rum
167 3017 309 3082 infinitis
328 3016 485 3100 nequitiis
506 3022 645 3099 torpeat.
680 3016 780 3083 Ultus
801 3024 852 3084 est
865 3018 958 3083 Deus
979 3039 1052 3103 seg·
1106 3039 1175 3083 non
1197 3016 1311 3084 dissim
1348 3040 1393 3098 es,
1416 3025 1449 3083 ta
1470 3023 1585 3083 autore
1626 3016 1809 3100 erpetrari?
1843 3017 1920 3082 Nou
1944 3025 1976 3084 te
2025 3019 2091 3103 ’c⁸)

74 3103 189 3168 uitiem
210 3101 291 3167 Heli
314 3100 499 3180 sacerdotis,
523 3101 611 3184 qnod
627 3101 713 3168 filice
734 3123 802 3168 uon
824 3103 1050 3188 castigaverat.
1105 3104 1169 3169 Dei
1185 3103 1344 3170 indicium
1362 3101 1540 3170 sollicitat?
1563 3037 1676 3168 nultus
1692 3109 1802 3168 metus
1819 3103 1969 3168 animum
1990 3108 2088 3172 tuum

74 3186 177 3253 Filios
217 3186 391 3254 christiani
423 3189 564 3271 pastoria
602 3187 696 3252 iubet
727 3189 895 3271 apostolus
927 3189 1052 3256 Paulus
1104 3188 1273 3272 percellit?
1320 3187 1388 3255 Sed
1412 3188 1453 3254 de
1475 3185 1681 3253 naturalibus
1707 3186 1784 3252 filiis
1806 3187 1873 3252 iam
1901 3188 1976 3272 plus
1996 3191 2086 3257 satis.
2124 3239 2131 3248 .

76 3294 144 3338 esse
162 3275 249 3340 bene
269 3280 422 3352 moratos,
443 3274 527 3339 benc
545 3271 698 3340 educatos
716 3274 750 3338 iu
772 3275 889 3340 timore
905 3274 1050 3340 Domini.
1103 3274 1213 3340 Iaetas
1241 3281 1273 3339 te
1297 3273 1564 3340 Christianarum
1590 3272 1739 3337 omnium
1768 3293 1839 3339 esse
1860 3282 1998 3356 patrem.
2043 3275 2086 3342 In

76 3358 200 3424 Filium
221 3358 323 3424 habet
343 3357 469 3424 Paulus
490 3366 604 3425 noster
625 3359 820 3440 Femesim,
835 3359 860 3444 ¹)
888 3367 922 3424 et
950 3380 992 3424 cx
1014 3381 1052 3426 ec
1102 3359 1351 3443 tamdeplorata
1371 3358 1487 3424 mundi
1504 3356 1720 3441 corruptione,
1743 3359 1815 3442 quis
1838 3358 1980 3510 amplius
2002 3361 2083 3428 taci-

77 3452 223 3530 ncpotes,
252 3451 382 3528 praeter
403 3445 546 3527 spurios,
576 3444 633 3527 qui
660 3443 767 3512 adhuc
789 3444 952 3511 silicernio
974 3444 1052 3511 huic
1103 3445 1256 3510 turnitati
1278 3452 1329 3510 est
1344 3443 1459 3511 locus?
1493 3441 1580 3510 Silas
1597 3449 1719 3523 tamen,
1742 3450 1776 3510 et
1795 3465 1879 3509 mun
1901 3465 1960 3511 um
1979 3446 2087 3515 sciens

78 3537 109 3595 et
128 3529 345 3614 semiputrido
367 3529 517 3597 cadaveri
539 3537 728 3597 naseuntur.
775 3529 893 3612 Qualis
915 3536 965 3596 est
986 3531 1051 3596 Pe·
1104 3551 1142 3597 ac
1164 3529 1280 3597 videns
1302 3531 1338 3595 in
1357 3530 1495 3596 exitium
1517 3550 1613 3595 ruere
1631 3550 1708 3595 cum
1729 3529 1859 3597 silentio
1876 3532 2009 3614 pateris.
2047 3532 2086 3600 si

78 3624 144 3682 trus
166 3614 333 3702 Loysius?
361 3614 553 3699 dicamque
575 3615 661 3680 nihil
682 3622 790 3699 potest
807 3614 871 3683 dici
899 3617 1051 3697 atrocius,
1102 3616 1183 3681 Heli
1204 3637 1272 3682 uon
1292 3616 1440 3700 pepercit
1460 3616 1567 3696 Deus,
1594 3615 1692 3699 quale
1712 3615 1772 3681 tibi
1796 3616 1993 3700 supplicium
2020 3619 2083 3684 im·

79 3709 109 3765 ct
128 3710 241 3768 tamen
263 3710 314 3767 est
329 3702 546 3767 verissimum.
580 3701 761 3785 Nunquam
783 3701 848 3767 tale
864 3708 1052 3768 monstrum
1102 3703 1229 3768 minere
1264 3701 1410 3787 cogitas?
1455 3702 1596 3785 Propius
1637 3702 1820 3767 etiamnum
1859 3710 1891 3768 te
1931 3725 2042 3788 urgeo.
2052 3707 2082 3790 ⁴)

79 3785 234 3854 hatenus
260 3787 387 3871 peperit
407 3787 514 3853 Italia.
559 3787 664 3853 Paule
691 3787 770 3871 quid
791 3787 921 3855 cessas?
949 3809 1052 3872 quum
1103 3786 1220 3870 Qualis
1236 3795 1286 3855 est
1307 3787 1394 3854 sedis
1410 3794 1486 3853 tuae
1508 3793 1614 3854 status
1630 3807 1713 3871 quae
1735 3788 1797 3854 tibi
1817 3787 1924 3855 instar
1939 3788 2084 3856 familiae

79 3873 293 3940 exsecrandae
314 3871 376 3937 filii
396 3873 448 3937 tui
468 3872 621 3939 libidines
642 3874 677 3938 in
692 3873 818 3939 coelum
835 3872 1051 3954 ascenderint,
1104 3895 1175 3941 esse
1207 3873 1326 3941 debat?
1371 3872 1460 3955 Quid
1493 3879 1598 3958 agunt
1638 3874 1687 3938 tui
1717 3872 1852 3940 vicarii?
1897 3872 2013 3956 Qualis
2045 3876 2083 3940 in

79 3978 174 4041 quum
196 3959 319 4025 foetore
341 3958 440 4024 simul
461 3979 499 4024 ae
520 3958 677 4024 foeditate
698 3960 846 4043 ipsarum
861 3960 988 4044 polluta
1009 3961 1052 4026 sit
1102 3961 1194 4027 curia
1216 3967 1274 4026 tua
1295 3960 1472 4046 negotiatio
1494 3958 1688 4025 exercetur?
1733 3958 1884 4040 Qualiter
1906 3980 1941 4025 se
1975 3959 2082 4027 clerus

79 4051 176 4124 terra,
216 4065 323 4195 guum
355 4050 445 4109 totus
477 4043 622 4111 mundus
652 4044 863 4112 vociferetur:
903 4045 1052 4112 noudum
1103 4053 1181 4112 tuus
1210 4045 1317 4131 gerit?
1362 4044 1472 4128 Quam
1506 4045 1589 4110 mihi
1617 4041 1796 4111 Sodomam
1828 4044 1985 4128 reperies,
2024 4045 2083 4111 ubi

80 4150 215 4196 exsereu
238 4130 317 4215 ee2)
345 4130 532 4197 attentatis
559 4137 690 4215 tempus
712 4151 783 4197 asse
805 4131 924 4214 putas?
961 4130 1052 4213 Quid
1103 4133 1209 4198 maior
1225 4152 1371 4215 unquam
1395 4130 1497 4197 fuerit
1521 4129 1685 4196 malcrum
1707 4130 1853 4196 omnium
1880 4128 2082 4213 impunitas?

79 4212 114 4280 de
134 4218 206 4282 cius
227 4213 389 4281 avaritia?
417 4214 496 4299 quid
519 4214 559 4281 dc
581 4216 781 4299 rapacitate?
810 4215 889 4300 quid
918 4215 958 4282 de
980 4237 1051 4282 sac-
1102 4217 1210 4302 magis
1231 4216 1360 4302 perdita
1369 4213 1595 4300 impudentia?
1619 4215 1754 4282 licentia
1774 4215 1881 4300 magis
1904 4215 2080 4283 effraenis?

80 4301 152 4368 vitia
179 4299 309 4368 dicam?
356 4307 429 4380 [pag.
451 4307 505 4381 44]
529 4302 675 4367 Tametsi
699 4301 734 4366 in
756 4301 809 4367 his
831 4303 983 4369 omuibus
1004 4303 1052 4367 ita
1101 4303 1148 4367 Et
1169 4323 1267 4382 nunc,
1288 4302 1425 4386 perinde
1442 4323 1480 4369 ac
1497 4303 1526 4366 si
1542 4301 1627 4368 nihil
1645 4307 1732 4369 asset
1748 4298 1934 4383 domiqucd
1954 4320 2079 4386 ageres,

79 4385 133 4451 reli
153 4408 215 4454 uos
236 4388 458 4470 superaverit,
481 4393 521 4452 ut
542 4395 577 4452 te
599 4408 666 4453 uno
688 4408 819 4471 semper
841 4387 884 4453 sit
904 4388 1048 4453 inferior.
1102 4389 1209 4467 times,
1231 4409 1275 4454 ne
1296 4389 1336 4455 cb
1360 4408 1461 4454 unam
1477 4387 1564 4453 hano
1584 4392 1658 4467 [pag.
1682 4390 1735 4466 45]
1756 4385 1886 4468 culpam
1907 4386 2081 4454 immineat

80 4408 161 4551 Qud
183 4471 224 4538 dc
245 4472 419 4556 nepotibus
447 4473 528 4552 tuis,
556 4473 633 4556 quid
656 4472 697 4539 de
718 4480 788 4539 tota
816 4473 941 4540 tamdia
963 4473 1051 4540 orbis
1101 4474 1152 4539 ira
1174 4474 1236 4540 Dei
1258 4480 1317 4540 tuo
1339 4475 1453 4558 capiti,
1476 4474 1504 4538 si
1526 4469 1948 4548 concediPrctcstantibus
1965 4493 2081 4572 pacem

81 4576 147 4622 carn
181 4559 288 4625 multa
314 4557 539 4644 indignatione
569 4557 695 4625 dudum
730 4557 897 4644 loquitur?
942 4557 981 4626 Si
1009 4559 1050 4626 ob
1102 4565 1136 4626 et
1156 4560 1240 4626 iuris
1258 4561 1457 4645 aequitatem
1474 4558 1594 4625 tacitus
1610 4558 1710 4637 sinas,
1731 4556 1837 4640 quoad
1861 4555 1901 4623 de
1920 4557 2081 4644 rehgicne

224 4880 255 5016 ἐξ
274 4881 655 5020 maagzecfflzeeet
675 4883 788 4939 dadas:
803 4885 957 4954 Freueaiua
974 4901 1044 4955 anae
1061 4886 1137 4942 lectio
1154 4883 1234 4953 inira
1247 4884 1356 4953 possin
1373 4883 1404 4936 in
1421 4884 1485 4950 epea
1500 4882 1629 4950 principe
1645 4883 1773 4936 occurrit.

225 5018 256 5086 3)
275 5019 323 5074 Sic
339 5021 483 5076 sattim
499 5037 560 5076 cam
580 5020 706 5077 Odiaaio
724 5027 749 5077 et
766 5022 889 5078 cannis.
924 5022 1060 5092 Princeps
1077 5023 1169 5078 amet:
1185 5023 1235 5077 his.

225 5088 257 5153 4)
276 5086 324 5144 dic
340 5090 451 5143 omnino
466 5089 615 5160 Inpendam,
632 5107 702 5146 non:
720 5098 807 5160 urget,
824 5090 898 5161 poca
914 5091 1019 5147 actitat
1036 5092 1078 5147 ed.
1092 5093 1230 5160 prinoepc.

181 5170 390 5245 Gabiniam
430 5172 490 5231 Vct.
514 5174 584 5229 Vll.
