4620 5894
146 257 186 319 15
711 194 1255 315 mmcuuranouurlms
1278 246 1585 317 rnammusrs.
2117 250 2158 315 rs

142 450 195 509 est
216 461 333 525 panem
357 439 425 504 illio
445 438 600 522 proponi,
628 439 683 520 qui
705 437 777 502 eius
799 437 848 503 rei
870 436 1049 520 imaginem
1072 434 1128 499 de·
1181 458 1247 520 qua
1281 437 1520 522 significatione
1551 436 1628 502 vide
1656 437 1870 502 Maorobium.
1917 436 2015 517 Quod
2046 443 2161 502 autem

143 534 313 604 monstret,
338 525 423 592 sicut
450 524 536 590 idom
559 524 685 588 Paulus
714 521 875 606 loquitur:
903 523 1007 587 Panis
1050 541 1129 584 uem
1181 522 1367 587 Lutherani
1390 521 1541 587 derident
1561 523 1660 586 istam
1682 523 1914 588 subtilitatem:
1943 523 2020 604 quia
2042 520 2160 586 Chris-

142 613 336 698 hangimus,
358 611 610 677 communicatio
627 617 679 674 est
696 608 842 690 corporis
860 607 995 673 Christi.
1029 542 1129 686 Cuod
1181 613 1235 672 tus
1255 604 1451 688 loquebatur
1472 628 1547 671 oum
1570 607 1724 689 apostolis
1742 608 1858 692 lingua
1879 608 2007 691 syriaca
2028 605 2083 674 vel
2100 607 2161 671 he-

144 701 171 765 si
195 705 324 763 tantum
346 697 455 761 inanis
477 696 601 778 speeies
622 695 717 776 panis
736 693 804 758 illic
827 699 983 776 appareat
1005 700 1040 756 et
1061 711 1127 754 non
1181 692 1292 757 braica
1318 691 1466 776 vulgari,
1494 699 1528 755 et
1550 693 1772 776 evangelistae
1797 713 1914 778 graece
1937 694 2158 775 seripserunt:

143 784 336 861 substantia,
354 783 442 865 perit
458 783 510 847 vis
529 790 561 844 et
579 780 722 845 efficacia
739 778 945 844 sacramenti.
980 777 1020 841 In
1040 777 1128 842 huno
1181 777 1306 842 adhoc
1333 776 1509 859 responde,
1535 774 1622 861 quod
1650 779 1831 843 eommunis
1853 777 2028 844 translatio
2055 777 2162 843 latina

143 891 272 955 quoque
304 867 438 933 modum
470 866 598 949 loquuti
626 873 706 929 sunt
733 886 846 929 omnes
875 864 979 929 saneti
1006 870 1126 945 patres.
1180 864 1429 947 praeponderat.
1444 865 1469 947 ¹)
1497 864 1671 928 Dtnotum
1684 863 1833 947 estquod
1845 884 1962 928 sensus
1975 865 2160 947 scripturae

144 957 318 1022 henaeus:
337 953 363 1038 ¹)
393 951 679 1035 Quemadmodum
706 951 762 1033 qui
790 958 840 1014 est
870 958 1000 1014 eterra
1021 948 1127 1032 paula,
1180 951 1248 1033 peti
1271 950 1368 1015 debet
1395 971 1436 1015 ex
1465 949 1621 1015 ecclesiae
1643 946 1925 1014 determinatione.
1971 948 2024 1014 De
2046 949 2161 1015 valore

143 1043 328 1127 percipiens
355 1039 561 1105 vocationem
583 1036 736 1114 Domini,
763 1057 830 1100 non
856 1037 923 1099 iam
945 1035 1128 1100 communis
1181 1042 1291 1101 antem
1313 1034 1464 1102 sacrificii
1489 1056 1549 1118 pro
1568 1035 1655 1101 vivis
1677 1043 1711 1100 et
1737 1036 1890 1114 mortuis,
1917 1035 2078 1102 habemus
2101 1057 2160 1120 ap·

143 1130 239 1212 panis
261 1134 319 1204 est,
341 1123 399 1190 sed
421 1123 621 1189 eucharistia
642 1145 683 1188 ex
706 1122 832 1187 duabus
848 1122 946 1188 rebus
964 1127 1128 1199 constans,
1180 1123 1406 1204 probationem
1435 1123 1476 1186 ab
1500 1122 1713 1204 experientia
1757 1122 1845 1187 Nam
1868 1121 1991 1187 multae
2018 1122 2162 1188 visiones

144 1221 278 1279 terrena
306 1219 339 1277 et
361 1210 503 1276 coelesti.
548 1209 595 1273 Et
622 1229 727 1274 canon
761 1208 907 1272 Nioenas
935 1205 1053 1291 synodi
1083 1206 1128 1270 sio
1180 1208 1284 1272 factm
1307 1215 1387 1273 sunt
1408 1205 1603 1290 quibusdam
1631 1209 1755 1274 sanctis
1776 1205 1946 1273 monachis
1969 1207 2161 1273 dormienti-

146 1299 261 1372 habet:
289 1298 340 1362 Ne
368 1295 538 1360 humiliter
569 1295 688 1359 intenti
722 1295 826 1358 simus
852 1291 894 1357 ad
926 1293 1128 1375 propositum
1180 1292 1259 1372 bus,
1283 1293 1370 1377 quod
1398 1295 1526 1359 animae
1553 1313 1612 1376 per
1638 1294 1756 1360 missas
1782 1292 1940 1358 liberatae
1965 1294 2098 1359 fuerant
2120 1293 2165 1359 de

144 1406 266 1468 panem
289 1390 323 1448 et
342 1381 512 1466 poculum:
536 1380 592 1446 sed
614 1381 742 1446 elevata
763 1387 874 1444 mente
896 1378 960 1443 fide
980 1377 1128 1443 conside·
1180 1381 1378 1463 purgatorio.
1424 1381 1496 1445 Imo
1531 1387 1665 1445 sanctus
1693 1380 1876 1464 Gregorius
1904 1379 2049 1445 animam
2076 1379 2161 1445 'lha-

145 1492 256 1536 remus
283 1470 320 1533 in
349 1475 462 1533 sancta
488 1466 546 1530 illa
573 1487 687 1532 mensa
713 1486 836 1550 agnum
863 1463 937 1529 Dei
987 1462 1128 1547 Cypria-
1180 1466 1248 1530 iani
1271 1465 1410 1531 redemit
1432 1486 1473 1530 ex
1490 1466 1668 1550 infem0.²)

144 1577 224 1622 nus:
238 1554 267 1639 ²)
291 1552 434 1635 Quando
456 1553 618 1618 Dominus
641 1573 758 1635 corpus
776 1573 874 1618 suum
894 1570 1014 1634 panem
1032 1558 1129 1615 vocat

145 1643 187 1708 de
208 1641 389 1705 multorum
417 1659 596 1724 granorum
618 1638 818 1703 adunatione
840 1644 1047 1721 congestum,
1070 1657 1128 1718 po-
1557 1618 1784 1675 ANTIDOTUM.

144 1727 262 1812 pulum
284 1733 433 1791 nostrum
456 1746 553 1808 quem
574 1732 693 1808 portat,
716 1722 841 1790 indicat
862 1721 1053 1789 adunatum.
1082 1721 1129 1786 Flt
1267 1723 1437 1788 Institutio
1460 1721 1588 1788 Christi
1616 1723 1663 1789 sic
1683 1723 1796 1788 habet:
1828 1724 1978 1807 Accipite
2006 1731 2040 1787 et
2066 1744 2164 1789 man-

145 1812 277 1898 quando
304 1811 500 1896 sanguinem
521 1832 618 1875 sunm
640 1812 756 1876 vinum
783 1809 940 1893 appellat,
963 1806 1004 1871 de
1026 1808 1129 1873 botris
1181 1807 1308 1888 ducats,
1330 1815 1526 1874 nouantem
1547 1809 1662 1874 offerte
1684 1809 1819 1892 (Matth.
1840 1814 1890 1889 26,
1911 1814 1967 1887 263
1986 1809 2089 1875 Maro.
2114 1814 2163 1891 14,

146 1906 244 1982 atque
267 1899 370 1964 acinis
397 1917 605 1979 expressum,
634 1917 768 1981 gregem
788 1897 869 1960 item
891 1902 1040 1960 nostrum
1062 1895 1128 1977 sig·
1182 1899 1239 1975 223
1263 1901 1275 1958 l
1297 1896 1371 1961 Cor.
1394 1894 1528 1979 11,2l).
1572 1895 1664 1979 Ergo
1693 1895 1890 1962 sacrificium
1911 1917 1979 1960 non
2001 1915 2044 1960 ex
2065 1895 2163 1962 insti-

145 1986 260 2050 nifioat
288 1983 521 2050 commixtione
555 1982 716 2047 adunans
748 1980 970 2047 multitudinis
997 1979 1129 2062 copula-
1181 1990 1253 2046 tuto
1276 1980 1404 2047 Christi
1425 1987 1489 2059 est,
1511 1980 1568 2046 sed
1591 1981 1699 2063 palam
1721 2003 1797 2047 cum
1819 2002 1857 2047 eo
1878 1989 2015 2065 pugnat
2057 1982 2163 2048 Prae-

46 2068 48 2073 ’
145 2077 226 2136 tum.
276 2069 333 2136 Sic
360 2069 461 2135 etiam
488 2068 722 2153 Fulgentius3)
757 2074 1001 2133 sacramentum
1033 2064 1129 2148 panis
1182 2077 1273 2134 terea
1294 2075 1425 2134 constat
1447 2088 1488 2132 ex
1517 2067 1704 2150 scripturis,
1733 2068 1796 2133 hoc
1823 2067 1989 2151 peculiare
2018 2088 2056 2133 ao
2082 2089 2160 2152 pro-

145 2164 180 2222 et
201 2155 312 2222 caliois
333 2162 510 2239 nuncupat
540 2155 701 2237 Denique,
713 2154 798 2220 sicut
812 2158 859 2218 ait
872 2153 1090 2237 Augustinus,
1099 2150 1129 2234 ⁴)
1181 2155 1290 2237 prium
1309 2153 1410 2219 fuisse
1428 2151 1555 2219 Christi
1573 2153 1726 2232 officium,
1746 2175 1781 2219 se
1799 2155 1907 2237 ipsum
1925 2154 2053 2233 offerre,
2076 2155 2164 2220 siout

146 2243 175 2307 si
198 2245 405 2308 sacramenta
422 2240 588 2324 quandam
606 2240 857 2305 similitudinem
874 2260 989 2304 earum
1006 2258 1129 2316 rerum,
1183 2239 1264 2305 dicit
1286 2240 1468 2324 apostolus,
1498 2241 1608 2323 ipsum
1630 2261 1697 2304 una
1724 2238 1885 2306 oblatione
1907 2240 1943 2303 in
1965 2246 2164 2323 perpetuum

145 2349 228 2412 quas
250 2330 403 2412 figurant,
427 2347 493 2391 non
515 2324 683 2405 haberent,
706 2326 820 2410 utique
837 2332 1042 2390 sacramenta
1063 2345 1130 2388 non
1184 2327 1403 2393 sanctificasse
1426 2347 1503 2391 suos
1526 2325 1643 2408 (Hebr.
1664 2331 1692 2405 9,
1712 2327 1778 2411 26).
1823 2326 1921 2403 ltem,
1943 2326 2045 2391 semel
2063 2347 2166 2410 appa·

147 2421 266 2480 essent.
310 2412 409 2479 Unde
439 2420 472 2478 ot
498 2433 618 2495 panem
639 2412 677 2477 in
699 2410 826 2478 Christi
847 2431 983 2495 corpore
1009 2410 1130 2475 sancti·
1184 2413 1290 2479 ruisse
1312 2434 1372 2496 per
1392 2411 1592 2478 oblationem
1614 2412 1665 2476 sui
1688 2411 1779 2497 (ibid.
1804 2417 1851 2492 10,
1874 2411 1937 2496 12).
1981 2412 2078 2492 Item,
2102 2413 2165 2480 hac

145 2500 281 2566 ficetum
310 2504 474 2564 vocarunt
505 2498 608 2582 aliqui
635 2520 677 2563 ex
708 2499 865 2580 patribus.
915 2498 993 2581 Ipsa
1020 2503 1131 2561 autem
1184 2499 1442 2564 sanctificatione
1464 2498 1609 2582 perfecta
1627 2497 1757 2563 nullam
1774 2499 1915 2582 amplius
1932 2505 2057 2564 restare
2074 2497 2166 2565 obla·

147 2585 292 2669 eorporis
320 2584 458 2650 Domini
486 2583 643 2650 exhibitio
666 2582 772 2667 qualis
793 2584 851 2663 sit,
880 2605 921 2649 ex
942 2583 1131 2668 Augustino
1183 2584 1307 2650 tionem
1330 2583 1419 2669 (ibid.
1443 2589 1490 2663 10,
1511 2583 1576 2669 26).
1621 2583 1710 2649 Nam
1738 2592 1772 2648 et
1792 2586 1827 2649 in
1853 2585 1942 2650 hune
1964 2585 2065 2649 finem
2087 2604 2167 2650 con-

147 2671 273 2737 diseero
290 2671 376 2749 licet,
395 2672 489 2736 cuius
507 2671 607 2736 verba
625 2678 716 2735 sunt:
731 2670 761 2755 ⁵)
779 2669 856 2735 Noh'
874 2668 1025 2736 dubitare
1043 2689 1131 2734 nunc
1183 2678 1330 2737 sacratus
1351 2671 1414 2736 fuit
1434 2669 1585 2736 sacerdos
1607 2669 1787 2736 secundum
1816 2670 1964 2736 ordinem
1987 2669 2167 2736 Melchise-

148 2778 220 2822 esse
242 2757 410 2822 hominem
435 2756 620 2835 Christum,
650 2755 739 2820 unde
761 2763 922 2821 venturus
944 2764 994 2821 est
1016 2754 1130 2820 eadem
1183 2756 1275 2834 deoh,
1295 2758 1366 2822 sine
1383 2777 1577 2834 successore,
1601 2756 1656 2821 vel
1678 2757 1764 2821 socio
1789 2757 1906 2833 (Hebr.
1922 2763 1951 2831 5,
1963 2760 1986 2818 6.
2008 2764 2041 2820 st
2053 2761 2081 2835 7,
2096 2755 2163 2842 21).

145 2842 269 2908 visibili
290 2844 515 2925 formantque
537 2842 731 2920 substantia,
754 2863 819 2925 qua
836 2843 928 2908 visus
948 2849 1000 2906 est
1017 2862 1130 2906 aseen-
1184 2840 1367 2909 Sacerdotii
1394 2844 1503 2927 itaque
1517 2851 1519 2855 ’
1531 2842 1655 2907 honore
1683 2842 1843 2925 spoliatur
1865 2841 2033 2922 Christus,
2061 2863 2165 2925 quum

147 2927 241 2994 dere:
271 2930 325 2995 oui
351 2929 496 3011 profecto
524 2927 807 2994 immortalitatem
838 2926 942 3008 dedit,
976 2934 1130 2992 naturam
1182 2930 1235 2994 ius
1252 2929 1365 3012 ipsum
1381 2926 1540 2994 offerendi
1558 2928 1756 2994 transfertur
1773 2928 1815 2993 ad
1833 2928 1962 3014 alios.³)
1991 2928 2166 2993 Postremo

146 3035 216 3080 non
243 3014 386 3081 abstulit
438 3013 633 3080 Cavendum
664 3020 714 3079 est
741 3014 844 3094 enim,
874 3034 917 3079 ne
939 3012 986 3080 sie
1010 3012 1129 3079 divini-
1182 3036 1280 3081 nemo
1302 3035 1463 3098 usurpare
1486 3013 1583 3081 debet
1598 3014 1687 3080 hunc
1706 3013 1873 3095 honorem,
1895 3014 1960 3079 nisi
1978 3035 1997 3079 a
2014 3014 2087 3079 Deo
2105 3034 2166 3080 vo·

148 3106 254 3167 tatem
294 3099 506 3166 adstruamus
528 3100 686 3178 hominis,
716 3107 756 3164 ut
782 3101 958 3167 veritatem
985 3099 1130 3182 corporis
1182 3110 1284 3180 catus,
1304 3109 1387 3167 teste
1404 3100 1559 3184 apostolo.
1589 3100 1695 3167 Nemo
1713 3106 1823 3166 autem
1841 3108 1974 3184 praeter
1991 3098 2166 3166 Christum

151 3187 349 3253 auferamus.
394 3186 487 3252 Haec
526 3207 564 3251 eo
598 3191 763 3271 spectant,
801 3207 869 3251 non
900 3192 940 3251 ut
975 3191 1129 3268 putemus
1181 3194 1320 3254 vocatus
1351 3186 1482 3271 legitur.
1528 3187 1676 3253 Rursum
1704 3207 1807 3270 quum
1839 3186 2013 3270 promissio
2039 3184 2081 3252 ad
2109 3206 2165 3251 eos

148 3272 248 3339 inane
277 3272 462 3358 symbolum
489 3273 583 3339 nobis
611 3272 737 3350 offerri,
766 3271 824 3336 sed
853 3278 903 3352 ut,
933 3270 1011 3337 dum
1037 3270 1129 3338 volu·
1183 3273 1269 3340 solos
1292 3272 1483 3354 destinetur,
1507 3273 1565 3356 qui
1586 3281 1790 3340 sacramento
1810 3273 2067 3340 communicant:
2098 3292 2163 3356 quo

146 3381 221 3425 mus
243 3358 415 3425 Christum
438 3358 597 3442 recipere,
626 3360 712 3425 sicut
737 3379 773 3423 re
803 3358 875 3443 ipsa
900 3357 994 3424 nobis
1023 3356 1129 3438 datur,
1182 3360 1255 3425 iure
1279 3359 1321 3425 ed
1342 3365 1490 3425 mortuos
1513 3357 1710 3443 pertinebit?

148 3465 282 3511 sursum
304 3442 402 3510 eorda
424 3445 636 3529 erigamus.⁶)
705 3525 708 3530 1

461 3664 728 3733 ARTICULUS
750 3665 812 3731 VI.
1490 3667 1758 3736 ARTICULUS
1781 3669 1860 3734 VII.

270 3793 274 3799 '
388 3790 457 3871 De
490 3789 692 3873 sacrificio
725 3791 890 3874 missae.
1274 3796 1342 3878 De
1373 3795 1665 3880 communione
1698 3796 1777 3877 sub
1808 3824 1893 3878 una
1924 3793 2075 3906 speeie.

238 3954 439 4036 Sacrificium
456 3955 574 4020 missae
592 3959 637 4019 ert
652 3976 693 4020 ex
713 3954 1052 4040 christianissime,
1075 3981 1130 4026 aa·
1272 3960 1346 4025 Non
1373 3967 1419 4027 est
1444 3962 1537 4026 laicis
1563 3962 1607 4028 ad
1630 3962 1761 4028 saltum
1788 3961 1967 4027 messario
1988 3961 2163 4028 conmmmo

149 4043 216 4110 teas
233 4062 296 4127 pro
318 4041 402 4107 civis
421 4046 450 4106 et
470 4041 611 4106 mortam
1182 4047 1240 4114 sub
1261 4052 1395 4129 uroque
1416 4048 1530 4128 speeie:
1557 4053 1693 4129 recteque
1713 4048 1806 4113 certis
1827 4067 1864 4113 cc
1882 4047 1978 4113 tacu
1999 4047 2037 4113 dc
2057 4047 2166 4113 menis
2198 4106 2203 4121 .

1183 4132 1258 4198 olim
1282 4132 1322 4199 ab
1344 4133 1471 4200 molesto
1497 4135 1653 4200 ronedum
1682 4139 1739 4214 ert,
1768 4137 1803 4198 ct
1829 4133 1899 4200 illis
1919 4133 1976 4199 aab
2003 4153 2071 4199 aaa
2092 4139 2164 4200 aa

233 4212 400 4279 Probatur
422 4213 485 4278 sio:
514 4210 603 4294 Quia
626 4211 781 4280 Christus
803 4213 895 4281 dicit:
926 4216 1000 4282 Hoo
1021 4217 1129 4284 facite.
1182 4224 1249 4284 tam
1264 4220 1367 4301 pacis
1387 4220 1487 4302 merie
1508 4221 1757 4286 communicetur.

147 4298 275 4365 Facere
302 4305 414 4364 autem
443 4305 493 4363 est
522 4299 719 4379 sacrificare,
749 4302 843 4367 iuxta
869 4301 953 4367 illud
974 4302 1129 4388 Vergilii:

147 4381 262 4466 Quum
283 4385 401 4451 faciam
423 4384 529 4451 vitula
556 4405 616 4468 pro
644 4385 795 4471 frugibus
818 4389 891 4472 ipse
913 4390 1033 4455 venito.
1078 4391 1131 4456 Do
1269 4390 1434 4458 Probatur
1456 4392 1516 4458 sio:
1537 4390 1625 4473 Quia
1646 4391 1830 4476 periculum
1849 4398 1944 4471 esset,
1967 4412 2009 4456 no
2028 4393 2165 4477 sanguis

1183 4477 1416 4545 effunderetur.
1463 4477 1559 4558 Quod
1593 4486 1704 4543 autem
1732 4478 1940 4629 interrogarpflt
1965 4477 2163 4559 Lutherani,

217 4622 632 4687 lustramentum.
728 4626 759 4693 2)
777 4627 809 4682 In
825 4628 914 4698 Epist
932 4630 967 4684 ad
984 4629 1121 4700 Magnum.
1183 4572 1297 4630 Utrum
1331 4564 1511 4647 sapientior
1537 4564 1636 4629 fuerit
1670 4563 1808 4631 megia
1834 4563 1862 4630 O
1935 4571 1969 4629 ω
1998 4562 2040 4628 ad
2067 4584 2177 4648 pm..

215 4690 247 4825 ἐξ
265 4690 658 4819 ἓυῑὲεζῗυὶᾱαῖἔὲυζιῗυω.
722 4694 1114 4767 sansanctissimae.
1184 4731 1387 4739 -——---

165 4894 173 4923 ⁸
216 4828 247 4894 6)
266 4776 349 4882 ficei
369 4831 466 4911 pollice
489 4833 530 4887 stc
551 4807 708 4892 cabum.-
732 4835 862 4916 Etaiusi
885 4843 979 4918 nostre
998 4839 1131 4894 intention
1253 4835 1402 4918 lidadcs
1418 4838 1511 4919 boba:
1534 4836 1674 4962 l’emporte
1693 4854 1795 4893 comme
1818 4846 1909 4894 estant
1930 4837 1964 4894 dc
1982 4839 2044 4907 plus
2062 4839 2166 4910 grande

146 4903 218 5020 stt
234 4898 1131 5030 ptttttlmut‘ttstultit?attolat22⁰⁰:
1185 4905 1581 5040 ‘lllll‘lrllllllllllalq
1610 4907 1721 5030 titt
1802 4978 1821 5030 a
1854 4991 1922 5031 „a
1939 4976 1964 5031 a
1984 4975 2036 5032 rr

148 5035 319 5103 complissoit
336 5037 418 5159 point
436 5052 466 5091 oe
485 5037 548 5108 qu‘il
566 5017 636 5097 noui
653 4992 818 5125 ymprometr
833 5045 903 5124 mais
928 4992 1130 5125 reponsoriis
1253 5041 1283 5110 3)
1300 4993 1643 5126 ρἀῆιύναπεᾷαωτεειιξέυ
1662 4992 1811 5100 silleidldt
1828 4992 1899 5115 peour
1914 4992 2072 5102 sitirirl'e
2083 5048 2168 5102 saofi·

146 5102 309 5228 gffifflr
347 5120 377 5161 es
411 5122 499 5162 eoours
530 5106 564 5162 de
592 5115 668 5165 toute
700 5118 877 5181 superstition
901 5119 930 5168 et
957 5120 1131 5182 magroatron
1184 5111 1509 5252 gpefaqip’edappfpotifirppu
1527 5115 1602 5170 aussi
1624 5130 1695 5183 pour
1711 5115 1736 5170 le
1759 5115 1921 5170 reconveler
1938 5131 1974 5170 ou
1991 5112 2166 5183 rutilianus
