4620 5894
144 254 208 318 611

145 460 215 505 non
237 443 309 503 toto
330 436 454 504 affectu
474 435 584 503 cordis
605 435 813 519 respexerint
834 433 877 499 ad
898 435 1035 500 unicum
1053 434 1135 500 coeli

147 532 312 592 21122222
334 523 496 606 opificem,
522 542 662 604 eumque
684 528 822 587 externa
843 519 911 587 oris
932 521 1135 587 confessione

147 609 400 679 celebraverint.
465 607 563 693 Quod
603 607 739 692 angelos
778 614 910 672 vocatos
949 607 995 672 sic
1034 606 1135 671 fuisse

146 697 258 776 iactat,
281 695 439 761 frivolum
459 700 519 760 est.
563 694 686 758 Fateor
714 691 876 775 equidem,
909 691 952 757 ad
986 712 1041 757 eos
1068 713 1135 756 non

147 803 242 850 secus
271 802 309 847 ac
335 788 486 846 terrenos
512 778 636 845 iudices
663 778 838 844 transferri
866 798 985 842 nomen
1007 776 1134 843 Eloim:

147 867 206 934 sed
227 867 275 932 112
296 872 335 932 21
356 866 427 932 2212
444 865 509 931 Ι)21
531 867 697 943 maiestas,
720 863 787 929 illis
809 864 845 927 in
867 863 1016 929 ordinem
1038 884 1135 929 suum

146 953 296 1028 redactis,
319 953 471 1017 emineat.
517 952 670 1034 Denique
704 950 766 1015 sibi
793 950 863 1032 ipse
885 948 1047 1015 Servatus
1068 956 1135 1013 ter-

147 1035 338 1124 giversandi
358 1057 477 1103 ansam
498 1035 668 1121 praecidit,
692 1035 771 1100 dum
793 1036 913 1118 pagina
932 1040 994 1098 316
1013 1033 1134 1111 scribit,

148 1124 210 1190 sub
242 1125 316 1208 lege
349 1124 456 1189 solam
488 1123 589 1188 fuisse
610 1144 710 1188 verae
740 1120 939 1185 adorationis
967 1122 1133 1186 umbram:

148 1209 242 1294 quasi
265 1209 359 1274 nulla
379 1210 416 1274 in
438 1209 561 1274 sanetis
582 1208 732 1291 patribus
754 1207 899 1289 viguerit
919 1207 1034 1289 pietas.

235 1295 422 1379 Propositio
444 1293 610 1360 XXXIII
631 1292 838 1359 luculentum
859 1291 1051 1359 Servoticae
1073 1292 1135 1355 im·

146 1380 326 1465 pudentiae
348 1381 516 1464 specimen
539 1390 597 1445 est.
641 1379 785 1444 Disertis
813 1376 924 1444 verbis
946 1379 1135 1461 scripserat,

146 1467 280 1552 piorum
313 1467 450 1549 spiritns
482 1487 584 1549 quum
620 1464 870 1531 substantialem
904 1462 1048 1529 habeant
1080 1484 1134 1527 ae·

147 1555 236 1620 terni
265 1554 402 1636 spiritus
459 1552 629 1630 ortionem,
664 1571 760 1616 suam
793 1551 1024 1615 aeternitatem
1060 1553 1135 1628 [pag.

148 1644 226 1719 212]
250 1638 382 1703 habere.
429 1573 588 1721 dequitur
608 1636 710 1720 paulo
732 1644 821 1718 post:
867 1634 980 1716 Quum
1001 1642 1136 1701 aeterna

147 1724 249 1790 fuerit
276 1723 425 1790 coelestis
448 1723 576 1803 civitas,
610 1730 763 1788 aeternos
789 1742 918 1806 quoque
953 1720 1136 1804 oportuisse

63 1820 68 1828 '
148 1810 221 1875 eius
249 1830 320 1875 esse
343 1808 441 1874 cives.
487 1809 586 1876 Nune
614 1807 837 1892 sycophantae
869 1807 989 1890 probro
1018 1829 1039 1872 a
1067 1814 1135 1870 tam

148 1901 258 1960 certae
292 1894 560 1978 reprehensionis
596 1894 669 1959 iure
707 1914 761 1957 me
802 1892 937 1976 depellit
967 1891 1136 1959 Servatus.

148 1979 246 2062 Quod
267 1981 309 2045 ad
331 1981 534 2046 creationem
563 2002 652 2046 nunc
673 1978 875 2062 restringere
896 1985 1013 2056 tentat,
1046 1979 1136 2062 puti-

148 2065 227 2132 dum
250 2076 315 2132 est:
353 2087 456 2150 quum
489 2067 525 2132 in
548 2065 676 2131 Christi
702 2065 897 2129 aeternitate
925 2065 1026 2130 fuisse
1047 2064 1135 2130 dicat

148 2153 380 2218 exsistentiam
404 2152 513 2216 illam:
545 2160 579 2217 et
602 2150 693 2216 nullo
720 2149 908 2216 discrimine
929 2150 1133 2233 interposito,

148 2238 284 2322 angelos
307 2237 348 2303 ab
369 2238 465 2303 initio
487 2239 524 2301 in
546 2237 660 2302 eadem
682 2237 748 2301 Dei
770 2236 877 2320 gloria
898 2236 1008 2316 fuisse,
1036 2236 1134 2319 paulo

147 2333 311 2408 2221222
334 2328 490 2388 contextu
512 2322 672 2388 subiiciat.

236 2407 345 2488 Quam
379 2408 478 2491 impie
507 2407 638 2472 deitatis
675 2406 892 2472 substantiam
920 2405 1070 2471 includat
1097 2405 1133 2469 in

147 2495 301 2559 omnibus
331 2493 502 2571 creaturis,
536 2493 602 2557 iam
638 2513 739 2574 supra
775 2492 996 2574 exposuimus.
1042 2490 1133 2572 Quo·

146 2575 238 2645 niam
271 2579 325 2643 hic
358 2599 451 2643 error
478 2579 697 2662 propositione
718 2577 879 2642 XXXIV
912 2577 1133 2660 reprehensus

147 2664 401 2742 anobisfuerat,
420 2663 582 2731 Servatus
599 2663 687 2728 idem
698 2684 769 2728 esse
780 2661 965 2747 respondet,
977 2663 1133 2728 sustineri

147 2757 315 2815 creaturas
327 2749 393 2815 Dei
410 2749 597 2833 praesentia
615 2757 649 2815 et
665 2749 827 2832 potentia:
846 2748 965 2814 deinde
982 2747 1133 2815 substan-

146 2834 261 2901 tialem
272 2836 430 2900 deitatem
440 2836 508 2903 illis
518 2837 636 2902 inesse.
660 2834 766 2916 Quasi
777 2854 856 2900 vero
868 2836 1027 2901 virtutem
1037 2856 1133 2900 suam

145 2943 298 2988 exserere
320 2930 463 3005 nequeat
483 2922 588 3000 Deus,
622 2921 704 3005 quin
733 2920 952 2985 substantiam
979 2941 1073 2986 suam
1096 2921 1132 2983 in

144 3008 261 3073 brutas
284 3028 413 3090 quoqne
431 3015 600 3072 creaturas
618 3027 780 3089 sensuque
797 3012 946 3072 carentes
964 3008 1132 3072 transfun-

146 3092 218 3159 dat:
247 3100 376 3158 utnon
397 3093 519 3171 minus,
542 3113 603 3159 sno
626 3092 734 3171 modo,
756 3091 841 3174 lapis
864 3092 1027 3175 quispiam
1050 3093 1132 3158 deus

145 3178 198 3256 sit,
222 3200 319 3261 quam
343 3178 500 3244 Christus
522 3179 601 3262 ipse.
647 3178 725 3242 Non
752 3179 842 3242 enim
870 3178 935 3242 alio
966 3177 1062 3245 modo
1091 3177 1131 3242 ab

143 3284 220 3330 aere
243 3265 295 3329 vel
316 3264 461 3347 plumb0,
491 3265 545 3329 vel
567 3264 640 3329 aliis
662 3263 806 3329 metallis
830 3264 1038 3343 discernitur,
1067 3263 1132 3329 nisi

143 3348 230 3432 quod
254 3349 449 3433 primarium
477 3351 514 3413 in
536 3371 572 3413 se
595 3351 742 3416 eontinet
764 3349 896 3415 deitatis
910 3354 934 3427 ¹)
952 3351 1131 3435 exemplar.

145 3436 192 3500 Et
213 3434 270 3498 illa
293 3436 419 3501 scilicet
445 3437 508 3499 fuit
529 3436 699 3517 praeclara
727 3435 798 3500 2122
827 3436 1028 3519 2221222123)
1064 3458 1130 3502 222

146 3520 253 3586 solum
276 3520 342 3584 Dei
365 3521 521 3586 deitatem
544 3521 579 3584 in
603 3521 770 3586 asseribus
778 3520 807 3604 Β)
830 3521 959 3600 calcari,
988 3521 1046 3588 sed
1067 3523 1130 3607 hy·

144 3606 302 3689 postatice
338 3605 553 3671 daemonibus
589 3628 661 3672 esse
700 3607 838 3672 unitam.
900 3608 997 3674 Nune
1030 3629 1130 3691 quam

144 3691 293 3776 improbe
315 3692 351 3756 in
373 3693 573 3758 contrariam
596 3699 724 3774 partem
746 3699 941 3774 retorqueat,
972 3694 1032 3759 vix
1053 3716 1130 3760 con·

144 3778 240 3861 queri
262 3777 383 3843 audeo:
421 3779 475 3843 ita
497 3799 551 3843 me
574 3778 753 3843 attonitum
780 3776 889 3842 reddit
909 3777 1038 3860 perdita
1058 3781 1130 3845 eius

144 3862 360 3947 impudentia.
397 3864 538 3929 Praeter
559 3883 749 3928 consessum
766 3863 923 3943 iudicum,
945 3865 1130 3949 complures

145 3950 284 4016 aderant
305 3949 416 4014 idonei
438 3957 539 4015 testes
571 3949 696 4014 literati
718 3955 752 4012 et
773 3949 899 4014 cordati
920 3951 995 4028 viri,
1028 3972 1129 4034 quum

145 4057 206 4122 ego
228 4037 380 4102 fraenare
410 4037 480 4102 eins
508 4035 694 4100 vecordiam
723 4036 867 4118 cupiens,
902 4035 1129 4119 pavimentum

146 4122 286 4189 calcavi:
306 4131 378 4186 tum
399 4143 440 4188 ex
454 4144 492 4187 eo
503 4121 688 4188 sciscitatus
706 4141 790 4201 snm,
809 4140 920 4185 annon
937 4121 1012 4205 plus
1030 4144 1129 4205 quam

146 4208 326 4274 absurdum
374 4216 461 4273 esset
505 4207 661 4272 deitatem
707 4208 755 4271 ita
794 4207 914 4273 calcari
957 4207 1129 4274 hominurn

144 4293 298 4377 pedibus:
332 4315 421 4358 nunc
449 4295 544 4376 quasi
578 4294 717 4358 testibus
745 4291 917 4371 destituar,
940 4302 1032 4359 motu
1054 4300 1128 4373 [pag.

146 4384 224 4459 213]
244 4379 338 4463 pedis
360 4379 521 4446 indicasse
542 4400 595 4443 me
618 4379 848 4456 calumniatur,
877 4378 994 4461 pedem
1017 4401 1129 4445 meum

145 4466 180 4531 in
202 4464 275 4531 Deo
302 4487 371 4529 non
400 4466 535 4530 moveri.
581 4463 685 4543 Adde,
721 4465 807 4547 quod
840 4465 912 4547 ipsa
944 4466 1129 4532 absurditas

146 4551 226 4616 satis
249 4572 413 4635 superque
436 4552 506 4616 eius
528 4550 739 4616 mendacium
759 4549 888 4614 refellit.

231 4637 418 4721 Propositio
436 4637 603 4703 tricesima
621 4636 737 4720 quinta
760 4636 870 4719 ipsum
892 4636 1129 4703 Manichaeum

146 4740 218 4787 esse
248 4724 421 4789 convincit.
475 4724 634 4790 Animam
667 4723 758 4787 enim
785 4722 881 4787 nobis
914 4722 1053 4789 fabricat
1087 4744 1129 4788 ex

213 5025 244 5094 1)
262 5026 348 5094 Apud
367 5028 470 5083 Besara
488 5035 514 5083 ct
529 5031 560 5083 ia
578 5029 666 5084 Amat.
685 5030 782 5084 2111222
798 5029 944 5089 aeaeae
962 5029 1058 5086 deitas.

212 5093 243 5161 2)
263 5096 326 5164 qu’il
346 5095 377 5149 fit
394 5097 428 5152 de
445 5098 551 5153 boucha
569 5099 670 5153 devant
687 5098 728 5154 les
746 5099 833 5168 iuges.

212 5163 244 5232 3)
262 5181 298 5219 22
317 5166 359 5220 212
378 5181 414 5249 22
432 5182 469 5221 un
487 5182 608 5221 carreau

873 202 1164 316 ’22222222
1186 243 1423 314 2222222

2118 244 2178 310 612

1187 433 1254 499 Dei
1282 434 1485 500 substantia:
1518 435 1586 499 imo
1623 455 1745 500 nomen
1779 433 1938 514 traducis,
1955 436 1983 519 ¹)
2023 434 2113 519 quod
2142 434 2176 501 12

1187 521 1294 586 reteri
1334 521 1472 587 eeclesia
1517 528 1688 605 tantopere
1736 521 1860 587 infame
1900 522 2008 588 fuisse
2046 522 2175 603 scimus,

1188 605 1265 671 data
1299 626 1400 688 opera
1425 608 1590 690 opposuit,
1622 627 1665 672 ne
1696 607 1751 673 oui
1777 607 1957 692 ambiguus
1986 618 2078 675 esset
2104 629 2177 674 cum

1187 691 1393 758 Manichaeis
1422 713 1610 759 consensus.
1666 690 1779 773 Quare
1812 700 1852 757 ut
1883 714 1939 758 me
1975 715 2050 760 esse
2084 716 2175 760 men·

1187 777 1287 842 titum
1314 777 1493 844 lectoribus
1520 777 1729 862 persuadeat,
1746 825 1748 831 ·
1765 779 1880 844 abradi
1908 801 1954 845 ex
1983 782 2058 847 eius
2084 780 2175 848 libris

1187 884 1319 929 necesse
1358 870 1423 941 est,
1464 885 1549 946 quae
1586 885 1640 928 me
1673 863 1815 929 fideliter
1841 865 2000 932 retulisse
2035 887 2080 932 ne
2107 867 2174 950 ipse

1188 948 1321 1031 quidem
1355 970 1477 1032 negare
1510 949 1619 1014 audet.
1683 950 1781 1015 Nune
1819 958 1857 1015 21
1895 958 2034 1017 tantum
2075 955 2173 1019 sacri-

1186 1034 1311 1118 legium
1350 1033 1492 1117 quodem
1529 1035 1624 1102 velut
1661 1037 1795 1101 tectorio
1835 1036 1979 1115 oblinat,
2021 1059 2061 1104 se
2100 1039 2174 1106 alibi

1187 1120 1318 1185 tradere
1352 1120 1433 1185 dicit
1471 1121 1598 1187 animas
1635 1142 1707 1187 esse
1741 1130 1877 1188 creatas.
1937 1121 2033 1205 Quid
2065 1136 2175 1191 autem

1187 1226 1262 1271 mea
1300 1206 1416 1286 refert,
1461 1207 1489 1271 si
1529 1228 1641 1273 secum
1679 1208 1748 1290 1222
1791 1208 1828 1272 12
1868 1209 1932 1275 hoo
1972 1211 2102 1294 capite,
2139 1218 2175 1277 ut

1187 1293 1222 1356 in
1245 1291 1327 1372 21112,
1348 1292 1489 1375 turpiter
1510 1292 1659 1376 pugnet?
1704 1294 1826 1359 Fateor
1854 1302 1954 1374 certe,
1985 1295 2074 1361 adeo
2094 1297 2175 1363 nihil

1187 1398 1408 1461 eorumquae
1438 1387 1560 1445 temero
1588 1379 1740 1459 effutivit,
1768 1388 1961 1446 constanter
1988 1380 2119 1466 ubique
2144 1391 2175 1449 et

1188 1463 1350 1546 aequabili
1372 1464 1520 1530 doctrina
1548 1462 1589 1529 ab
1616 1465 1688 1546 ipso
1714 1465 1881 1531 asserint
1912 1469 2081 1535 maiorem
2103 1492 2174 1553 par-

1188 1559 1255 1614 tem
1276 1549 1371 1631 quasi
1398 1552 1451 1615 sui
1477 1550 1600 1615 oblitus
1627 1550 1706 1615 alibi
1728 1558 1864 1616 evertat.
1909 1553 2042 1619 Fixum
2066 1564 2174 1622 tamen

1186 1634 1270 1699 illud
1292 1642 1412 1713 manet,
1444 1657 1485 1701 ex
1505 1634 1570 1700 Dei
1593 1635 1728 1703 traduce
1737 1639 1767 1721 ²)
1800 1645 1889 1703 ortas
1925 1660 2002 1705 esse
2038 1641 2172 1722 animas,

1187 1719 1324 1803 ideoque
1356 1721 1607 1787 substantialem
1642 1721 1796 1788 deit-atem
1836 1723 1873 1787 in
1911 1745 1950 1791 22
1990 1729 2172 1794 continere:

1187 1805 1275 1889 quod
1295 1827 1349 1871 me
1371 1815 1501 1873 tacente
1523 1807 1586 1892 piis
1608 1807 1759 1874 omnibus
1780 1808 1975 1876 detestabile
2006 1812 2080 1878 fore
2101 1815 2171 1880 scio.

1274 1892 1372 1958 Nunc
1406 1893 1539 1959 accedat
1570 1895 1746 1977 propositio
1785 1896 1954 1960 tricesima
1992 1908 2102 1978 sexta,
2140 1903 2173 1964 in

1188 1978 1281 2042 cuius
1315 1980 1527 2044 excusatione
1560 2001 1628 2043 non
1660 1980 1803 2044 multum
1835 1981 1963 2047 laborat
1992 1983 2172 2052 Serretus:

1187 2064 1265 2145 quia
1291 2065 1320 2128 si
1343 2064 1387 2127 dii
1416 2086 1531 2130 sumus
1559 2066 1636 2130 facti
1663 2067 1703 2131 ob
1731 2067 1861 2131 animae
1883 2067 1981 2149 dona,
2018 2084 2174 2154 sequatur

1188 2149 1332 2212 animam
1355 2152 1442 2214 coire
1464 2151 1499 2214 in
1519 2172 1624 2215 unum
1642 2171 1718 2215 cum
1736 2152 1855 2235 spiritu
1872 2154 1947 2234 Dei,
1971 2157 2074 2221 sicuti
2092 2178 2171 2238 ossa,

1187 2254 1271 2312 caro,
1290 2236 1385 2301 nervi
1403 2243 1436 2300 et
1453 2237 1602 2320 2212223)
1620 2237 1655 2301 12
1673 2259 1773 2302 unam
1792 2239 1936 2304 hominis
1951 2242 2172 2309 substantiam

1186 2328 1312 2385 coeunt.
1330 2321 1482 2387 Primum
1494 2343 1624 2404 quaero,
1642 2322 1719 2404 quid
1737 2345 1795 2406 por
1807 2326 1939 2390 animae
1952 2327 2043 2393 dona
2054 2329 2172 2394 intelli·

1187 2413 1251 2554 521.
1271 2407 1448 2490 Magorum
1459 2409 1547 2472 enim
1561 2410 1755 2493 praestigias
1766 2415 2009 2493 supravocavit
2016 2415 2171 2499 quidquid

1209 2513 1227 2556 e
1253 2493 1371 2558 infusis
1398 2494 1533 2576 22121122
1555 2494 1648 2559 (12212
1673 2517 1693 2559 2
1720 2497 1883 2578 scriptura
1910 2498 2078 2565 traditum
2106 2522 2172 2567 am·

1187 2578 1370 2660 plectimur.
1415 2578 1547 2660 Quaero
1577 2578 1694 2644 deinde
1722 2583 1857 2647 ubinam
1883 2583 2007 2669 legerit
2029 2607 2093 2651 nos
2114 2588 2172 2654 hac

1186 2665 1312 2728 ratione
1334 2665 1405 2730 fieri
1429 2665 1514 2730 deos.
1573 2667 1683 2749 Atque
1715 2675 1754 2732 21
1788 2667 1851 2732 (122
1885 2669 1945 2734 1112
1980 2671 2169 2751 obtinuerit,

1185 2769 1360 2832 perperam
1382 2757 1494 2815 tamen
1517 2751 1641 2835 colligit
1662 2751 1805 2819 hominis
1833 2756 1981 2821 animam
2011 2777 2090 2823 cum
2111 2760 2170 2825 Dei

1185 2835 1302 2917 spiritu
1323 2836 1359 2900 in
1376 2858 1481 2901 unum
1502 2841 1576 2916 [pag.
1598 2843 1673 2915 214]
1696 2840 1886 2906 coalescere.
1931 2843 2052 2909 Minus
2073 2846 2169 2910 etiam

1184 2920 1354 2986 tolerabile
1387 2931 1437 2988 est
1470 2922 1611 2988 alterum
1635 2925 1706 2989 eius
1728 2924 1861 3001 dictum,
1884 2948 1949 3010 quo
1985 2951 2084 2994 suam
2111 2935 2168 2996 im-

1184 3008 1342 3091 pietatem
1364 3015 1552 3092 exaggerat.
1582 3009 1669 3074 Nam
1692 3011 1813 3094 pagina
1838 3015 1898 3076 19¹5
1923 3014 1972 3078 ita
1994 3015 2110 3082 scribit
2131 3016 2168 3081 ad

1184 3090 1337 3158 verbum:
1361 3094 1526 3159 Dubitare
1552 3097 1673 3160 iterum
1695 3098 1767 3178 quis
1796 3105 1914 3180 potest,
1947 3100 1977 3165 si
2005 3101 2043 3165 in
2072 3124 2166 3168 unam

1184 3199 1259 3243 cum
1282 3179 1395 3244 a'nima
1416 3186 1530 3245 nostra
1548 3181 1765 3247 substantiam
1784 3184 1849 3249 coit
1867 3184 2009 3267 spiritus
2028 3198 2166 3264 sanctus,

1184 3264 1262 3347 quid
1283 3264 1368 3329 illud
1396 3272 1502 3330 toturn
1525 3266 1598 3333 est?
1643 3267 1851 3351 Respondeo:
1884 3271 1950 3336 Est
1979 3274 2104 3353 anima,
2137 3285 2167 3340 et

1184 3358 1234 3415 est
1257 3350 1393 3432 spiritus
1415 3359 1558 3418 sanctus.
1603 3355 1745 3419 Deitatis
1772 3354 1830 3418 illa
1856 3357 1978 3437 positio
2008 3381 2071 3424 nec
2097 3380 2166 3443 spe-

1184 3437 1244 3502 ciei
1267 3457 1328 3500 nec
1350 3434 1513 3503 individui
1535 3460 1656 3503 nomen
1679 3450 1793 3503 mutat.
1822 3441 1886 3506 Est
1908 3444 2022 3509 anima
2045 3446 2082 3510 in
2104 3448 2165 3529 221-

1184 3523 1252 3586 2112
1275 3530 1396 3600 222212,
1420 3531 1454 3586 21
1476 3525 1684 3607 estspiritus
1707 3535 1841 3591 sanctus
1863 3527 1899 3591 in
1922 3530 2045 3595 anima.
2077 3530 2167 3597 Sicut

1182 3606 1278 3672 Deus
1299 3607 1406 3672 estin
1429 3608 1573 3688 Christo,
1596 3618 1631 3674 et
1652 3610 1807 3677 Christus
1828 3612 1864 3675 in
1885 3614 1970 3693 Deo,
1999 3622 2034 3681 et
2055 3616 2165 3683 Chris

1183 3701 1239 3757 tus
1275 3699 1326 3758 est
1354 3693 1457 3772 Deus,
1492 3716 1632 3762 manens
1664 3695 1777 3762 homo:
1818 3697 1866 3762 ita
1894 3700 2010 3766 anima
2038 3704 2165 3768 sublimi

1183 3780 1431 3862 regeneratione
1452 3800 1512 3862 per
1533 3781 1775 3866 hypostaticam
1796 3785 1953 3849 unionem
1975 3788 2017 3851 fit
2033 3790 2165 3872 spiritus

1183 3871 1327 3942 sanctus,
1350 3873 1384 3929 et
1404 3873 1519 3931 manet
1540 3869 1659 3947 anima,
1696 3870 1781 3934 sicut
1805 3869 1904 3934 homo
1933 3872 1974 3935 fit
1997 3875 2102 3954 Deus,
2136 3882 2165 3940 et

1182 3972 1289 4015 unum
1311 3971 1387 4016 cum
1408 3950 1490 4016 Deo.
1534 3954 1698 4035 Equidem
1726 3975 1793 4019 non
1814 3977 1932 4021 vereor
1954 3965 1996 4022 ut
2017 3963 2165 4044 cuiquam

1183 4034 1344 4102 Servatus
1383 4042 1452 4101 tam
1491 4038 1651 4122 insipidas
1691 4040 1931 4123 speculationes
1972 4047 2165 4127 persuadeat

1182 4142 1278 4189 veras
1307 4143 1387 4187 esse.
1433 4121 1501 4188 Sed
1523 4126 1600 4208 quia
1626 4124 1722 4191 multi
1750 4127 1900 4192 rixarum
1927 4129 2032 4195 nimis
2061 4132 2164 4216 cupidi

1180 4209 1282 4291 impio
1303 4207 1464 4272 falsorum
1482 4209 1673 4293 dogmatum
1696 4213 1875 4297 patrocinio
1899 4234 1973 4280 sese
2004 4218 2165 4285 oblectant

1182 4293 1211 4357 si
1234 4294 1307 4376 quis
1329 4314 1367 4359 eo
1388 4295 1502 4359 morbo
1520 4296 1673 4362 laborans
1691 4297 1851 4362 tuendum
1869 4297 2008 4366 Servati
2026 4325 2163 4370 errorem

1183 4380 1347 4462 suscipiat,
1371 4380 1494 4463 cogitet
1516 4383 1660 4463 primum
1683 4381 1844 4466 quidhoc
1866 4383 1930 4450 sibi
1952 4388 2048 4469 velit,
2084 4412 2163 4455 mas·

1183 4485 1254 4530 sam
1277 4486 1319 4529 ex
1346 4466 1465 4548 spiritu
1487 4465 1552 4532 Dei
1586 4475 1619 4533 et
1652 4471 1763 4533 anima
1796 4470 1942 4537 hominis
1982 4478 2162 4554 conflatam,

1182 4552 1315 4617 confuse
1349 4553 1494 4616 animam
1529 4560 1562 4618 et
1589 4555 1742 4637 spiritum
1768 4565 1919 4622 sanctum
1942 4564 2068 4642 vocari,
2103 4583 2163 4626 non

1251 4824 1280 4888 1)
1304 4822 1403 4878 Gallae
1420 4826 1519 4881 2221222
1536 4827 1668 4882 voeaban
1686 4827 1804 4883 12212212
1822 4828 2006 4887 1222221ᾱὲ1.-
2025 4835 2044 4889 il
2058 4852 2106 4890 use
2119 4876 2125 4887 .
2139 4872 2162 4888 ..

1182 4891 1219 4947 (12
1236 4898 1295 4946 mot
1318 4908 1418 4961 propre
1444 4896 1490 4962 qui
1508 4910 1526 4949 a
1544 4897 1603 4950 2212
1621 4895 1770 4951 condamne
1794 4904 1822 4952 et
1844 4904 1913 4955 tenu
1935 4917 2011 4970 pour
2028 4903 2160 4959 execrable

1183 4977 1217 5015 en
1235 4961 1347 5030 l'Eglise
1366 4963 1510 5018 ancienne:
1531 4980 1634 5019 comme
1653 4965 1698 5033 qui
1716 4965 1797 5020 diroit
1814 4982 1867 5034 que
1886 4968 1970 5025 l’ame
1988 4981 2094 5029 estune
2106 4980 2159 5028 ente

1183 5047 1219 5084 ou
1236 5047 1273 5084 un
1293 5045 1356 5084 sour
1375 5046 1427 5085 eon
1445 5031 1479 5086 de
1496 5031 1575 5087 Dieu.

1251 5096 1282 5165 2)
1301 5099 1335 5153 (12
1380 5100 1432 5168 122,
1451 5115 1554 5155 comme
1573 5118 1610 5156 un
1628 5116 1763 5171 aorugeon
1782 5101 1815 5157 de
1836 5109 1990 5164 saraciae.

1250 5165 1280 5232 3)
1301 5174 1330 5223 et
1346 5168 1434 5223 anima
1451 5183 1502 5223 ora.
1525 5167 1559 5225 θ.
