4620 5894
146 241 210 305 459
820 235 943 302 ΑΟΤΑ
965 229 1145 300 SYNODI
1163 230 1485 299 ramleram
2089 238 2155 303 410

144 448 204 494 nos
226 447 353 504 omnes,
376 424 533 508 quamdiu
554 425 590 489 in
611 423 694 508 legis
715 422 943 490 observatione
963 423 1123 492 claudica-
1175 420 1284 486 tiosis:
1306 420 1475 485 neminem
1493 421 1658 486 exstitisse
1680 441 1836 505 unquam,
1858 422 1914 504 qui
1931 421 2002 506 legi
2013 420 2079 488 Dei
2101 444 2157 489 sa-

144 534 234 578 mus:
267 510 406 595 proinde
435 509 565 576 aliunde
597 510 817 575 mutuandam
849 531 921 576 esse
952 511 1122 589 iustitiam,
1176 507 1349 584 tisfecerit,
1378 526 1439 570 noo
1468 506 1572 571 ullum
1599 526 1695 590 posse
1721 508 1872 573 inveniri.
1923 507 2013 589 Quid
2042 509 2154 574 enim?

145 596 408 683 quandoquidem
441 597 592 679 operibus
624 595 734 662 ablata
766 604 825 661 est.
875 597 928 661 De
960 597 1124 663 mandatis
1176 594 1232 657 An
1254 593 1408 675 spiritum
1426 598 1581 657 sanctum
1604 613 1780 676 arguemus
1801 593 1980 672 mendacii,
2002 594 2060 677 qui
2080 597 2156 661 uni·

145 683 301 752 ecclesiae
341 703 424 764 quae
463 682 676 764 permiscent,
723 681 800 746 alibi
834 679 1009 747 dicendum
1049 683 1122 748 erit.
1178 698 1301 757 versos,
1329 698 1398 742 non
1420 678 1518 742 unius
1546 685 1676 743 tantum
1700 679 1819 744 saeculi
1846 679 2011 759 homines,
2044 688 2156 747 trans·

146 769 264 837 Obiter
301 776 412 833 tamon
449 768 563 832 moniti
608 767 677 833 sint
711 767 863 843 lectores,
907 767 1036 833 nullum
1070 769 1124 834 hic
1177 764 1354 847 gressionis
1375 783 1449 828 reos
1466 764 1603 848 peragit,
1626 765 1685 830 sed
1707 773 1866 848 quotquot
1877 786 1982 848 uque
1995 766 2030 831 in
2054 768 2157 832 finem

146 856 255 921 omitti
280 854 458 937 impietatis
487 858 561 931 [pag.
587 859 660 930 198]
690 873 804 936 genus.
850 851 933 934 Quis
962 855 1051 919 enim
1072 876 1125 919 sa-
1177 849 1293 914 mnndi
1320 850 1423 914 futuri
1445 849 1547 914 sunt?
1592 851 1742 915 Nonest
1770 851 1868 916 homo
1896 860 2156 934 superterram,

147 940 319 1025 orilagium
339 939 401 1004 hoo
423 946 565 1017 excuset,
587 937 674 1021 quod
692 939 873 1004 suisetism
894 940 1039 1005 inventis
1056 941 1124 1005 ius·
1176 935 1284 1017 inquit
1320 934 1468 1014 Solomo,
1507 937 1562 1019 qui
1596 957 1662 1001 non
1699 946 1812 1020 peccet
1850 937 1880 1021 (Ι
1914 939 1997 1022 Reg.
2027 943 2058 1017 8,
2087 939 2156 1018 46).

146 1025 292 1093 tifioandi
317 1025 382 1088 vim
410 1045 564 1107 arrogare
586 1044 654 1088 non
677 1023 850 1089 dubitant?
894 1025 935 1092 Id
962 1047 1005 1089 ne
1026 1026 1125 1091 Pela·
1176 1022 1319 1086 Dixerat
1344 1027 1457 1086 autem
1487 1019 1610 1086 David:
1648 1023 1721 1087 Non
1748 1023 1979 1089 iustificabitur
2007 1024 2044 1088 in
2077 1044 2158 1091 con-

147 1115 222 1198 gius
249 1109 380 1195 quidem
406 1131 551 1192 unquam
579 1111 729 1175 tentavit.
775 1109 883 1193 Impia
911 1132 1029 1194 nempe
1051 1133 1125 1195 per·
1178 1115 1292 1190 spectu
1314 1114 1371 1172 tuo
1394 1106 1481 1172 nllus
1494 1107 1679 1173 viventium
1693 1108 1796 1193 (Psal.
1820 1113 1889 1186 113,
1910 1110 1952 1190 2).
1987 1107 2026 1174 Si
2048 1111 2155 1194 possi·

147 1199 298 1266 suasione
336 1195 496 1262 fascinare
533 1196 670 1260 miseros
708 1195 859 1261 homines
896 1206 1033 1263 conatus
1066 1206 1124 1276 est,
1173 1192 1239 1258 bile
1262 1199 1312 1257 est
1334 1193 1477 1275 aliquem
1494 1194 1647 1273 inveniri,
1670 1195 1725 1277 qui
1744 1196 1851 1279 legem
1862 1195 2009 1278 impleat,
2031 1205 2159 1262 retrac-

147 1284 240 1367 quasi
262 1282 394 1347 divinae
415 1281 497 1365 legis
514 1281 751 1360 observatione,
774 1282 935 1347 iustitiam
957 1283 1126 1366 acquirere
1173 1287 1223 1343 tet
1255 1280 1393 1344 siritus
1425 1288 1559 1344 sanctus
1591 1279 1673 1343 haec
1705 1280 1844 1346 oracula.
1890 1279 1958 1346 Sed
1986 1281 2086 1361 absit,
2121 1288 2160 1348 ut

148 1369 210 1436 sibi
232 1368 296 1451 ipsi
318 1375 464 1451 possent:
489 1366 644 1431 humanis
666 1387 745 1431 vero
767 1367 894 1451 legibus
916 1375 1047 1433 tantum
1069 1369 1125 1434 de·
1175 1301 1334 1430 diabolica
1348 1365 1520 1429 hominum
1540 1367 1695 1448 superbia
1716 1371 1791 1445 [pag.
1811 1371 1887 1446 200]
1909 1376 2079 1432 aeternum
2100 1389 2159 1434 re·

146 1455 247 1532 ferre,
275 1473 446 1536 nunqnam
474 1452 523 1516 illi
557 1453 648 1517 venit
680 1453 715 1517 in
747 1462 900 1518 mentem.
945 1455 1008 1519 Est
1036 1455 1126 1532 enim
1174 1450 1283 1517 ritatis
1300 1457 1448 1515 autorem
1466 1451 1776 1518 faciatmendacem.
1807 1451 1898 1533 Quin
1908 1454 2008 1518 etiam
2020 1473 2159 1519 evanes-

146 1540 357 1606 exsecrabilis
377 1542 414 1602 in
425 1538 535 1603 Deum
558 1536 768 1620 blasphemia,
791 1539 849 1604 ubi
871 1560 909 1603 eo
930 1541 1126 1605 temeritatis
1178 1542 1267 1600 oeret
1287 1534 1371 1601 illud
1392 1536 1491 1601 Pauli
1513 1546 1753 1621 argumentum.
1799 1537 1969 1622 Scriptum
1991 1538 2161 1606 1111111-

145 1627 333 1710 prorumpit
350 1624 524 1707 quisquam
538 1624 737 1701 mortalium,
752 1632 789 1688 nt
806 1625 876 1690 suis
893 1624 1126 1692 traditionibus
1177 1617 1318 1686 ledictus
1351 1623 1458 1687 omnis
1497 1623 1553 1705 qui
1585 1645 1652 1687 1101
1685 1625 1903 1707 permanserit
1938 1625 1975 1689 in
2006 1626 2161 1692 omnibus

146 1714 233 1779 vitae
257 1719 409 1776 aeternae
429 1709 614 1775 mercedem
634 1709 789 1794 assignet
1177 1727 1261 1789 qnae
1294 1708 1417 1792 scripta
1450 1717 1528 1773 sunt
1563 1708 1651 1787 (Gal.
1681 1713 1709 1788 3,
1738 1711 1802 1794 10).
1846 1711 1938 1795 Ergo
1972 1711 2161 1795 quicunque

236 1795 305 1863 Sed
316 1817 379 1879 quo
393 1817 447 1860 me
459 1794 611 1860 vertam?
634 1795 798 1876 Loquitur
809 1798 896 1860 enim
911 1818 1004 1863 sacra
1015 1796 1125 1882 11116-
1178 1799 1257 1858 1111
1278 1792 1340 1858 sub
1361 1793 1448 1878 lege,
1475 1793 1698 1859 maledictioni
1725 1804 1805 1860 sunt
1830 1796 1972 1861 obnoxii.
2017 1797 2160 1880 Promp·

150 1883 221 1962 dus,
244 1903 327 1964 quae
339 1901 449 1947 errare
461 1882 497 1944 in
510 1883 690 1964 scripturae
701 1881 972 1964 interpretatione
989 1903 1058 1947 non
1070 1903 1126 1965 po-
1177 1886 1250 1943 tum
1273 1880 1362 1943 enim
1384 1879 1447 1945 erit
1468 1881 1633 1962 excipere,
1656 1880 1765 1965 legem
1786 1902 1883 1965 posse
1904 1882 2045 1964 impleri.
2091 1881 2161 1949 Sed

150 1978 224 2036 1111.
248 1968 361 2034 Habet
372 1974 484 2032 autem
497 1968 680 2051 scripturae
692 1968 890 2033 testimonia.
919 1969 1072 2034 Primum
1084 1990 1126 2034 ex
1179 1964 1347 2047 apostolus
1375 1985 1436 2048 pro
1459 1966 1607 2031 confesso
1635 1967 1796 2051 principio
1818 1968 1932 2046 sumit,
1964 1968 2051 2051 quod
2080 1990 2159 2034 ana-

150 2053 381 2121 Ecolesiastico
399 2057 463 2136 (18,
483 2055 554 2134 22):
578 2053 629 2118 Ne
650 2053 796 2118 verearis
818 2055 1127 2137 usqueadmortem
1177 2050 1325 2115 themate
1345 2052 1402 2115 isti
1429 2050 1597 2116 damnant.
1642 2054 1759 2136 ltaque
1781 2053 1872 2131 alibi,
1895 2076 1995 2136 quum
2018 2057 2160 2120 servitu·

151 2140 333 2208 iustificari.
363 2138 449 2217 Una,
473 2140 598 2221 opinor,
614 2139 698 2202 ratio
720 2149 778 2216 est,
801 2160 866 2222 qua
879 2162 985 2206 meex
1009 2139 1125 2205 odiam.
1178 2144 1247 2200 tem
1267 2134 1426 2218 deplorat,
1448 2157 1513 2220 qua
1530 2139 1600 2221 ipse
1622 2158 1697 2203 cum
1716 2141 1838 2205 sanctis
1857 2140 2009 2205 omnibus
2029 2161 2159 2223 preme-

150 2228 279 2292 Looum
300 2224 477 2307 inspiciant
498 2224 649 2303 lectores,
679 2231 712 2289 et
735 2245 755 2288 a
783 2226 875 2290 bonis
895 2163 1044 2309 11111111
1065 2227 1126 2290 im·
1179 2222 1286 2300 batur,
1309 2242 1378 2286 non
1400 2221 1490 2287 aliud
1512 2222 1694 2289 remedium
1717 2225 1849 2290 tandem
1870 2226 2013 2304 invenit,
2036 2227 2101 2292 nisi
2122 2233 2161 2291 nt

151 2311 316 2398 pudenter
344 2317 537 2394 corruptum
564 2311 664 2375 111116
691 2310 870 2377 invenient.
914 2312 1005 2377 Dicit
1037 2311 1128 2377 enim
1179 2307 1337 2373 liberetur
1363 2329 1384 2371 a
1405 2329 1540 2391 corpore
1562 2310 1673 2393 (Rom.
1694 2312 1723 2388 7,
1744 2312 1810 2393 24).
1855 2310 2032 2376 Vexabant
2059 2313 2160 2378 etiam

152 2399 292 2481 scriptor
313 2395 383 2461 ille:
406 2396 457 2461 Ne
479 2397 610 2473 veteris,
633 2395 696 2462 hoc
718 2405 778 2475 est,
800 2397 1003 2480 prohibearis
1024 2417 1128 2481 usquc
1181 2394 1405 2476 Augustinum
1454 2394 1516 2459 hac
1565 2396 1731 2461 calumnia
1773 2397 1956 2480 Pelagiani.
2017 2397 2161 2463 Fatetur

151 2484 194 2549 ad
215 2491 365 2548 mortem.
400 2480 597 2564 Quanquam
619 2482 730 2564 potius
751 2482 947 2548 vertendum
969 2492 1052 2548 erat:
1076 2483 1128 2548 Ne
1180 2478 1300 2557 Deum,
1324 2480 1352 2544 si
1374 2480 1471 2557 velit,
1503 2502 1598 2563 posse
1628 2482 1760 2565 quidem
1782 2483 1932 2547 homines
1961 2482 2003 2547 ad
2032 2490 2160 2548 tantam

152 2569 301 2635 differas:
316 2570 338 2637 ¹l
360 2588 438 2631 nam
460 2587 614 2650 graccum
636 2567 773 2632 verbum
801 2576 852 2634 est
872 2579 984 2653 μείνῃς.
1028 2569 1128 2634 Inve·
1180 2565 1412 2648 perfectionem
1446 2567 1603 2632 evehere:
1637 2568 1695 2633 sed
1718 2589 1824 2651 neque
1854 2569 1969 2634 fecisse
2001 2590 2159 2652 unquam,

151 2656 244 2720 hitur
274 2651 549 2719 animadversus
578 2674 692 2718 eorum
722 2654 919 2735 socordiam,
952 2656 1008 2739 qui
1035 2677 1129 2721 suam
1181 2673 1242 2716 nec
1264 2652 1444 2729 facturum,
1472 2652 1550 2734 quia
1572 2654 1669 2719 aliter
1692 2655 1873 2737 scripturae
1896 2653 2041 2720 doceant
2087 2656 2162 2739 Ego

152 2741 194 2807 ad
226 2739 338 2806 Deum
371 2741 618 2804 conversionem
651 2741 903 2822 procrastinant
959 2740 1055 2822 Quod
1089 2740 1129 2805 de
1183 2745 1294 2802 autem
1321 2737 1462 2802 ulterius
1488 2739 1696 2822 progredior,
1726 2762 1764 2805 ac
1786 2739 1986 2823 impossibile
2014 2761 2086 2806 6116
2109 2762 2162 2806 as·

152 2827 251 2895 initio
272 2824 395 2891 dictum
419 2833 478 2903 est,
507 2825 652 2909 religiosi
673 2835 784 2908 patres
807 2826 848 2890 ad
870 2847 1089 2910 progressum,
1099 2828 1127 2910 2)
1183 2843 1271 2902 sero,
1306 2822 1394 2906 quod
1426 2825 1609 2908 scripturae
1638 2847 1808 2908 nunquam
1836 2828 1987 2890 futurum
2014 2848 2162 2910 pronun-

152 2934 220 2979 non
241 2919 371 2977 tantum
383 2930 494 2976 crassa
515 2911 655 2988 inscitia,
679 2910 737 2975 sed
759 2918 871 2994 aperta
884 2914 985 2977 etiam
1005 2912 1131 2978 malitia
1183 2911 1282 2974 ciant.
1313 2909 1521 2992 Quanquam,
1545 2912 1573 2976 si
1595 2911 1636 2977 de
1659 2912 1852 2995 loquutione
1874 2913 1999 2996 agitur,
2018 2933 2059 2978 ea
2080 2934 2163 2996 quo·

152 2999 234 3065 falso
255 2998 412 3062 referunt.
457 2996 499 3060 In
521 2996 590 3061 loeo
607 2996 756 3078 11161113)
777 2997 852 3080 plns
875 3003 948 3078 [pag.
975 3003 1047 3078 199]
1071 2999 1129 3063 ali·
1182 3016 1248 3078 que
1265 3004 1482 3079 expressaeet
1504 2997 1647 3076 aPetro,
1671 3000 1830 3063 Actorum
1853 3002 1890 3060 15
1915 2999 1961 3081 (v.
1984 2997 2038 3082 10)
2059 3019 2163 3083 quum

151 3090 274 3168 quanto
306 3083 425 3149 coloris
458 3081 589 3147 habent.
646 3082 788 3162 Vemm,
828 3085 976 3167 quisquis
1009 3086 1130 3167 scripta
1182 3082 1292 3166 legem
1323 3083 1441 3166 iugum
1470 3083 1629 3165 appellat,
1658 3083 1743 3167 quod
1771 3084 1885 3150 nullus
1914 3093 2047 3167 patrum
2075 3085 2163 3150 ferre

150 3177 267 3236 nostra
287 3169 377 3253 legit,
400 3168 480 3233 satis
493 3167 659 3252 intelligit,
678 3169 762 3233 nihil
776 3170 876 3235 etiam
897 3170 1130 3237 illisIaoobum
1182 3169 1334 3251 potuerit
1378 3167 1523 3233 Fallitur
1544 3169 1633 3233 enim
1658 3171 1714 3252 qui
1736 3178 1847 3253 putat,
1876 3169 1918 3234 ad
1940 3171 2163 3237 caeremoniae

151 3255 335 3340 suffragari.
380 3253 654 3319 iustificationem
687 3255 808 3338 quippe
841 3277 907 3320 non
940 3278 999 3340 pro
1033 3277 1131 3322 causa
1183 3264 1313 3319 tantum
1336 3255 1397 3320 hoc
1420 3261 1576 3337 spectare.
1622 3253 1711 3337 Quid
1729 3256 1818 3321 enim
1840 3265 1909 3320 tam
1927 3256 2065 3322 arduum
2085 3278 2164 3324 oon·

85 3392 97 3415 .
150 3341 313 3421 iustitiae,
347 3339 406 3405 sed
439 3360 497 3423 pro
530 3341 765 3423 approbatione
775 3341 805 3425 ⁴)
837 3348 970 3407 tantum
1004 3343 1130 3427 accipit.
1183 3340 1332 3406 tinebant
1353 3341 1586 3419 caeremoniae,
1607 3351 1645 3406 ut
1666 3363 1780 3406 ornnes
1802 3342 1966 3408 humanae
1988 3343 2079 3409 vires
2102 3342 2164 3409 sub

150 3426 248 3508 Quod
270 3448 313 3492 ex
334 3432 491 3492 contextu
511 3426 609 3508 plane
630 3426 741 3509 liquet.
787 3427 869 3492 Plus
889 3449 987 3510 quam
1010 3429 1132 3494 ridicu·
1183 3448 1298 3491 earum
1319 3446 1417 3491 onere
1440 3426 1638 3491 deficerent?
1684 3426 1752 3494 Sed
1774 3427 1888 3510 procul
1915 3428 2013 3494 dubio
2034 3429 2164 3512 signifi·

150 3513 222 3578 lum
244 3533 323 3579 vero
343 3520 409 3589 est,
435 3510 521 3592 quod
542 3511 619 3576 inde
641 3511 808 3577 hominem
831 3513 990 3598 colligunt
1011 3515 1131 3580 iustiti·
1184 3521 1246 3592 cat,
1269 3514 1413 3595 impares
1437 3512 1537 3578 fuisso
1559 3513 1601 3577 ab
1623 3514 1718 3578 initio
1741 3515 1915 3579 universos
1936 3515 2094 3580 mortales
2116 3514 2164 3580 le·

152 3599 221 3665 cari
253 3598 348 3664 bonis
380 3596 547 3679 operibus:
585 3599 741 3679 quoniam
773 3599 908 3665 66616116
949 3602 1011 3666 sibi
1043 3601 1130 3678 fidei,
1184 3600 1234 3684 gis
1256 3599 1493 3677 observationi,
1523 3598 1684 3684 hodieque
1706 3622 1791 3665 esse:
1820 3599 1893 3664 ideo
1915 3601 2000 3666 nihil
2025 3612 2163 3680 restare,

153 3685 224 3767 spei
252 3691 286 3749 et
312 3682 458 3748 caritatis
487 3690 704 3766 angmentum
731 3693 891 3767 precatur.
942 3683 1028 3765 Quis
1057 3687 1131 3752 istis
1184 3686 1250 3749 nisi
1270 3695 1309 3749 ut
1330 3684 1559 3768 confugiamus
1589 3691 1661 3764 [pag.
1686 3692 1760 3765 201]
1789 3686 1831 3750 ad
1854 3686 1979 3752 Christi
2008 3687 2163 3770 gratiam,

154 3768 360 3854 crepitaculis
392 3790 459 3833 non
493 3775 673 3848 terreatur,
713 3771 776 3835 nisi
814 3771 869 3852 qui
913 3770 1011 3852 plane
1050 3794 1132 3855 puer
1185 3791 1283 3919 quae,
1319 3771 1425 3836 soluto
1453 3771 1535 3854 legis
1559 3773 1652 3855 iugo,
1688 3771 1747 3836 sub
1775 3772 1878 3836 libera
1905 3772 2053 3838 custodia
2081 3793 2165 3855 quo·

152 3877 218 3921 non
241 3853 353 3938 est?⁵)
1156 3858 1160 4013 q
1207 3856 1356 3921 ammodo
1385 3877 1444 3921 nos
1470 3856 1626 3923 continet.
1640 3860 1665 3942 ¹)
1709 3857 1977 3936 denotandum,
2006 3858 2048 3923 dc
2069 3879 2166 3943 rego-

153 3936 160 3949 ’
238 3940 355 4024 Capito
377 3939 567 4005 duodecimo
596 3949 693 4007 vetus
721 3941 802 4005 illud
831 3940 1008 4007 anathema
1037 3963 1131 4007 reno·
1185 3943 1308 4006 161111
1337 3943 1445 4024 ipsum
1473 3941 1574 4024 loqui:
1604 3965 1646 4008 ne
1673 3943 1870 4009 cavillentur
1890 3943 2075 4008 Tridentini
2105 3966 2166 4028 pa·

151 4034 246 4095 vant:
276 4047 319 4090 ne
347 4026 422 4109 quie
450 4027 515 4090 Dei
543 4035 720 4112 praecepta
748 4027 873 4091 homini
895 4028 1069 4093 iustificate
1091 4029 1132 4093 ad
1186 4036 1261 4105 tros,
1285 4026 1324 4091 de
1346 4028 1454 4094 carnis
1476 4027 1668 4093 infirmitate
1689 4029 1721 4093 id
1744 4050 1816 4094 6116
1834 4029 1968 4106 dictum,
1991 4028 2047 4094 ubi
2070 4030 2167 4096 abest

152 4111 392 4178 observandum
422 4110 639 4195 impossibilia
666 4113 761 4178 dicat.
805 4114 858 4178 De
880 4133 961 4179 voce
983 4116 1132 4197 impossi·
1185 4113 1347 4178 auxilium
1368 4112 1553 4198 6111111111)
1586 4115 1771 4198 Prophetas
1784 4115 1881 4191 enirn,
1903 4123 1936 4180 11
1947 4115 2165 4198 patriarchas,

152 4198 228 4265 bilis
249 4199 379 4282 litigare
401 4196 484 4262 nihil
503 4197 637 4264 attinet:
656 4199 739 4263 mihi
760 4199 889 4265 abunde
907 4202 1042 4278 sufficit,
1065 4203 1132 4266 suf·
1186 4210 1219 4264 61
1248 4201 1318 4284 pios
1344 4218 1447 4282 reges,
1476 4207 1643 4283 utcunque
1671 4201 1736 4266 Dei
1766 4201 1882 4283 spiritu
1913 4200 2165 4282 adiuvarentur,

152 4286 249 4351 ficere
273 4285 374 4348 etiam
396 4283 494 4350 debet
510 4284 574 4366 piis
596 4284 763 4362 omnibus,
787 4305 825 4349 ao
841 4286 976 4352 minime
998 4294 1132 4352 conten·
1185 4284 1319 4351 ferendo
1342 4285 1423 4369 legis
1445 4286 1522 4368 iugo
1544 4307 1642 4369 pares
1663 4287 1763 4351 fuisse
1784 4296 1897 4370 negat:
1922 4308 1983 4352 neo
2009 4287 2166 4372 ambigue

1185 4373 1390 4455 pronunciat,
1412 4371 1646 4454 impossibilem
1664 4373 1766 4437 fuisse
1787 4373 1869 4456 logis
1891 4372 2165 4439 observationem.

1272 4459 1318 4522 At
1340 4458 1536 4540 scripturam
1563 4459 1624 4541 ipsi
1654 4479 1782 4540 quoque
1809 4480 1851 4523 ex
1878 4458 2017 4525 advorso
2045 4466 2167 4527 testem

221 4537 251 4605 1)
267 4539 309 4593 Ne
328 4539 423 4595 differe
441 4557 491 4609 pas
509 4543 618 4609 iusques
637 4543 654 4596 a
671 4541 699 4594 la
716 4544 816 4596 morta
833 4548 907 4596 estre
924 4543 1025 4598 iustifie
1043 4546 1133 4614 (erar
1184 4544 1378 4626 producunt.
1423 4543 1511 4607 Nam
1538 4543 1680 4609 Ioannes
1707 4544 1864 4609 mandata
1894 4545 1964 4610 eius
1990 4566 2055 4610 non
2094 4567 2167 4613 6116

153 4607 536 4742 οιΜ1111111111’11101111’111
552 4677 592 4730 dit
609 4674 690 4746 qu’on
713 4677 793 4733 deust
817 4680 957 4734 continuer
975 4682 992 4734 1
1010 4697 1039 4735 11
1057 4682 1132 4737 11111-
1185 4628 1731 4713 graviatradit(110unn.5,3).
1776 4631 1913 4697 Fateor:
1943 4629 2040 4696 mOdo
2059 4654 2103 4698 ne
2125 4631 2166 4696 il·

51 4745 54 4751 ’
154 4742 256 4799 116116
275 4743 336 4812 plus
355 4745 807 4814 cnplustreliquoomirtanrur).
1185 4717 1251 4779 lam
1273 4715 1313 4778 de
1335 4722 1543 4796 peccatorum
1572 4716 1764 4781 remissione
1791 4717 1974 4782 doctrinam
1997 4717 2165 4798 excludas,

223 4810 254 4875 11)
279 4814 315 4892 ou
338 4811 358 4865 il
380 4812 420 4892 dit
441 4829 492 4881 quc
522 4812 647 4869 l’hcmme
669 4817 740 4870 n'eet
767 4831 817 4883 pas
840 4815 938 4872 1111111
961 4834 1013 4886 par
1035 4819 1062 4872 la
1084 4818 1132 4889 foy
1183 4821 1282 4884 quam
1305 4800 1456 4866 Omnibufl
1478 4801 1642 4867 mandalis
1664 4804 1845 4885 PraQPOUit·
1889 4803 1986 4882 Nam,
2010 4804 2040 4868 Sl
2061 4826 2166 4889 11810

156 4881 417 5070 sauqunfiairqbaaquq
425 4897 476 5002 pair
486 4881 670 5019 1118111111ῗὶ1
694 4953 836 5007 exterieur.
872 4952 944 5008 C’est
968 4971 1070 5009 comme
1089 4953 1132 5010 s’tl
1184 4943 1190 4949 ¹

155 5018 251 5073 discit:
295 5015 409 5070 'homme
428 5023 471 5071 est
489 5017 606 5073 11111111
624 5026 653 5073 11
670 5023 797 5090 apparuit
814 5022 893 5077 iuste.
930 5023 996 5088 (lac.
1014 5022 1113 5094 124.)
1255 5023 1284 5089 1)
1303 5039 1373 5077 1611
1392 5023 1501 5078 conduit
1518 5023 1580 5092 plus
1599 5023 1793 5079 liberalement.

224 5086 255 5154 b)
274 5101 304 5140 ce
323 5090 387 5138 sont
409 5085 578 5141 (1611611111
599 5088 702 5155 pleiues
725 5089 759 5144 de
777 5091 856 5158 poix,
879 5107 950 5159 pour
971 5091 1039 5148 iaire
1063 5110 1131 5163 peur
1252 5092 1283 5158 2)
1303 5107 1354 5160 que
1379 5091 1437 5146 cela
1461 5099 1503 5147 est
1527 5092 1566 5146 dit
1589 5092 1621 5146 de
1647 5109 1714 5146 ceux
1737 5095 1783 5162 qui
1806 5101 1869 5148 sont
1891 5093 1927 5148 du
1951 5099 2013 5151 tout
2035 5094 2163 5151 chamolt

154 5171 210 5212 aux
226 5155 298 5224 petis
316 5152 420 5208 enfans.
1183 5162 1273 5230 (caea.
1292 5162 1367 5228 111).
