4620 5894
970 251 1341 322 PROLEGOMENA.
2073 254 2168 325 m

300 439 474 508 'Predeoim
495 448 722 524 postmontes
744 440 905 510 Calvinus
926 442 1033 509 solum
1055 448 1186 508 vertere
1207 443 1316 510 iussus
1337 443 1602 528 Argentoratum
1628 464 1664 510 so
1691 444 1834 511 eontulit
1859 451 1896 513 et
1921 445 2097 527 ambabus,
2126 451 2168 511 ut

143 555 252 634 aiunt,
282 553 372 620 ulnis
398 560 557 637 exeeptus
585 559 636 619 est
662 553 698 619 in
719 555 801 620 urbe
822 554 900 620 inde
922 555 963 620 ab
985 553 1158 638 evangelio
1180 563 1338 623 renovato
1361 554 1531 622 exsulibus
1553 556 1699 623 ouiusvis
1720 556 1830 640 gentis
1851 563 1885 623 et
1905 556 2041 642 linguae
2062 557 2166 625 refer·

143 667 289 746 lissima,
319 672 354 731 et
374 665 487 743 seoda,
517 665 677 731 nimirum
698 665 928 749 Anabaptistis
955 666 1063 731 omnis
1090 666 1238 750 generis,
1268 666 1446 733 laborante.
1491 666 1596 734 Onius
1617 667 1667 733 rei
1688 689 1790 735 oausa
1810 668 1875 734 fuit
1896 668 1955 734 illa
1975 671 2042 735 iarn
2064 688 2167 753 supra

143 775 281 844 landate
311 777 528 863 magistratus
556 776 791 855 mansuetudo,
821 785 855 843 et
883 776 1023 842 duorum
1049 776 1230 842 illustrium
1257 778 1487 863 theologorum
1516 777 1712 863 Wolfgangi
1738 778 1909 863 Capitonis
1941 786 1975 847 et
2002 781 2166 848 Matthaei

143 890 242 956 zellii
262 889 542 956 christianissima
560 886 693 968 ὄπομονὴ
710 889 781 957 sive
800 888 984 968 tolerantia,
1007 888 1169 956 virtutum
1186 890 1344 969 omnium,
1366 890 1563 973 praesertim
1580 888 1670 975 apud
1686 889 1865 975 theologos,
1887 898 1969 957 tuno
1985 892 2165 959 rarissima

143 1001 260 1085 Usque
277 1000 361 1067 adeo
382 1001 445 1066 hae
465 1001 558 1065 inre
579 999 699 1083 (lapito
720 1021 853 1083 peooare
874 999 1200 1079 videbaturBuoero,
1223 999 1414 1083 disoiplinae
1431 1001 1671 1069 eoelesiastieae
1688 1004 1926 1086 propugnatori
1944 1011 1980 1069 et
1996 1003 2166 1088 glisoentis

144 1112 377 1197 anabaptistioi
408 1112 590 1192 fanatismi,
624 1133 722 1196 quem
754 1114 907 1192 vooabat,
938 1111 1128 1180 adversario
1160 1114 1335 1190 aoerrimo,
1369 1121 1409 1178 ut
1441 1113 1495 1179 hio
1521 1113 1684 1180 seniorem
1712 1113 1854 1181 amioum
1882 1120 1917 1181 et
1943 1096 2165 1199 symmystam

142 1225 267 1292 nimiae
288 1224 456 1291 faoilitmis
478 1230 657 1304 aeousaret,
679 1230 713 1289 et
733 1225 823 1290 intra
842 1225 991 1308 privatos
1007 1223 1150 1309 parietes
1168 1225 1300 1306 saepius
1320 1225 1468 1307 graviter
1484 1226 1672 1310 oorriperet
1715 1226 1899 1292 Perioulosi
1914 1227 2004 1292 enim
2022 1227 2168 1313 exempli

142 1337 207 1421 ipsi
227 1335 420 1415 videbatur,
451 1342 562 1401 tantos
583 1335 675 1401 viros
703 1335 792 1401 domi
812 1356 890 1402 suae
912 1335 1094 1420 hospitium
1114 1336 1272 1419 praebere
1293 1336 1483 1402 hominibus
1504 1336 1545 1403 de
1568 1335 1717 1403 dootrinu
1736 1337 1956 1405 eooleeiastioa
1977 1346 2011 1404 et
2032 1339 2168 1422 politiae

142 1458 211 1515 tam
234 1469 339 1532 prave
360 1447 589 1526 sentientibus,
612 1454 647 1514 et
666 1466 772 1530 paene
792 1447 965 1513 exhorruit
985 1447 1136 1527 Zellium,
1160 1447 1268 1514 virum
1290 1447 1412 1530 alioqui
1433 1447 1741 1527 moderatissimum,
1764 1469 1867 1531 quum
1883 1449 2014 1515 fortiter
2030 1471 2167 1534 respon·

142 1560 244 1639 deret,
267 1580 383 1626 omnes
404 1558 576 1625 Ohristum
597 1559 710 1625 Iesum
739 1580 817 1624 vere
844 1566 994 1625 amantes
1020 1579 1216 1641 oruoemque
1243 1559 1314 1624 eius
1340 1560 1506 1642 patienter
1533 1566 1722 1642 portantes,
1751 1561 1852 1625 etiam
1879 1561 1913 1626 in
1940 1568 2111 1644 posterum
2132 1568 2168 1628 et

144 1672 231 1741 domi
253 1681 289 1738 et
308 1692 445 1737 mensae
465 1692 545 1736 suae
566 1671 742 1755 partieipes
763 1672 902 1738 futuros.
947 1670 1057 1753 Quam
1085 1671 1241 1753 pietatem
1269 1669 1349 1735 dum
1370 1670 1574 1736 admiramur
1596 1682 1630 1736 et
1650 1671 1866 1739 vehementer
1887 1673 2167 1754 sommendamus,

144 1784 307 1869 eollegnm
325 1791 438 1850 tamen
458 1791 574 1850 eontra
584 1790 786 1862 monentem,
808 1792 842 1849 et
863 1784 912 1848 rei
934 1782 1082 1867 publioae
1103 1802 1216 1849 saurae
1238 1790 1272 1846 et
1291 1783 1383 1848 oivili
1402 1789 1614 1863 metuentem,
1638 1804 1705 1849 non
1726 1783 1862 1849 omnino
1882 1785 2070 1868 improbare
2090 1805 2167 1868 pos·

142 1918 264 1963 sumus
310 1897 467 1961 Fuerunt
494 1895 585 1959 enirn
610 1895 699 1961 iuter
724 1895 962 1978 Anabaptistee
990 1893 1143 1960 nonnulli
1169 1895 1319 1959 homines
1346 1895 1515 1960 vaferrimi
1541 1896 1666 1979 ingenii
1694 1904 1753 1962 aut
1774 1896 1875 1962 etiam
1896 1897 1993 1980 plane
2014 1897 2164 1979 fanatioi,

142 2011 196 2094 qni
216 2007 463 2093 prophetarum
493 2006 614 2073 veteris
640 2007 830 2072 testamenti
858 2026 1032 2090 personam
1058 2011 1194 2090 agentes
1224 2004 1264 2070 de
1291 2006 1515 2089 Argentorato
1542 2008 1637 2091 quasi
1666 2027 1754 2074 nova
1778 2008 2012 2093 Hierosolyma
2040 2010 2166 2076 somni·

143 2122 240 2188 ebant
260 2128 297 2186 ot
318 2119 433 2185 multis
453 2117 656 2202 perturbatis
676 2140 745 2183 non
765 2138 887 2202 paueos
907 2119 975 2183 iam
996 2126 1220 2202 oaptarerant

297 2233 449 2298 Buoerus
470 2231 573 2315 igitur
594 2229 780 2308 Calvinum,
803 2231 923 2310 tirum,
947 2251 1006 2296 seu
1028 2231 1138 2313 potius
1159 2229 1325 2308 iuvenem,
1347 2230 1384 2294 in
1406 2229 1554 2295 seotariis
1576 2229 1793 2297 retundendis
1813 2253 1920 2314 nuper
1940 2239 2010 2299 tam
2032 2235 2166 2319 egregie

145 2345 345 2423 defnnotum,
369 2352 402 2410 et
423 2365 512 2409 nuno
532 2363 593 2426 pro
615 2341 788 2425 disoipliua
809 2341 1029 2408 ecelesiastica
1049 2343 1086 2406 in
1108 2341 1263 2407 exsilium
1285 2347 1404 2418 aetum,
1427 2340 1579 2408 omnibus
1601 2343 1689 2410 votis
1712 2343 1884 2409 aoeersivit
1905 2354 1940 2410 et
1957 2343 1995 2409 in
2011 2344 2167 2413 intimem

144 2478 232 2523 susm
264 2457 450 2522 amicitiam
479 2455 611 2538 reoopit
656 2454 740 2519 Mox
768 2454 955 2537 proourarit
982 2461 1019 2519 ut
1040 2460 1206 2519 sartorum
1228 2452 1340 2519 euriae
1373 2452 1505 2518 tribulis
1538 2453 1602 2517 rite
1634 2453 1889 2534 adscriberetur,
1924 2453 2015 2520 haud
2040 2457 2166 2540 absque

144 2569 269 2637 omullo
290 2566 493 2652 providoque
515 2567 651 2633 oonsilio
674 2566 737 2632 hao
757 2566 967 2650 potissimum
987 2566 1080 2631 ouria
1100 2565 1235 2643 seleeta‚
1264 2563 1343 2648 quia
1364 2565 1513 2630 omnium
1534 2565 1681 2631 maxime
1702 2587 1830 2632 veneno
1851 2566 2090 2649 anabaptistioo
2111 2568 2166 2632 in·
2291 2614 2294 2620 -

144 2685 225 2750 bota
247 2702 325 2749 esse
345 2679 529 2748 videbatur.
574 2679 865 2761 Exspeotationem
888 2677 986 2744 amiei
1007 2677 1168 2745 (lalvinus
1190 2676 1281 2742 haud
1302 2675 1425 2742 fefellit
1469 2676 1629 2743 Felioiter
1645 2677 1737 2742 enim
1754 2684 1788 2743 et
1805 2678 1875 2744 solo
1892 2688 2167 2763 argumentorum

145 2795 287 2880 pondere
314 2793 438 2859 multos
466 2792 503 2857 in
529 2792 620 2858 viam
646 2789 794 2868 reduxit,
824 2791 912 2855 inter
939 2789 1022 2855 alios
1049 2790 1150 2854 etiam
1177 2788 1259 2854 duos
1287 2789 1378 2853 viros
1409 2808 1514 2871 neque
1542 2788 1672 2872 ignotos
1694 2808 1801 2873 neque
1821 2788 1980 2871 indootos,
2002 2791 2165 2858 Ioannem

145 2907 238 2974 illum
259 2904 473 2973 Storderium
492 2902 721 2981 Ireodieneem,
742 2922 885 2984 quooum
906 2903 973 2967 iam
996 2901 1155 2967 Genavae
1176 2905 1300 2985 egerat,
1321 2898 1379 2966 sed
1399 2900 1524 2965 frustra
1543 2906 1581 2965 ut
1601 2898 1744 2981 videtur,
1767 2908 1802 2967 et
1821 2902 1967 2968 Paulum
1988 2903 2166 2986 Volteium,

148 3020 297 3086 abbatem
318 3014 486 3100 quondam
508 3013 628 3081 Ouriae
648 3014 804 3099 Hngonis
826 3013 941 3099 (vulgo
961 3013 1170 3098 Hugshofen,
1192 3013 1381 3097 Honoourt)
1402 3011 1595 3078 monasterii
1613 3012 1651 3078 in
1671 3011 1758 3080 valle
1779 3013 1965 3080 Villeriana
1986 3016 2166 3099 superioris

150 3133 300 3198 hlsetiae
348 3127 419 3196 Sed
440 3126 482 3193 de
502 3127 557 3192 his
577 3126 707 3205 audias,
731 3140 943 3210 quaesumus,
966 3127 1087 3193 iterum
1109 3123 1339 3191 Oolladonium
1360 3131 1553 3190 narrantem
1575 3124 1611 3208 (l.
1632 3124 1654 3189 l.
1676 3145 1750 3210 pag.
1773 3125 1848 3212 41):
1888 3126 1927 3191 Il
1948 3133 2000 3193 eat
2018 3129 2084 3194 lora
2104 3132 2169 3196 ert

154 3241 227 3309 bertr
245 3241 323 3325 qs'r‘l
341 3260 475 3307 romena
496 3239 518 3304 ὰ
537 3240 571 3306 lo
590 3238 646 3322 foy
666 3258 711 3303 uu
730 3237 795 3321 sort
813 3239 918 3322 proed
938 3239 1063 3304 nomae
1083 3236 1341 3318 d’Aaoboptietea
1363 3237 1456 3318 qu'on
1477 3236 1533 3318 lug
1551 3235 1727 3303 addreoaoit
1743 3237 1782 3302 de
1798 3243 1896 3304 wama
1907 3243 2010 3321 ports,
2032 3244 2060 3305 et
2080 3246 2166 3308 estre

150 3358 254 3420 adres
276 3374 324 3419 au
351 3352 441 3418 iadis
461 3350 548 3416 Aret
567 3351 688 3416 amomi
710 3349 797 3415 Paul
826 3349 929 3431 Volso,
956 3349 1071 3432 auquel
1092 3347 1230 3415 Erasme
1256 3349 1341 3414 auoit
1367 3347 1459 3414 dedit
1479 3367 1539 3413 sou
1560 3345 1723 3414 Gleodier
1743 3347 1896 3415 duedim
1912 3351 1979 3418 l'on
2003 3356 2113 3433 1518,
2137 3357 2168 3418 et

149 3465 242 3548 lequel
267 3470 373 3532 osae
398 3468 542 3545 tenvem
566 3463 606 3528 de
634 3462 888 3545 PAaoboptieme
914 3466 961 3527 eet
987 3466 1067 3528 mort
1093 3461 1237 3528 minirtre
1263 3481 1303 3528 eu
1328 3459 1462 3545 PEplt'se
1482 3460 1520 3526 de
1543 3458 1740 3544 etrustoep
1785 3457 1862 3546 Ily
1883 3468 1936 3528 eut
1958 3465 2050 3530 asaei
2071 3463 2110 3531 de
2131 3484 2165 3532 ee

146 3579 266 3643 nombre
284 3598 334 3642 uss
351 3581 474 3642 mmm&
495 3574 576 3641 Iesu
599 3573 752 3640 Stordeur
779 3575 867 3656 uotif
888 3574 926 3640 de
953 3573 1063 3658 Liepe,
1095 3573 1196 3656 lequel
1217 3577 1317 3640 mlum
1337 3571 1446 3639 &tede
1466 3573 1506 3638 de
1521 3571 1650 3655 pereo
1673 3570 1879 3657 Straabourq,
1909 3575 2040 3657 quelque
2066 3581 2165 3660 oemps

147 3708 232 3773 qma
254 3689 394 3772 alpritrt
412 3709 453 3756 eo
472 3687 559 3771 ναίω
580 3686 745 3769 dfenme,
773 3685 910 3752 oommde
935 3684 1064 3752 Odilette
1084 3705 1125 3751 ou
1146 3685 1216 3752 bien
1238 3684 1365 3752 laetere
1385 3684 1425 3752 de
1447 3682 1554 3764 Bure,
1588 3685 1700 3767 femore
1719 3705 1817 3768 praee
1838 3684 2031 3754 attentetis
2049 3735 2163 3755 .....

146 3800 267 3869 llsdem
285 3802 380 3868 Beue
399 3819 530 3884 quoque
551 3797 661 3863 tradit

295 3912 374 3979 Hae
399 3912 518 3977 ultima
546 3912 620 3977 vieo
646 3909 847 3994 disputando
868 3928 1065 3994 oongressus
1086 3916 1138 3975 est
1158 3908 1324 3975 Oalvinus
1345 3927 1422 3974 oum
1442 3906 1686 3991 Anabaptistis,
1709 3906 1912 3993 etquidem,
1940 3909 2029 3993 quod
2049 3911 2165 3994 pauois

146 4045 202 4092 oso
217 4026 338 4094 venire
355 4023 491 4103 solebat,
513 4025 739 4107 inexspeotato
756 4041 832 4087 oum
850 4041 1011 4087 suooessu.
1055 4020 1138 4087 Mox
1156 4019 1198 4087 ab
1214 4021 1289 4103 ipso
1306 4027 1423 4087 senatu
1439 4019 1625 4104 populoque
1642 4018 1974 4088 honorifioentissime
1991 4021 2165 4090 Generum

146 4146 329 4215 moestis,
357 4136 401 4202 ad
422 4157 476 4202 res
498 4156 609 4202 saurae
631 4143 664 4200 et
681 4134 830 4218 politioas
852 4133 893 4198 de
913 4133 1045 4218 integro
1068 4130 1270 4198 ordinandas
1293 4153 1365 4198 sese
1388 4131 1545 4212 aooinxit,
1580 4131 1743 4215 istamque
1770 4133 1942 4201 eoelesiam
1970 4132 2164 4218 disciplinae

147 4258 178 4315 et
199 4249 555 4317 exeommnmeationis
586 4247 740 4330 inprimis
772 4245 902 4330 legibus
930 4254 1001 4310 tam
1027 4244 1165 4329 provide
1192 4252 1227 4310 et
1254 4245 1420 4327 sapienter
1446 4243 1607 4324 munivit,
1635 4248 1674 4308 ut
1700 4264 1888 4328 nunquam,
1917 4244 1998 4310 dum
2023 4245 2163 4329 viveret,

147 4361 331 4430 huiusmodi
355 4359 601 4445 perturbatores
627 4359 665 4424 in
691 4380 765 4424 eam
789 4365 964 4441 penetrare
991 4363 1066 4422 aut·
1082 4355 1247 4422 voluerint
1279 4361 1338 4421 aut
1369 4354 1548 4439 potuerint
1602 4355 1679 4421 Non
1707 4354 1824 4420 eadem
1853 4356 1918 4420 fnit
1948 4357 2164 4424 eoelesiarum

146 4474 342 4542 {immanius
359 4481 396 4539 et
411 4471 597 4551 Helvetiae,
615 4472 682 4535 imo
703 4469 890 4537 vicinarum
906 4469 1130 4534 Beruensium
1149 4467 1300 4534 oonditio.
1335 4468 1391 4533 Ex
1407 4469 1481 4551 ipsa
1497 4466 1650 4550 Epistola
1665 4466 1776 4532 libello
1793 4472 1909 4533 eontra
1925 4468 2164 4552 Anabaptistas

145 4590 301 4671 praelixa,
336 4593 372 4652 et
398 4583 556 4651 Calendis
581 4583 689 4648 Iuniis
717 4603 745 4646 a.
776 4585 858 4645 1544
886 4579 929 4645 ed
955 4586 1105 4663 pastores
1132 4579 1307 4644 oomitatus
1337 4579 1572 4646 Neooomensis
1600 4577 1692 4656 data,
1725 4585 1863 4661 apparot
1896 4581 2053 4647 saetarios
2083 4581 2160 4649 illos
2194 4591 2200 4604 ‘

145 4700 238 4785 paulo
259 4705 340 4765 ente
360 4698 399 4763 in
416 4695 540 4762 ditione
556 4695 720 4762 Beruensi
737 4700 925 4779 grassantes
942 4689 1144 4777 Agathopoli
1165 4689 1386 4774 (Bonnsville,
1408 4689 1625 4769 Neuenstedt,
1648 4688 1766 4772 oppido
1784 4689 1827 4756 ad
1842 4691 1953 4758 laeum
1969 4692 2161 4759 Bielensem

146 4811 219 4898 ito)
237 4813 328 4881 insto
348 4810 386 4875 in
407 4807 569 4892 oolloquio
589 4806 719 4890 publioe
740 4812 957 4890 congregatos
979 4825 1000 4869 a
1020 4802 1152 4868 Farello
1174 4803 1364 4888 profligatos
1385 4822 1467 4869 esse.
1510 4803 1598 4867 Aeta
1619 4801 1719 4868 huius
1741 4801 1905 4886 colloquii,
1927 4812 1965 4868 ut
1984 4825 2026 4868 ex
2043 4803 2159 4870 eadem

146 4932 231 5007 patet
256 4921 412 5008 epistola,
438 4920 528 5006 typis
553 4918 712 4985 mandata
738 4926 772 4984 et
800 4917 923 5000 publici
949 4918 1030 4982 iuris
1051 4916 1140 4983 faeta
1161 4921 1252 4997 sunt,
1282 4914 1340 4981 sed
1367 4915 1496 4983 nullum
1523 4933 1663 4998 usquam
1684 4914 1855 4997 exemplar
1875 4935 1989 4980 eornm
2010 4916 2158 4998 reperire

147 5038 318 5118 potuimus
361 5031 441 5098 Non
462 5033 510 5098 ita
529 5031 634 5096 multo
655 5039 730 5115 post
750 5030 872 5096 missus
894 5036 945 5095 est
966 5028 1008 5094 ad
1029 5028 1207 5095 Oalvinum
1229 5051 1248 5094 e
1268 5028 1506 5109 remotissimis,
1528 5032 1569 5092 ut
1588 5024 1710 5092 ibidem
1732 5027 1788 5102 ait,
1813 5026 2005 5110 regionibus
2033 5026 2094 5110 (an
2115 5048 2159 5092 ex

147 5145 301 5214 flandria
326 5152 388 5212 aut
415 5167 477 5229 per
502 5142 618 5211 Gallos
645 5143 860 5228 Argentorati
887 5141 1060 5227 degentes,
1093 5141 1282 5225 nesoimus)
1314 5139 1447 5206 libellus
1474 5138 1592 5225 gallioe
1619 5139 1775 5223 seriptus,
1807 5158 1906 5221 quem
1933 5145 1972 5202 ut
1999 5139 2162 5204 refutaret

1911 5263 1950 5318 C*
