4620 5894
148 206 212 269 607
893 196 1162 267 REFU'PA'I'IO
1184 196 1419 266 ERRORUM
2107 202 2164 265 603

145 388 211 455 nisi
232 394 319 455 esset
339 386 592 471 exstinguibilis.
637 384 742 467 Quasi
763 404 843 451 vero
869 386 1019 453 imbutus
1040 392 1128 451 esset
1178 407 1246 452 non
1272 385 1424 469 protinus
1457 394 1569 451 tamen
1602 406 1697 451 snam
1728 386 1958 453 substantiam
1995 385 2163 452 0001010-

145 478 220 553 [pag.
240 478 316 553 205]
339 473 465 539 Ρο0100
486 470 667 539 Servetieis
688 472 882 537 eommentia
904 471 945 537 00
962 470 1126 554 spirituali
1177 472 1289 537 stillat.
1335 471 1494 537 Eiusdem
1511 472 1588 537 libri
1607 476 1647 535 34
1665 472 1773 556 eapite
1796 472 1879 539 dieit
1900 472 1988 537 Elin
2010 472 2108 537 simul
2127 494 2162 539 ae

145 559 283 641 spiritus
304 578 380 625 eum
402 560 512 623 anima
528 556 697 622 mixtione.
711 558 737 633 ¹)
775 555 852 637 Quo
872 577 972 623 sensu
993 566 1127 621 moneat
1177 558 1249 622 Deo
1272 558 1381 623 visum
1402 558 1511 635 fuerit,
1534 566 1712 623 retractum
1735 558 1776 623 ab
1798 557 1936 623 homine
1954 560 1999 621 iri
2015 558 2162 640 spiritum

144 644 273 710 Paulus
300 643 610 709 Thessalonieenses
643 664 685 707 ne
723 642 875 724 spiritum
904 642 1125 726 exstinguant,
1177 656 1212 706 et
1232 644 1358 707 flatum.
1403 642 1467 707 His
1490 644 1599 708 verbis
1626 643 1735 725 potius
1756 652 1894 709 notatur
1922 642 2057 726 fragilis
2078 664 2164 709 erea-

144 749 209 795 nee
229 730 313 794 mihi
335 729 466 793 diffieile
488 738 539 794 est
560 726 676 805 dinero,
699 747 760 793 nee
778 726 867 810 0000
884 726 1008 793 sobrios
1026 728 1127 791 anxia
1177 736 1262 803 tura,
1285 749 1384 811 quam
1405 727 1590 793 essentialis
1612 728 1725 793 deitas.
1773 728 1922 795 Addueit
1940 726 2105 795 Servatus
2124 750 2162 795 ex

146 816 351 899 expositione
378 813 512 897 indiget
557 814 738 895 Postquam
767 814 856 877 enim
883 811 923 877 de
945 812 1126 895 prophetiis
1176 812 1312 878 Psalmo
1337 818 1412 877 104:
1439 814 1565 879 Emitte
1586 814 1739 897 spiritum
1761 824 1868 889 tunm,
1897 824 1934 880 et
1956 814 2161 893 creabuntur,

144 922 214 965 000
246 899 440 983 spernendis
471 906 682 982 praeeeptum
715 897 815 977 dedit,
855 898 1010 962 00001000
1041 906 1125 981 post,
1177 906 1211 961 et
1232 898 1407 964 renovabis
1427 899 1545 965 faeiem
1568 910 1683 963 000000.
1728 900 1802 965 Ηο0
1823 921 1930 981 quum
1959 898 2004 963 ad
2026 899 2160 982 quodvis

145 1008 211 1069 000
242 986 305 1051 0101
343 984 450 1067 magis
488 984 627 1050 sollieite
661 990 808 1061 eaveant,
847 982 995 1049 terrendi
1028 1002 1127 1049 00000
1178 984 1395 1049 animantium
1417 1005 1522 1067 genus
1543 986 1714 1067 pertineat,
1736 984 1875 1051 canibus
1896 994 1934 1051 et
1956 984 2063 1049 asinis
2079 1005 2161 1051 eom·

145 1072 286 1148 subiioit,
309 1071 369 1135 tali
386 1078 576 1152 eontemptu
593 1070 747 1153 spiritum
765 1069 942 1153 exstingui,
965 1076 1126 1151 quatenus
1177 1070 1290 1135 munis
1323 1068 1492 1135 nobiseum
1528 1070 1630 1135 deitas
1663 1070 1734 1135 erit
1781 1072 1885 1153 Atqui
1908 1068 2078 1136 Servatus
2098 1092 2161 1134 ser-

144 1154 718 1237 001110001000100001000110000.
764 1154 881 1237 Itaque
910 1153 951 1219 00
973 1152 1125 1218 refellen·
1177 1174 1308 1219 monem
1331 1153 1372 1219 00
1395 1154 1500 1219 halitu
1522 1155 1634 1220 divino
1650 1156 1850 1234 instituerat,
1872 1177 1940 1239 quo
1964 1154 2161 1221 discernitur

145 1242 223 1307 dam
245 1240 377 1308 Servati
399 1242 578 1317 vesaniam,
600 1240 685 1304 nihil
706 1240 768 1305 hoe
790 1238 888 1304 Pauli
910 1238 997 1305 01000
1017 1240 1126 1321 000100
1178 1239 1276 1303 homo
1309 1262 1329 1304 a
1362 1240 1468 1305 brutis
1495 1240 1683 1322 pecudibus.
1726 1241 1948 1307 Eeolesiastes
1976 1245 2025 1305 12.
2050 1241 2160 1323 eapite,

144 1328 239 1393 eitari
260 1336 402 1409 poterat:
425 1326 505 1409 quia
524 1327 660 1410 spiritus
678 1326 861 1403 exstinotie,
883 1325 925 1389 ab
942 1326 1013 1389 eius
1031 1324 1126 1389 donis
1177 1326 1330 1407 spiritum
1352 1323 1495 1391 hominis
1520 1326 1557 1389 in
1590 1336 1695 1391 morte
1716 1327 1758 1391 ad
1779 1328 1891 1391 Deum
1925 1326 2041 1391 redire
2067 1334 2161 1392 testa·

144 1413 324 1478 essentiam
345 1412 519 1476 manifeste
541 1411 705 1477 discernit.
1149 1436 1153 1447 ·
1178 1418 1241 1487 tur,
1264 1410 1320 1492 qni
1342 1409 1432 1475 dedit
1453 1410 1558 1475 illum.
1591 1412 1696 1495 Atqui
1712 1411 1810 1495 longe
1827 1410 1921 1476 aliud
1939 1422 1992 1476 est
2011 1411 2160 1495 spiritum

231 1499 273 1561 In
295 1498 404 1579 eapite
426 1496 590 1561 tricesimo
610 1496 741 1579 longius
768 1500 942 1578 proventus
964 1501 1024 1571 est,
1058 1492 1126 1557 dei·
1178 1492 1249 1559 dari
1286 1517 1306 1560 a
1334 1496 1415 1571 Deo,
1447 1518 1546 1577 quam
1581 1496 1843 1562 substantialiter
1873 1498 1986 1579 ipsum
2023 1496 2158 1563 infundi

143 1590 250 1649 tatem
281 1584 447 1647 hnmanae
481 1582 611 1647 animae
644 1581 756 1647 statim
791 1579 1002 1645 aereationo
1030 1578 1125 1643 attri·
1177 1580 1306 1645 Iesaiao
1328 1584 1381 1657 42,
1408 1580 1502 1647 Deus
1524 1584 1677 1664 spiritum
1699 1604 1798 1647 suum
1818 1584 1967 1648 Messiae
1988 1584 2158 1667 promittit,

144 1668 261 1735 bueus.
305 1667 403 1733 Nune
425 1667 466 1731 de
487 1686 574 1731 nova
595 1689 655 1749 per
675 1665 802 1731 Christi
824 1666 965 1748 gratiam
986 1684 1124 1761 regene-
1177 1678 1216 1729 ut
1236 1666 1394 1731 iudieium
1422 1671 1497 1745 [000.
1516 1671 1592 1747 207]
1619 1666 1773 1751 gentibus
1808 1670 1964 1751 00010000
2012 1667 2159 1733 Peoulia-

146 1755 276 1819 ratione
313 1773 380 1817 uon
422 1753 542 1835 agitur,
583 1750 641 1816 sed
675 1751 716 1816 00
751 1751 919 1816 eommuni
953 1750 1125 1814 hommum
1177 1772 1249 1816 rem
1282 1752 1425 1835 gratiam
1456 1772 1521 1834 qua
1558 1753 1726 1819 ornandus
1765 1764 1837 1819 erat
1868 1752 2047 1831 Christus,
2087 1752 2158 1819 Ser·

145 1848 273 1904 natura.
318 1838 461 1903 Iusitnm
484 1858 562 1921 ergo
583 1838 685 1901 fuisse
711 1836 819 1919 primo
846 1835 972 1899 homini
995 1833 1125 1898 deitatis
1176 1846 1274 1901 vetus
1301 1836 1343 1899 00
1371 1844 1476 1901 totum
1511 1838 1695 1903 humanum
1724 1860 1828 1922 genus
1863 1838 1986 1916 trahit,
2026 1840 2159 1921 quasia

145 1924 303 2007 spiritum
324 1922 485 1988 Servatus
507 1921 688 1987 contendit:
712 1932 744 1985 et
767 1922 932 2003 quianon
954 1920 1125 1994 assentior,
1177 1922 1308 2004 vulgari
1337 1924 1446 1987 earnis
1475 1944 1574 1989 sensu
1603 1925 1740 2005 spiritus
1760 1924 1887 1989 Christi
1910 1925 1999 1989 nihil
2023 1924 2158 1989 differat

145 2030 200 2075 me
221 2011 257 2074 iu
279 2009 426 2075 seholam
438 2007 585 2073 Simonis
606 2008 695 2091 magi
716 2006 854 2089 ablegat.
877 2004 1009 2071 Divinis
1030 2025 1125 2087 prae·
1176 2006 1336 2071 Eiusdem
1357 2008 1537 2089 prophetae
1556 2010 1663 2091 eapite
1686 2014 1736 2087 57,
1759 2011 1958 2091 pronuntiat
1979 2011 2077 2075 Deus
2099 2010 2160 2091 spi·

146 2095 251 2160 ditam
282 2094 384 2159 fuisse
419 2092 549 2159 dotibus
578 2092 672 2157 Adae
707 2093 861 2169 animam,
902 2088 990 2173 apud
1011 2110 1125 2155 omnes
1177 2093 1277 2156 ritum
1300 2114 1320 2155 0
1341 2114 1376 2157 00
1399 2092 1521 2177 egredi,
1555 2104 1589 2158 et
1616 2116 1651 2159 se
1678 2096 1776 2160 flatus
1804 2115 1931 2161 creare:
1964 2117 2086 2160 verum
2107 2095 2159 2159 ubi

146 2182 219 2264 pios
238 2181 274 2243 in
296 2180 445 2246 confesso
468 2188 525 2243 est.
571 2178 640 2243 Nee
663 2198 741 2242 vero
764 2178 799 2240 in
821 2184 914 2241 tanta
932 2175 1126 2241 excellentia
1176 2176 1365 2259 probaverit
1386 2178 1547 2244 Servatus
1567 2178 1680 2245 Deum
1708 2200 1780 2246 esse
1800 2187 1961 2257 autorem,
1998 2201 2045 2246 an
2067 2180 2158 2245 simul

147 2264 344 2331 eelebranda
365 2284 385 2327 a
407 2264 537 2329 deitatis
559 2263 693 2327 nomino
711 2262 886 2326 abhorreo:
908 2261 1005 2326 sieuti
1023 2261 1125 2324 etiam
1177 2263 1318 2338 evineat,
1349 2285 1390 2327 ex
1417 2266 1488 2329 eius
1515 2263 1699 2329 substantia
1724 2265 1922 2347 partieulam
1950 2267 1987 2329 in
2016 2265 2159 2349 singulos

146 2354 311 2434 seriptura
333 2350 375 2415 00
396 2349 576 2433 imaginem
597 2348 663 2412 Dei
688 2348 865 2411 formatum
892 2346 994 2410 fuisse
1019 2345 1124 2409 homi·
1176 2347 1327 2413 homines
1348 2350 1559 2413 transfundi?
1606 2349 1772 2431 Quorsum
1798 2351 1851 2415 his
1878 2351 2083 2417 testimoniis
2104 2372 2159 2414 an-

146 2458 224 2501 nem
250 2434 370 2500 doeens
403 2432 585 2514 1000010000
616 2434 687 2497 0100
714 2432 819 2496 menti
840 2430 972 2497 divinae
1001 2430 1124 2513 gloriae
1149 2460 1152 2473 ·
1176 2446 1328 2498 numeret
1359 2435 1504 2517 primum
1525 2436 1686 2501 Iohannis
1719 2446 1826 2517 eaput,
1861 2458 1929 2501 non
1950 2434 2064 2502 video:
2099 2436 2159 2501 nisi

146 2529 242 2587 notas
262 2520 366 2584 fuisse
388 2518 552 2601 iutelligit
606 2516 736 2583 Verum
770 2518 867 2600 longe
900 2516 964 2581 0110
996 2516 1125 2597 rapitur
1148 2492 1152 2547 1
1176 2518 1262 2599 0000
1285 2518 1354 2584 11110
1381 2520 1440 2584 lux
1461 2521 1526 2584 Dei
1548 2521 1734 2586 illuminare
1756 2519 1877 2585 dieitur
1906 2522 2096 2586 hominem:
2129 2530 2159 2584 et

146 2604 316 2679 Servetua
339 2604 530 2670 Promethei
551 2602 696 2667 fabulam
713 2602 806 2667 nobis
825 2622 999 2679 renovans,
1021 2602 1124 2684 parti·
1176 2604 1232 2685 qni
1255 2604 1434 2685 perfidem
1456 2614 1651 2690 eoeptentur
1671 2607 1706 2670 in
1726 2606 1792 2671 Dei
1813 2605 1908 2683 lilios,
1938 2606 2100 2673 dieuntur
2120 2628 2158 2671 ex

146 2692 256 2757 aulam
278 2712 377 2756 aurae
398 2688 546 2756 eoelestis
568 2687 662 2753 nobis
680 2688 752 2753 vult
771 2708 843 2753 esse
860 2688 1002 2752 insitam.
1026 2686 1122 2763 Nam,
1175 2690 1248 2753 Deo
1270 2692 1381 2773 geniti.
1426 2690 1494 2757 Sed
1516 2690 1592 2757 inde
1611 2691 1781 2757 Servetioa
1800 2690 1904 2757 deitas
1927 2692 2004 2757 eliei
2027 2693 2159 2757 minime

146 2799 186 2843 00
207 2784 301 2855 teste,
322 2776 473 2859 ingenita
492 2783 543 2839 est
563 2775 658 2839 nobis
677 2772 861 2838 essentialis
882 2771 1002 2837 deitas:
1025 2793 1122 2854 qnam
1175 2782 1297 2856 potest:
1337 2798 1439 2859 quum
1478 2778 1587 2859 potius
1625 2778 1767 2842 infusam
1807 2780 1934 2860 gratiae
1966 2779 2159 2861 qualitatem

146 2862 210 2928 etsi
242 2863 364 2927 fatetur
396 2882 438 2925 ex
466 2866 561 2943 parte
583 2858 725 2924 deletam
751 2878 831 2938 0000,
864 2866 992 2941 partem
1013 2870 1124 2921 tamen
1176 2861 1379 2944 evangelista
1408 2862 1622 2927 eommendet.
1680 2861 1776 2926 Adde
1808 2862 1894 2944 quod
1928 2864 2025 2946 prius
2058 2884 2157 2928 mem·

1175 2943 1272 3009 brum
1295 2946 1336 3011 ad
1359 2969 1566 3013 eommunem
1587 2956 1750 3025 naturam,
1773 2948 1916 3012 alterum
1938 2949 1981 3013 ad
2006 2950 2157 3031 spiritua·

148 2948 293 3031 aliquam
310 2946 418 3011 adhue
438 2945 564 3010 salvam
581 2952 707 3010 restare
724 2944 850 3009 asserit.
871 2942 945 3009 Hoe
963 2942 992 3008 si
1008 2962 1125 3007 verum

146 3044 206 3111 est,
235 3042 391 3115 sequetur
418 3030 570 3095 omnibus
598 3030 706 3094 earnis
735 3030 826 3095 vitiis
847 3028 913 3093 Dei
948 3027 1122 3093 essentia-m
1149 3004 1152 3089 1
1176 3030 1242 3095 lom
1280 3033 1541 3115 regenerationis
1579 3034 1722 3115 00001000
1760 3042 1894 3115 speetat
1946 3034 2021 3099 Nee
2061 3035 2157 3099 etiam

144 3120 281 3185 involvi.
326 3118 451 3183 Errare
484 3125 518 3181 et
550 3115 617 3179 labi
649 3113 801 3180 omnibns
832 3113 926 3179 nobis
951 3133 1126 3178 oommnne
1149 3106 1152 3117 '
1177 3115 1310 3182 Servati
1331 3117 1445 3183 delirio
1465 3120 1668 3202 suffragatur
1695 3118 1782 3200 quod
1804 3118 1884 3183 dicit
1905 3119 2039 3185 Paulus
2060 3122 2157 3186 Aeto-

146 3214 207 3271 ost.
261 3204 353 3268 Deus
378 3223 456 3285 ergo
484 3201 688 3285 ignorantiae
716 3198 875 3265 obnoxius
902 3200 975 3265 erit.
1020 3198 1124 3279 Quot-
1177 3224 1252 3267 rum
1278 3207 1328 3266 17:
1364 3204 1432 3269 Nos
1464 3204 1500 3267 in
1522 3202 1596 3267 Deo
1618 3224 1698 3279 0000,
1728 3204 1842 3269 010000
1863 3210 1898 3267 00
1919 3204 2065 3269 moveri:
2097 3224 2157 3287 000

145 3297 225 3373 0000
246 3294 321 3367 [pag.
345 3293 421 3367 206]
447 3287 594 3370 perversi
613 3286 751 3350 effeetus
766 3286 802 3348 in
820 3285 965 3349 animam
983 3284 1124 3349 hominis
1177 3286 1259 3352 nihil
1283 3286 1371 3352 aliud
1394 3289 1566 3371 signifieat,
1603 3310 1702 3371 quam
1723 3286 1764 3352 ab
1786 3290 1883 3353 unioo
1905 3288 1964 3354 illo
1987 3292 2080 3355 fonte
2102 3309 2156 3353 nos

145 3382 348 3457 eompetnnt,
389 3372 526 3436 totidem
564 3370 759 3453 corruptelis
790 3370 979 3436 subiicietur
1022 3370 1122 3435 Deus.
1149 3424 1152 3475 Ι
1176 3374 1310 3437 haurire
1332 3373 1490 3456 quidquid
1513 3374 1672 3439 habemus
1694 3373 1827 3457 vigoris,
1861 3384 1900 3438 00
1934 3376 2005 3438 vita
2038 3384 2156 3449 nostra,

145 3460 300 3541 Denique
321 3459 462 3522 erassior
484 3464 536 3521 est
557 3458 656 3521 huius
678 3455 784 3520 delirii
807 3455 1002 3532 absurditas,
1025 3477 1125 3537 quam
1149 3486 1152 3529 ι
1176 3481 1236 3541 000
1257 3480 1292 3523 so
1314 3460 1417 3524 fluida
1438 3470 1471 3523 et
1492 3459 1688 3537 umbratilis,
1710 3460 1745 3523 in
1767 3460 1839 3541 ipso
1862 3457 2032 3525 subsistat
2061 3462 2156 3526 (1000·

145 3555 185 3609 00
216 3545 346 3627 longius
378 3542 529 3607 insistere
561 3562 695 3606 neeesse
734 3542 785 3605 sit.
847 3539 936 3621 Quia
975 3539 1124 3605 dixeram
1176 3545 1287 3627 logum
1326 3545 1474 3609 locorum
1506 3566 1604 3627 quem
1636 3555 1788 3609 texuerat
1813 3542 1976 3611 Servetus
2016 3548 2156 3611 breviter

145 3650 253 3711 00000
276 3650 295 3692 0
315 3628 494 3710 0000110010,
521 3646 627 3708 00000
647 3626 810 3708 apostolis,
840 3648 946 3707 00000
968 3626 1123 3709 martyri·
1176 3631 1397 3712 perstringere
1420 3630 1524 3707 libuit,
1558 3640 1596 3695 00
1627 3652 1742 3695 rursus
1769 3643 1989 3714 agnoscerent
2011 3632 2155 3707 lectores,

145 3716 210 3781 bus
229 3713 407 3797 quidquam
428 3713 529 3776 fuisse
551 3711 616 3775 tale
638 3711 828 3793 cogitatum,
856 3709 1015 3775 Servatus
1048 3712 1123 3776 doe·
1176 3736 1276 3796 quam
1296 3724 1486 3779 reverenter
1507 3716 1703 3798 0001000000]
1736 3724 1879 3781 mantare
1901 3716 2018 3783 soleat.
2063 3716 2156 3799 Quod

145 3808 235 3865 00000
266 3798 349 3862 mihi
381 3799 523 3880 opponit.
577 3797 691 3861 Unum
723 3795 840 3860 saltem
872 3797 1024 3877 proferat
1069 3798 1124 3860 Ex
1149 3832 1152 3883 l
1176 3800 1326 3865 homines
1347 3808 1481 3866 0000000
1503 3812 1536 3865 00
1557 3822 1639 3866 saxa
1655 3821 1675 3864 0
1692 3820 1745 3865 me
1761 3802 1834 3865 fieri
1852 3802 2061 3873 criminatur.
2084 3802 2156 3884 0010

146 3884 342 3971 quibusdam
364 3883 559 3948 Tertulliani
581 3890 615 3946 et
635 3882 766 3945 1000001
793 3880 871 3946 10010
893 3882 1004 3946 funum
1026 3902 1125 3963 supra
1149 3888 1152 3909 '
1176 3886 1242 3949 illis
1264 3885 1418 3950 deitatem
1440 3907 1507 3950 000
1531 3886 1684 3963 tribuam,
1714 3886 1836 3967 aliquid
1865 3888 2005 3952 haberet
2034 3888 2154 3964 eoloris,

145 3974 254 4038 faeere
280 3969 432 4035 tentavit.
477 3966 544 4033 Sed
572 3988 669 4049 quum
697 3965 837 4031 evanida
862 3968 962 4031 luerit
989 3969 1123 4049 0000100,
1176 3972 1205 4036 01
1226 3972 1315 4035 inter
1336 3972 1445 4035 Deum
1467 3980 1501 4034 et
1523 3978 1657 4035 truneos
1684 3971 1768 4034 nibil
1796 3984 1884 4036 esset
1909 3972 2070 4037 medium.
2113 3974 2155 4037 Et

144 4057 323 4123 leotoribus
345 4066 494 4119 00000000
516 4054 704 4135 0011100001)
725 4053 767 4115 10
788 4052 927 4117 01000010
944 4054 1125 4135 scripturae
1176 4066 1286 4121 tamen
1317 4066 1356 4119 ut
1388 4058 1532 4121 maxime
1560 4057 1671 4121 valeat
1693 4056 1825 4121 Servati
1857 4058 2059 4140 apotheosis,
2092 4080 2154 4123 nou

145 4143 227 4209 loeis
244 4163 302 4207 000
320 4160 411 4205 more
429 4136 717 4222 plusquamprodi
791 4146 850 4202 est
872 4136 1125 4219 SpiravitDeus
1176 4143 1365 4207 eximentur
1398 4142 1547 4207 homines
1575 4142 1616 4207 ab
1645 4142 1707 4207 hoe
1727 4141 1863 4223 probro,
1892 4143 2029 4225 0000οο
2051 4146 2155 4209 Deum

143 4228 313 4295 viventem
335 4226 480 4289 animam
501 4224 536 4288 in
557 4223 676 4289 Adam.
719 4158 830 4303 {dior
852 4245 895 4287 00
913 4234 951 4287 00
973 4243 1066 4288 snam
1088 4224 1124 4288 in
1176 4226 1350 4309 10100100,
1373 4226 1514 4309 lapidem
1538 4247 1610 4292 esse
1628 4227 1706 4293 dieit
1723 4228 1872 4306 Epistola
1890 4232 1920 4305 6,
1944 4230 2153 4311 00010οὂ80.

143 4336 221 4379 enm
255 4312 411 4377 deitatem
450 4306 720 4374 translimderet‘l
782 4308 928 4390 'l'empus
961 4309 1124 4374 vindietae
1150 4314 1152 4349 ¹
1176 4312 1262 4376 Item
1285 4313 1319 4376 in
1338 4312 1510 4395 Apologia,
1533 4314 1655 4395 pagina
1674 4316 1745 4389 603,
1768 4314 1878 4377 Deum
1897 4316 2028 4395 quoties
2045 4315 2154 4391 monti,

144 4419 224 4464 suae
247 4396 390 4464 Genesis
414 4400 433 4458 6
456 4395 618 4478 praefigit,
652 4414 695 4457 ne
717 4401 876 4475 perpetuo
904 4394 1032 4459 rixetur
1058 4396 1124 4477 spi·
1177 4410 1235 4461 aut
1255 4396 1364 4481 lapidi,
1397 4408 1456 4461 000
1477 4398 1610 4479 0100100
1643 4400 2012 4481 [0002001000001010
2047 4401 2154 4466 deitati

143 4486 229 4549 ritus
251 4504 332 4549 suus
353 4503 429 4547 eum
450 4480 593 4544 homine.
638 4478 702 4544 Ubi
725 4477 856 4542 deitatis
878 4478 1020 4544 inlusio?
1065 4481 1123 4546 Iob
1178 4483 1365 4566 0000010000
1386 4504 1470 4565 0000
1491 4484 1527 4547 10
1550 4484 1689 4567 singulis
1711 4492 1769 4548 est

145 4573 186 4633 33
209 4570 315 4652 eapite
336 4568 460 4632 fatetur
481 4587 516 4631 se
536 4575 683 4631 ereetum
700 4584 771 4629 esse
788 4565 853 4628 Dei
876 4566 1004 4647 spiritu,
1039 4567 1125 4630 vivi·
1264 4568 1378 4645 Porro,
1408 4590 1508 4649 quum
1542 4570 1577 4632 in
1609 4576 1739 4633 0000000
1772 4578 1883 4650 patres
1910 4570 1968 4652 001
1997 4569 2155 4655 sublege

144 4656 280 4719 fieatnm
315 4655 386 4717 eius
423 4652 594 4734 spiraculo.
639 4650 741 4733 Atqui
764 4650 856 4715 Deus
890 4671 950 4714 nos
984 4650 1124 4716 errando
1150 4646 1153 4697 1
1177 4654 1343 4731 vixerunt,
1379 4654 1489 4735 palam
1514 4664 1548 4718 00
1576 4654 1648 4719 0100
1670 4652 1868 4719 0000000010
1889 4674 2024 4738 semper
2046 4670 2155 4721 eontu-

1176 4739 1332 4803 meliosus
1353 4739 1459 4815 fuerit,
1483 4740 1603 4803 mirum
1626 4748 1678 4804 est
1699 4761 1757 4805 our
1779 4761 1868 4804 nune
1890 4743 1977 4805 serio
2001 4741 2155 4807 invidiam

358 4891 387 4901 ,,
449 4891 455 4902 ,
510 4890 538 4902 ,,
724 4888 729 4899 ,
816 4887 822 4898 ,
855 4888 861 4899 ,
1177 4825 1290 4908 fugere
1325 4824 1470 4907 incipiat.
1525 4826 1667 4908 Negavit
1707 4825 1860 4907 spiritum
1899 4828 2156 4910 regenerationis

146 4972 166 5010 a
185 4889 308 5010 (addend
311 4890 776 5026 asgufflqglgffn2¹⁸nffinfflfm
788 4892 922 4942 1111110111
947 4888 1125 4945 1111111111
1178 4922 1329 4975 sanetum
1352 4909 1411 4975 sub
1434 4910 1506 5008 lege
1529 4910 1641 4975 (latum
1664 4911 1776 4975 fuisse:
1805 4918 1906 4992 atque
1929 4912 1992 4978 hoe
2015 4914 2155 4979 eontinet

215 5024 246 5089 2)
265 5024 335 5077 blais
353 5026 377 5079 10
396 5043 461 5094 croy
479 5043 529 5094 000
549 5027 574 5078 10
592 5026 637 5093 luy
656 5044 688 5093 00
708 5025 809 5079 011000
826 5024 900 5081 00010
918 5032 979 5081 0000
997 5044 1047 5081 000
1065 5028 1125 5081 ferd
1178 4994 1303 5094 XXXI
1330 4998 1515 5078 1110110111110·
1566 4996 1664 5059 Nunc
1698 5016 1750 5059 11111
1781 4996 1953 5061 11111111111111
1987 4999 2154 5097 1119111100

144 5108 199 5163 qne
218 5093 264 5148 nul
281 5092 342 5148 n’en
360 5100 426 5160 pent
442 5094 504 5161 plus
522 5104 593 5148 estre
613 5095 705 5148 00000.
1151 5122 1153 5133 ·
1177 5102 1269 5164 quaer
1290 5080 1405 5145 frande
1428 5081 1469 5145 00
1496 5082 1672 5165 prophetae
1695 5081 1881 5157 extendam,
1917 5084 2008 5167 quod
2030 5106 2154 5151 nonnisi
