4620 5894
2150 42 2153 47 .
2204 48 2208 79 2
2230 36 2300 85 ²2⁵⁷*

213 233 279 301 tot
1019 228 1151 296 VERA
1171 226 1434 295 ECCLESIAE
2173 233 2237 297 aaa

214 418 290 503 quis
310 439 353 485 ex
375 416 515 485 adverso
534 416 682 499 obiiciat,
711 439 779 484 non
805 418 902 484 aliter
922 437 985 485 nos
1005 417 1079 485 fieri
1099 417 1201 500 parti-
1253 416 1326 495 fiat,
1354 422 1392 480 ut
1412 414 1486 482 Deo
1508 416 1612 481 simus
1626 417 1769 499 accepti.
1815 415 1854 483 Si
1875 438 1976 502 opera
1996 438 2072 484 cum
2092 418 2240 503 grauia

216 505 307 589 cipes
335 503 463 571 Christi
490 503 649 583 iustitiae,
677 525 777 587 quam
804 503 884 570 dum
916 505 987 570 eius
1018 503 1138 587 spiritu
1165 502 1202 567 in
1253 501 1399 567 iustitiae
1425 502 1642 585 imputatione
1663 503 1881 583 misceantur,
1904 502 2009 569 altera
2028 523 2109 569 mox
2130 524 2239 571 emer·

217 589 441 657 obedientiam
468 588 553 674 legis
565 589 588 671 ¹)
617 609 833 671 renovamur,
858 588 921 656 hoc
941 588 1074 672 quidem
1095 590 1203 654 laten·
1253 596 1310 686 get
1335 589 1495 669 quaestio,
1524 608 1693 672 quousque
1725 589 1761 652 in
1792 587 1997 656 conciliando
2024 587 2092 655 Dei
2123 589 2239 657 favore

217 675 300 742 dum
322 681 387 741 est:
415 674 474 741 sed
494 676 531 740 in
559 696 578 739 r
620 675 822 755 oneratione,
830 673 859 761 ²)
887 674 1127 758 qualiscunque
1148 674 1201 753 sit,
1253 670 1311 737 rlla
1339 672 1486 739 valeant:
1520 693 1563 738 an
1590 674 1672 739 haec
1698 679 1773 753 [pag.
1793 679 1848 754 aa]
1868 675 2062 758 praecipuas
2089 674 2240 742 obtineat

215 782 379 847 negamus
406 761 592 827 constituen
617 781 672 826 am
699 782 771 827 esse
801 759 973 827 iustitiam.
1024 760 1140 844 Neque
1166 758 1201 824 id
1253 766 1375 841 partes,
1398 781 1442 823 an
1459 759 1554 842 quasi
1575 759 1713 825 inferius
1735 761 1778 825 sit
1799 758 2046 826 adminiculum.
2086 761 2131 825 In
2148 760 2239 829 huno

215 846 355 913 facimus
376 846 431 913 vel
455 845 610 930 litigandi
637 846 763 925 studio,
785 846 839 914 vel
860 847 938 929 quia
959 846 1053 923 nihil,
1075 844 1199 930 quodi)
1252 843 1388 909 modum
1417 845 1445 909 si
1476 844 1680 911 distrahatur
1701 845 1816 911 salutis
1844 845 1977 925 fiducia,
2000 845 2086 911 nihil
2116 847 2240 930 poterit

216 933 328 999 minus
349 931 444 997 nobis
464 931 602 1015 placeat,
624 932 767 998 velimus
785 932 1067 1017 praetermissum.
1093 931 1203 1014 Urget
1254 950 1354 1012 quam
1375 930 1538 996 vacillare.
1584 929 1674 1012 Quid
1695 930 1757 997 hoc
1779 931 1869 997 aliud
1891 939 1954 1011 est,
1975 952 2074 1014 quam
2097 932 2236 999 subver-

215 1038 276 1083 nos
294 1038 394 1084 causa
409 1019 553 1083 maxime
569 1019 763 1084 necessaria.
786 1019 910 1103 Agitur
925 1018 1016 1083 enim
1032 1017 1202 1084 conscien·
1253 1022 1323 1081 tere
1345 1016 1387 1081 ab
1417 1017 1483 1082 imo
1504 1015 1777 1082 fundamentum?
1832 1018 1948 1101 Itaque
1968 1017 2087 1083 merito
2109 1017 2238 1085 Paulus

215 1104 282 1169 tiae
309 1102 546 1186 tranquillitas:
577 1104 650 1169 sine
676 1125 744 1186 qua
769 1125 830 1169 nos
857 1123 972 1169 omnes
998 1103 1201 1169 miserrimos
1253 1100 1330 1165 fidei
1349 1102 1512 1167 iustitiam
1533 1103 1569 1167 in
1590 1111 1799 1186 peccatorum
1825 1103 2021 1169 remissione
2042 1102 2238 1186 simpliciter

215 1209 288 1256 esse
310 1194 453 1271 oportet,
472 1188 540 1254 imo
562 1188 630 1254 iam
653 1188 722 1255 fere
741 1188 894 1272 perditos.
940 1187 1130 1270 Quaeritur,
1151 1189 1203 1253 in-
1251 1185 1399 1265 includit,
1422 1187 1543 1255 docens
1565 1209 1638 1253 eam
1665 1187 1836 1255 aDavide
1858 1187 2011 1269 describi,
2033 1208 2140 1272 quum
2161 1189 2238 1257 bsc-

236 1294 330 1353 uam,
353 1270 492 1339 ubinam
511 1282 583 1340 tuto
605 1275 817 1358 acquiescant
844 1275 1075 1354 conscientiae,
1100 1296 1202 1357 quum
1253 1280 1325 1338 tum
1348 1273 1516 1339 hominem
1538 1274 1743 1358 pronunciat,
1768 1274 1822 1339 cui
1844 1296 1910 1339 non
1931 1275 2141 1357 imputantur
2161 1296 2237 1359 pec-

214 1295 256 1425 de
277 1359 385 1425 salute
407 1366 524 1425 nostra
551 1361 670 1443 agitur.
721 1359 760 1427 Si
781 1360 1009 1444 inquietudine
1031 1362 1203 1445 agitantur
1255 1366 1328 1424 cata
1356 1359 1465 1441 (Rom.
1485 1367 1515 1439 4,
1536 1367 1571 1439 63
1599 1358 1760 1439 Psal.32,
1782 1361 1824 1441 1).
1874 1360 1921 1425 Et
1952 1366 2041 1426 certe
2066 1359 2235 1427 beatitudo

213 1444 267 1513 vel
300 1445 477 1523 haesitant,
486 1444 516 1528 ⁴)
556 1445 682 1511 Paulus
721 1446 881 1529 (Romd,
903 1446 957 1530 14)
998 1447 1202 1512 exinanitam
1254 1444 1322 1524 illa,
1352 1446 1444 1511 cuius
1465 1445 1578 1511 David
1607 1446 1767 1524 meminit,
1796 1467 1838 1510 ex
1857 1445 1984 1511 iustitia
2004 1452 2129 1512 manat
2174 1444 2236 1513 Se-

213 1550 286 1597 esse
318 1529 420 1597 fidem
459 1530 562 1595 docet
617 1530 658 1596 Id
692 1539 804 1597 autem
836 1532 1022 1599 necessario
1054 1530 1201 1599 accidere
1254 1531 1368 1612 quitur
1391 1552 1485 1614 ergo,
1508 1553 1568 1597 nos
1590 1552 1627 1596 eo
1650 1552 1721 1596 csse
1742 1531 1862 1609 iustos,
1885 1531 1963 1615 quia
1984 1530 2080 1597 nobis
2103 1538 2236 1615 peccota

211 1615 421 1700 pronunciat,
444 1615 602 1699 quamdiu
623 1617 658 1681 in
682 1622 756 1696 [pag.
772 1623 827 1698 81]
846 1617 954 1703 legem
972 1618 1162 1703 respiciunt.
1171 1617 1201 1702 ὁ)
1254 1636 1322 1680 non
1349 1617 1565 1699 imputantur.
1621 1615 1719 1683 Unde
1747 1628 1781 1681 θῖ
1808 1616 1894 1681 hanc
1922 1615 2039 1683 salutis
2063 1617 2236 1683 scientiam

213 1699 306 1783 Quid
328 1701 454 1785 igitur?
490 1700 538 1768 Ut
559 1700 653 1768 nobis
675 1702 765 1769 salus
786 1710 924 1783 constet,
947 1704 1047 1770 simul
1068 1724 1201 1770 necesse
1253 1712 1423 1785 nuncupat
1443 1703 1480 1767 in
1501 1704 1627 1769 cantico
1649 1724 1707 1768 suo
1722 1701 1898 1768 Zacharias
1920 1702 2017 1782 (Luc.
2040 1706 2067 1779 l,
2090 1702 2157 1787 77),
2179 1702 2236 1768 ubi

213 1794 266 1853 θεῖ
288 1794 414 1853 certam
436 1795 587 1853 constare
608 1789 754 1854 iustitiae
775 1788 938 1856 fiduciam.
967 1790 1078 1855 Huius
1097 1810 1201 1872 quau·
1252 1787 1292 1851 do
1313 1796 1523 1871 peccatorum
1545 1789 1737 1854 remissione
1754 1809 1870 1853 sumus
1887 1787 2001 1853 edocti.
2035 1787 2080 1852 In
2096 1808 2234 1868 summa,

214 1872 415 1955 tulaounque
444 1892 521 1955 pars
549 1873 586 1937 in
619 1874 772 1956 operibus
805 1875 906 1940 fuerit
939 1877 1097 1958 reposita,
1127 1884 1201 1940 tan·
1252 1873 1511 1954 meminerimus,
1534 1896 1601 1939 non
1623 1874 1677 1940 hio
1699 1873 1891 1956 simpliciter
1913 1872 1953 1938 de
1974 1872 2151 1956 multiplici
2172 1872 2235 1939 Dei

212 1979 312 2042 quam
340 1978 459 2041 parum
486 1957 589 2024 solido
623 1959 837 2026 fundamento
876 1961 1025 2041 suffulta,
1059 1961 1199 2027 nutabit.
1254 1980 1333 2043 erga
1360 1981 1420 2024 nos
1448 1960 1556 2043 gratia
1583 1980 1655 2025 osse
1688 1959 1945 2042 disputationem
1978 1958 2037 2024 sed
2063 1957 2105 2023 dc
2137 1979 2236 2026 causa

211 2043 332 2109 Restat
359 2043 480 2127 igitur,
508 2054 546 2108 ut
574 2045 610 2108 in
633 2044 736 2110 solam
762 2053 973 2128 peccatorum
993 2047 1126 2114 veniam
1148 2068 1201 2112 re·
1253 2056 1384 2109 nostrae
1412 2067 1487 2111 cum
1519 2046 1591 2129 ipso
1618 2045 1908 2111 reconciliationis:
1937 2065 2021 2127 quae
2049 2045 2116 2111 nisi
2136 2045 2234 2113 unies

212 2129 356 2195 cumbet.
412 2128 520 2194 Plana
551 2150 606 2194 res
633 2142 698 2209 est,
733 2151 802 2195 non
826 2133 922 2198 aliter
949 2153 1008 2198 nos
1038 2154 1132 2216 posse
1165 2134 1200 2197 in
1253 2131 1424 2210 statuitur,
1455 2131 1547 2196 nulla
1568 2140 1627 2196 est.
1672 2131 1787 2214 Neque
1809 2131 1900 2195 enim
1921 2131 2085 2213 scriptura
2105 2138 2233 2214 partem

212 2212 280 2279 Dei
300 2212 462 2280 iudicium
482 2213 664 2297 intrepidos
685 2217 815 2296 venire,
845 2239 943 2301 quam
966 2219 993 2283 si
1016 2228 1105 2284 certo
1125 2239 1200 2301 per·
1253 2215 1416 2280 duntaxat
1441 2224 1573 2282 nostrae
1602 2218 1746 2282 iustitiae
1765 2217 1911 2281 mutuari
1937 2238 1957 2280 a
1978 2215 2111 2282 Christo
2134 2216 2231 2295 iubet

213 2301 301 2367 suasi
324 2299 438 2378 simus,
460 2321 536 2365 eum
558 2301 654 2367 nobis
676 2323 747 2367 esse
769 2310 912 2385 patrem:
940 2303 1027 2386 quod
1047 2304 1119 2369 fieri
1142 2325 1200 2369 ne·
1252 2312 1291 2365 ut
1313 2303 1465 2386 suppleat
1483 2303 1570 2386 quod
1593 2303 1746 2385 operibus
1767 2303 1891 2368 nostris
1913 2300 2018 2366 deest:
2043 2302 2103 2367 scd
2124 2300 2233 2386 palam

213 2385 294 2469 quit,
314 2386 394 2468 quin
416 2386 495 2451 iusti
513 2406 623 2450 eoram
641 2408 680 2452 eo
699 2408 898 2453 censeamur.
929 2388 1087 2471 Adeoque
1104 2410 1200 2473 prae·
1253 2394 1395 2453 testatur
1423 2388 1601 2470 apostolus,
1632 2390 1740 2472 ipsum
1768 2387 1862 2454 nobis
1890 2388 2013 2453 factum
2040 2407 2114 2453 esse
2141 2387 2231 2453 iusti·

211 2471 324 2539 clusus
358 2479 409 2537 est
437 2470 531 2536 nobis
560 2473 667 2537 omnis
694 2473 736 2536 ad
763 2474 873 2556 ipsum
902 2473 1027 2553 aditus,
1055 2476 1120 2540 nisi
1141 2497 1200 2558 pa·
1252 2473 1332 2537 tiam
1361 2476 1391 2556 (l
1419 2473 1493 2539 Cor.
1523 2479 1550 2553 1,
1577 2474 1644 2558 30).
1693 2476 1741 2539 Et
1763 2474 1856 2552 alibi,
1890 2495 1950 2539 nos
1979 2473 2013 2537 in
2035 2473 2107 2555 ipso
2128 2475 2232 2539 iustos

210 2558 403 2622 ternacius
431 2555 662 2623 benevolentia
683 2559 774 2638 freti,
801 2566 840 2625 ut
866 2568 993 2642 patrem
1015 2581 1083 2626 non
1105 2559 1200 2626 dubi·
1251 2579 1323 2624 esse
1351 2559 1438 2643 apud
1460 2559 1592 2639 Deum,
1618 2560 1695 2643 quia
1722 2580 1789 2624 non
1814 2559 2020 2642 imputentur
2047 2559 2144 2625 nobis
2166 2578 2231 2623 am·

210 2642 360 2724 tanterss)
390 2643 589 2710 invocemus.
636 2642 734 2725 Quod
761 2644 790 2709 si
818 2645 910 2710 nulla
938 2657 1072 2712 estnec
1099 2646 1198 2726 salus,
1223 2636 1226 2689 Ι
1249 2644 1337 2728 plius
1356 2654 1490 2728 peccata
1513 2650 1546 2729 (2
1567 2645 1642 2712 Cor.
1662 2649 1691 2723 ὁ,
1713 2652 1776 2723 19).

210 2746 273 2794 nec
290 2727 358 2793 Dei
379 2728 553 2807 invocatio,
576 2730 646 2795 sine
664 2730 845 2813 tranquilla
861 2738 1014 2814 certaque
1031 2734 1199 2799 conscien-
1336 2730 1609 2798 Commendanda
1636 2731 1768 2815 quidem
1796 2751 1926 2808 eorum,
1951 2750 2036 2812 quae
2057 2748 2079 2793 a
2100 2726 2232 2795 Christo

207 2814 276 2879 tiae
297 2812 429 2893 fiducia,
452 2835 567 2880 mrsus
587 2820 697 2881 autem
719 2836 882 2899 nusquam
900 2819 1104 2902 acquiescere
1121 2839 1197 2884 con·
1249 2816 1465 2899 percipimus,
1488 2818 1648 2883 bonorum
1669 2825 1743 2881 tum
1765 2815 1962 2901 amplitudo,
1984 2822 2057 2880 tum
2079 2815 2230 2893 varietas,

210 2898 351 2966 scientia
378 2906 501 2982 potest,
530 2901 596 2965 nisi
618 2902 654 2965 in
677 2908 768 2967 certa
794 2902 933 2969 iustitia:
968 2905 1041 2987 quis
1071 2904 1199 2970 dubitet
1250 2923 1356 2984 neque
1384 2903 1426 2968 ad
1453 2924 1556 2968 unam
1583 2905 1724 2986 speciem
1751 2903 1822 2968 eius
1852 2902 1994 2968 officium
2023 2900 2162 2985 vimque
2183 2920 2231 2966 re·

209 2991 314 3052 totam
346 2984 492 3051 hominis
520 2985 695 3067 iustitiam,
718 2988 771 3052 cui
793 2989 892 3053 inniti
913 2988 1024 3068 debet,
1053 2991 1199 3074 gratuita
1253 2988 1377 3072 stringi
1389 2988 1489 3055 decet
1518 2989 1589 3054 Nec
1606 3010 1693 3068 vero,
1717 3009 1820 3071 quum
1837 2987 1987 3053 homines
2000 2985 2144 3053 dicimus
2160 3006 2232 3072 gran

208 3077 427 3155 peccatorum
448 3072 644 3139 remissione
665 3073 848 3140 contineri?
864 3076 892 3159 ⁷)
935 3075 1066 3141 Fucum
1087 3076 1198 3159 itaque
1249 3074 1293 3139 tis
1315 3073 1488 3141 iustificari
1516 3074 1643 3141 Christi
1664 3075 1836 3153 beneficio,
1865 3070 2003 3139 tacenda
2023 3078 2077 3138 est
2097 3092 2233 3157 regene-

209 3157 339 3225 faoiunt
361 3156 573 3238 mediatores,
604 3160 660 3242 qui
688 3159 848 3225 iustitiam
869 3161 1100 3228 inhaerentem
1121 3183 1198 3228 con·
1249 3159 1387 3226 rationis
1409 3161 1531 3245 gratia:
1562 3161 1641 3244 quin
1666 3160 1777 3244 potius
1804 3158 2001 3238 cavendum,
2030 3178 2076 3223 ne
2097 3179 2120 3224 a
2139 3156 2231 3224 nobis

209 3263 343 3310 currere
367 3245 500 3329 fingunt
522 3266 598 3311 cum
620 3244 748 3312 Christi
769 3247 898 3327 merito,
921 3268 1023 3330 quum
1041 3246 1083 3312 de
1103 3248 1198 3313 iusti·
1250 3252 1461 3328 separentur,
1508 3267 1591 3328 quae
1637 3254 1796 3329 perpetuo
1839 3245 2004 3311 Dominus
2052 3243 2231 3329 coniungit

208 3327 337 3394 licando
367 3329 502 3396 homine
530 3329 709 3415 disputatio
736 3341 787 3399 θεῖ
815 3333 977 3399 instituta.
1025 3333 1199 3400 Eiusmodi
1250 3329 1340 3412 Quid
1361 3330 1461 3416 ergo?
1498 3330 1692 3398 Doceantur
1711 3331 1871 3411 homines,
1890 3331 1962 3397 fieri
1978 3350 2047 3395 non
2067 3350 2177 3413 posse,
2197 3335 2232 3395 ut

211 3435 394 3480 concursus
416 3414 611 3482 horribilem
639 3418 830 3484 conflictum
851 3421 959 3502 pariat
980 3439 1116 3486 necesse
1139 3428 1198 3499 est,
1249 3417 1330 3482 iusti
1357 3425 1555 3484 censeantur
1581 3417 1708 3483 Christi
1741 3419 1875 3497 merito,
1911 3416 1992 3499 quin
2029 3424 2233 3482 renoventur

212 3498 315 3565 donec
359 3521 498 3583 operum
535 3523 670 3585 prorsus
710 3503 816 3583 obliti,
855 3506 1045 3588 abiectaque
1082 3526 1198 3571 eorum
1250 3504 1321 3568 eius
1347 3503 1467 3586 spiritu
1491 3504 1527 3568 in
1554 3512 1702 3569 sanctam
1723 3503 1843 3570 vitam:
1873 3503 2059 3585 frustraque
2087 3501 2234 3585 gratuita

210 3584 430 3668 mentionc,⁸)
455 3608 521 3652 non
549 3588 696 3652 iustitiae
717 3589 815 3655 modo
842 3598 988 3673 partem,
1013 3590 1072 3657 sed
1093 3600 1198 3657 totam
1248 3588 1314 3654 Dei
1344 3594 1418 3669 [pag.
1442 3596 1497 3669 83]
1525 3588 1698 3672 adoptione
1728 3589 1863 3673 gloriari
1894 3608 2023 3666 omnes,
2056 3585 2233 3672 inquibus

211 3670 319 3754 ipsam
341 3670 377 3734 in
401 3671 543 3736 solidum
566 3696 586 3738 a
607 3672 742 3738 Christo
763 3681 964 3741 mutuamur.
975 3679 1004 3753 9)
1248 3675 1384 3757 spiritus
1405 3676 1662 3760 regenarationis
1680 3696 1746 3740 non
1766 3674 1901 3741 habitat.
1938 3674 2103 3756 Denique,
2124 3672 2233 3738 nullos

299 3755 436 3840 Negant
456 3757 567 3823 Deum
589 3760 713 3824 terreni
730 3758 846 3826 iudicis
863 3782 954 3827 more
972 3782 1070 3846 agere
1087 3762 1198 3829 nobis·
1250 3783 1270 3826 a
1291 3762 1364 3826 Deo
1385 3762 1488 3844 recipi
1508 3762 1545 3825 in
1567 3762 1716 3845 gratiam,
1739 3762 1794 3845 qui
1815 3780 1883 3825 non
1904 3760 1983 3824 iusti
2005 3778 2139 3842 quoque
2156 3778 2233 3825 vers

212 3862 303 3921 cum,
334 3850 374 3906 ut
401 3842 551 3909 absolvat
580 3852 724 3924 tantum,
756 3867 824 3910 non
845 3848 946 3912 etiam
968 3869 1047 3914 vera
1073 3848 1199 3912 iustitia
1250 3848 1340 3911 fiant.
1386 3845 1455 3912 Sed
1477 3847 1685 3913 distinctione
1707 3867 1789 3929 opus
1811 3852 1871 3926 est,
1894 3866 1937 3909 ne
1959 3866 2001 3910 ex
2023 3843 2156 3911 duobus
2177 3843 2232 3909 do·

212 3927 323 3993 donet.
359 3927 491 3994 Fateor.
526 3927 594 3995 Sed
616 3952 718 4014 quum
741 3930 866 4016 duplex
888 3932 987 3998 simul
1008 3932 1117 4017 gratia
1137 3954 1198 3998 no·
1251 3932 1304 3996 nis
1333 3931 1474 3997 alterum
1503 3933 1599 3998 alteri
1626 3932 1706 4016 quid
1735 3931 1876 4015 deroget
1921 3931 1977 3996 Ita
1997 3930 2060 3995 sibi
2082 3950 2233 3997 necessa·

213 4013 264 4080 bis
293 4034 313 4078 a
341 4012 479 4080 Christo
508 4017 711 4095 conferatur,
745 4015 787 4081 ad
812 4016 892 4101 quid
918 4025 1058 4102 utraque
1082 4018 1198 4098 valeat,
1251 4018 1337 4082 riam
1364 4038 1436 4083 esse
1463 4019 1608 4083 sentiant
1619 4021 1643 4099 ¹)
1677 4018 1960 4102 regenerationem
1991 4015 2052 4081 filii
2080 4014 2164 4097 Dei,
2196 4022 2233 4081 ut

212 4098 327 4165 sedulo
356 4100 630 4168 considerandum
657 4110 717 4170 est.
767 4104 866 4170 Nunc
893 4105 1077 4188 quaeritur,
1111 4104 1199 4170 unde
1249 4103 1382 4186 plenam
1406 4104 1623 4169 nihilominus
1652 4105 1712 4170 sibi
1741 4104 1901 4169 iustitiam
1926 4104 1962 4167 in
1989 4101 2127 4168 Christo
2156 4124 2233 4169 con·

1251 4196 1339 4255 stare
1357 4190 1471 4256 sciant.
1505 4190 1559 4256 Ita
1580 4211 1615 4255 sc
1637 4190 1826 4273 intelligant
1847 4188 1889 4253 ad
1910 4189 1999 4255 vitae
2020 4187 2233 4254 sanctitatem

1250 4275 1474 4358 bonorumque
1503 4296 1640 4358 operum
1666 4275 1811 4341 studium
1837 4281 1964 4340 creatos
1991 4286 2026 4340 et
2052 4272 2231 4351 ordinatos,

285 4388 314 4454 1)
333 4409 404 4460 pour
421 4393 507 4446 servir
524 4395 541 4448 p
557 4392 634 4447 Dieu.
1250 4362 1346 4426 utin
1373 4384 1478 4426 unum
1504 4362 1632 4427 Christi
1657 4363 1813 4426 meritum
1841 4368 1909 4425 toto
1931 4359 2034 4425 animi
2058 4359 2112 4425 sui
2133 4380 2232 4427 sensu

284 4456 315 4524 2)
333 4462 523 4529 regeneration
542 4478 577 4516 ou
595 4463 729 4517 sainctcte
746 4478 798 4530 que
816 4461 886 4517 Dieu
904 4479 973 4518 nous
991 4463 1088 4520 donne.
1249 4448 1451 4513 recumbant·
1496 4447 1549 4512 Ita
1570 4448 1730 4527 fruantur,
1754 4468 1818 4530 qua
1839 4444 1951 4511 donati
1969 4454 2057 4525 sunt,
2076 4446 2167 4512 vitae
2183 4446 2232 4511 iu·

286 4525 317 4595 3)
337 4527 503 4583 Germanica
521 4530 603 4584 malet
621 4530 738 4653 wm-
1251 4533 1350 4614 stitia,
1373 4540 1411 4598 ut
1433 4555 1472 4598 ea
1493 4540 1605 4598 tamen
1628 4532 1727 4598 diffisi
1748 4555 1815 4598 non
1837 4532 1936 4597 aliam
1954 4551 2056 4614 quam
2077 4531 2231 4598 obedien·

215 4593 1201 4735 „ngefigofflpfflfflssagamemn2333
1249 4620 1315 4684 crac
1337 4619 1462 4685 cuasa
1484 4618 1640 4685 crucam
1662 4620 1697 4683 in
1719 4618 1785 4683 ua
1805 4617 1963 4684 cunarum
1983 4617 2135 4683 casana

212 4732 390 4802 praesuma
405 4734 530 4802 tumens.
568 4735 668 4789 acuar
684 4736 824 4790 maecum
839 4735 917 4802 facit.
1337 4706 1462 4788 Atque,
1493 4713 1532 4769 ut
1560 4714 1790 4771 removeantur
1817 4703 1986 4788 ambages,
2020 4724 2157 4770 necesse
2183 4707 2231 4767 est

287 4799 318 4863 5)
336 4801 425 4856 tundis
443 4818 495 4870 que
512 4817 581 4858 nous
599 4819 685 4858 avons
704 4804 801 4871 esgard
820 4806 837 4860 h
853 4821 906 4860 noa
925 4822 1039 4862 oeuues.
1250 4791 1297 4855 ita
1318 4791 1354 4854 in
1377 4813 1504 4856 summo
1532 4791 1637 4875 gradu
1667 4790 1818 4856 collocari
1839 4810 1939 4874 quum
1960 4788 2026 4855 fide
2047 4790 2229 4855 obtinemus

289 4869 320 4935 6)
340 4868 394 4923 Ed·
412 4885 495 4938 serm·
511 4871 703 4952 mdubianter.
1036 4940 1042 4951 ‚
1251 4876 1427 4956 iustitiam,
1456 4884 1489 4942 et
1516 4897 1600 4960 quae
1627 4877 1731 4961 gratis
1758 4875 1852 4941 nobis
1880 4883 2013 4960 accepta
2047 4875 2166 4941 fertarr:
2194 4878 2228 4938 ut

286 4936 316 5005 7)
336 4937 435 4992 Gallus
451 4938 545 4994 addc.-
568 4955 619 4996 vsu
642 4939 721 5010 qn’en
743 4940 772 4994 la
793 4940 853 5012 Loy
875 4948 904 4997 et
925 4959 978 4998 noz
1003 4958 1110 4999 caumes
1128 4959 1197 4999 nous
1565 4973 1567 4976 ·

215 5020 318 5063 aurens
335 5008 473 5063 tousiours
491 5008 615 5064 difficulte
634 5017 663 5063 et
679 5009 814 5078 scrupulo.

284 5074 316 5142 8)
336 5082 364 5130 et
380 5075 441 5130 n’en
459 5076 560 5132 faisant
575 5093 610 5132 ne
628 5078 695 5133 misc
711 5094 746 5133 ne
764 5084 876 5134 recette.

286 5144 316 5212 9)
335 5152 495 5202 mutuemur.
534 5144 638 5201 Gallae.
656 5146 733 5202 Besa
749 5151 775 5202 et
790 5146 878 5203 Amat.
1321 5148 1350 5215 1)
1369 5158 1498 5207 censeant
1513 5149 1590 5206 Besa
1607 5157 1634 5207 et
1649 5151 1736 5206 Anat.
