4620 5894
929 213 1299 284 Puonnuolfflus.
1996 216 2121 286 XLIII

94 402 302 471 xusset
324 403 489 470 5555111.
502 404 544 469 D.
557 402 724 470 XLVIII
746 405 964 490 proposita
985 412 1027 470 et
1046 405 1262 489 publicata
1283 412 1324 472 et
1345 405 1393 472 ub
1415 406 1603 472 omnibus
1619 407 1794 493 Imperii
1815 407 2033 477 ordinibus
2054 429 2120 474 re-

97 521 241 599 cepta,
265 536 284 580 e
304 515 539 601 germanica
559 514 701 600 lingua
721 515 764 581 in
786 514 957 583 latinam
979 537 1094 600 quem
1117 517 1300 601 proxime
1322 517 1417 583 fieri
1438 519 1576 602 potuit
1592 541 1730 602 versa,
1753 526 1794 584 et
1815 521 1951 604 ipsius
1970 519 2119 586 Maies-

98 625 206 693 tstis
239 627 358 692 iussu
385 627 501 711 typis
532 646 685 692 excusa
712 634 810 694 oaett.
854 626 1040 695 Habuimus
1067 636 1237 712 praeterea
1264 627 1442 695 editionem
1470 630 1619 696 eiusdem
1646 632 1726 697 suni
1747 631 1999 716 Moguntinem,
2029 628 2118 713 apud

97 737 243 805 Ivonem
266 735 497 804 Sebosfferum
517 738 624 803 forma
644 738 792 804 maxima
811 738 1016 822 impressam,
1050 739 1200 805 Goldasti
1223 739 1483 807 Oonstitutiones
1503 741 1696 826 Imporisles
1718 744 1810 808 Tom.
1830 742 1865 821 I,
1892 750 1926 809 51
1948 740 1997 808 ed
2020 739 2119 807 bilin-

95 869 201 935 guem
223 849 358 932 Lipsiae
380 871 401 914 a
422 849 596 915 Teubnero
617 870 646 914 a.
674 853 767 916 1855.
790 854 819 916 8.
842 851 1028 935 vulgatam,
1055 859 1192 917 curante
1214 851 1251 918 0.
1276 853 1313 916 Τ.
1335 852 1506 938 Hergang.
1552 855 1664 938 Atque
1688 854 1740 919 his
1762 852 1855 919 libris
1876 854 2034 937 inspeetis
2057 851 2119 918 du·

98 961 222 1044 plicem
242 967 356 1026 textus
383 961 608 1027 recensionem
630 967 762 1027 exstars
784 961 968 1041 didicimus,
992 982 1094 1045 quum
1116 963 1275 1029 editiones
1300 984 1503 1048 genevenses
1525 964 1677 1046 plurimis
1698 965 1734 1028 in
1756 964 1837 1031 locis
1857 966 1898 1032 ab
1921 964 2118 1031 authenticis

97 1071 347 1156 exemplaribus
368 1073 577 1157 Augustanis
598 1072 768 1140 recedant:
791 1094 869 1140 oum
890 1073 942 1137 his
963 1074 1089 1139 faciunt
1105 1075 1304 1159 Moguntina
1326 1081 1359 1140 et
1378 1073 1428 1140 ed.
1453 1073 1585 1154 Caluini
1606 1076 1664 1141 illa
1685 1077 1806 1160 spuria,
1835 1095 1933 1160 quam
1956 1097 2016 1141 nos
2038 1076 2119 1141 sim·

95 1182 230 1267 pliciter
252 1184 478 1268 germanicam
498 1183 696 1263 vocabimus,
719 1190 791 1249 tum
807 1185 915 1251 versio
937 1185 1065 1270 gallica,
1089 1184 1230 1270 denique
1252 1195 1286 1252 51
1307 1185 1552 1253 recentissimus
1575 1184 1681 1252 editor
1702 1187 1925 1272 Hergangius.
1960 1186 2114 1254 Goldasti

96 1300 214 1359 textus
234 1316 316 1361 vero
338 1315 561 1380 genevensem
585 1297 743 1379 sequitur.
789 1295 1032 1362 Deolarationis
1054 1297 1287 1380 imperatoriae
1309 1297 1551 1383 praeliminaris
1574 1295 1659 1364 duae
1680 1305 1812 1364 exstent
1833 1299 2040 1366 recensiones
2062 1297 2119 1364 vel

94 1406 210 1490 potius
237 1407 407 1472 versiones
434 1408 568 1472 omnino
598 1405 749 1472 divorsae
777 1408 957 1491 germanici
981 1407 1171 1494 archetypi,
1199 1431 1340 1493 quorum
1362 1408 1500 1475 alterum
1525 1410 1660 1492 praebet
1681 1411 1850 1494 exemplar
1873 1410 2117 1494 Augustanum,

94 1516 241 1584 alteram
251 1518 503 1603 Mogontinum3
524 1517 617 1583 illsm
638 1518 788 1583 referunt
805 1519 905 1584 otiam
916 1519 1104 1585 Oalviniani
1125 1520 1212 1602 libri,
1234 1522 1424 1605 germanica
1442 1519 1673 1606 etHergangii
1691 1522 1800 1602 editio,
1823 1522 1910 1588 hanc
1924 1520 2114 1588 Goldastus.

93 1628 250 1697 Ulterius
271 1631 308 1695 in
328 1630 491 1714 originem
513 1637 547 1693 51
568 1651 685 1696 causas
707 1629 808 1695 huius
830 1629 1067 1714 discrepantiae
1089 1632 1255 1716 inquirere
1277 1630 1539 1717 supersedimus,
1568 1653 1671 1716 quum
1692 1632 1725 1698 id
1749 1633 1790 1699 ad
1812 1640 1961 1700 nostrsm
1982 1633 2116 1716 provin·

93 1742 185 1808 mam
202 1743 373 1825 pertinere
394 1762 462 1806 non
491 1741 667 1807 videretur.
712 1742 877 1807 Miramur
903 1749 1017 1807 tamen
1045 1742 1136 1808 illam
1166 1744 1255 1809 viros
1283 1741 1410 1821 doctos,
1443 1744 1472 1810 si
1501 1766 1543 1810 ex
1570 1745 1790 1812 recentissimi
1819 1744 1954 1810 editoris
1983 1743 2114 1809 silentio

96 1852 325 1920 wnieetursm
346 1853 458 1920 facere
480 1852 565 1930 licet,
588 1851 758 1936 hucusque
778 1852 912 1938 fugisse.

106 2052 111 2059 Ι
257 1962 380 2029 Vorsio
407 1962 512 2029 libelli
534 1961 724 2030 calviniani
749 1963 867 2048 gallica
893 1965 1037 2048 primum
1063 1965 1185 2048 prodiit
1214 1987 1300 2032 anno
1329 1970 1426 2046 1549,
1454 1974 1489 2032 et
1515 1968 1637 2032 iterum
1663 1971 1754 2031 1559.
1798 1968 1925 2033 Prioris
1947 1967 2118 2050 exemplar

95 2076 287 2159 accepimus
313 2096 332 2140 5
360 2073 559 2141 bibliotheca
587 2074 623 2141 S.
647 2074 847 2143 Genovevas
874 2077 1079 2160 parisiensis,
1111 2078 1300 2162 posterioris
1328 2079 1481 2158 unicum,
1510 2078 1597 2161 quod
1624 2079 1781 2157 spismae,
1809 2078 1873 2161 ipsi
1902 2077 2115 2162 possidemus.

93 2186 193 2253 Inter
213 2207 252 2253 se
271 2207 315 2252 ne
337 2208 405 2251 nno
426 2186 558 2271 quidem
579 2186 646 2252 iota
666 2208 774 2270 neque
796 2189 888 2272 apice
910 2208 976 2253 uno
1000 2187 1165 2268 differunt,
1189 2189 1259 2256 sola
1280 2190 1360 2256 anui
1381 2196 1461 2256 nota
1481 2191 1517 2255 in
1538 2189 1635 2254 titulo
1657 2195 1808 2272 excepta,
1839 2174 1923 2274 quse
1946 2211 2000 2255 ros
2021 2189 2115 2257 nobis

96 2298 323 2383 suspicionem
344 2297 463 2377 movit,
492 2303 643 2364 nostrum
666 2298 836 2383 exemplar
854 2299 933 2364 olim
951 2298 993 2365 ab
1014 2300 1123 2384 aliquo
1147 2301 1231 2367 male
1254 2303 1370 2367 feriato
1393 2301 1492 2368 sciolo
1514 2301 1670 2367 falsatum
1691 2301 1808 2381 fuisse,
1839 2301 1895 2385 qui
1922 2301 2117 2386 nescioquo

97 2411 268 2497 proposito
288 2396 408 2476 ludens
431 2429 524 2476 eraso
541 2415 723 2476 numeret
746 2411 873 2477 calamo
895 2415 914 2474 5
936 2411 1150 2477 substituerit.
1184 2412 1271 2478 Nem
1293 2413 1355 2481 hoo
1377 2413 1499 2498 siglam
1523 2418 1551 2494 5,
1576 2412 1720 2479 secunda
1739 2412 1813 2479 vice
1835 2413 1986 2495 positum,
2009 2414 2117 2480 forms

97 2521 199 2606 psulo
226 2543 249 2587 s
277 2519 487 2613 praecedenti
519 2519 685 2605 discrepat
717 2530 750 2588 et
776 2529 967 2607 ,atramento
1000 2524 1116 2591 scribis
1144 2524 1265 2590 usitato
1298 2525 1422 2610 pictum
1454 2524 1600 2605 videtur,
1635 2522 1723 2608 quod
1755 2530 1866 2589 temen
1906 2524 1946 2589 ob
1980 2524 2116 2590 chartae

98 2635 301 2700 tenuitatem
321 2654 429 2716 neque
451 2653 556 2716 aquae
578 2653 684 2716 neque
706 2633 832 2700 cultelli
854 2655 915 2717 ope
937 2635 1129 2700 examinare
1156 2636 1229 2701 ausi
1250 2657 1374 2702 sumus.
1420 2635 1589 2720 Quidquid
1612 2637 1670 2714 sit,
1698 2635 1822 2700 librum
1846 2635 1948 2700 semel
1971 2635 2116 2723 descrip-
2244 2690 2246 2694 .

99 2745 181 2812 sisse
204 2744 356 2811 sufficiet.
401 2744 531 2811 'situlus
554 2752 616 2811 est:
1474 2761 1476 2765 “

255 2869 583 2953 ΠΙΝΤΕΒΙΜ.
624 2875 631 2980 Ι
673 2880 1241 2969 555115155,Ι555115155
1262 2884 1360 2950 nar·
1379 2882 1385 2970 Ι
1404 2882 1493 2950 oua
1516 2882 1610 2951 svs
1632 2883 1722 2950 555
1745 2884 1931 2970 515551
1950 2894 2115 2953 russos

98 3003 148 3059 LA
165 3003 270 3059 RELI-
290 2993 296 3078 Ι
315 2995 404 3079 gion,
426 3014 469 3059 en
492 2992 648 3076 quelques
669 2993 764 3060 villes
787 2994 936 3077 5115515
957 2994 1195 3079 d'Allemagne.
1222 2996 1228 3081 Ι
1253 2995 1378 3063 Avso
1400 2996 1466 3062 LA
1487 2995 1652 3061 VRAYE
1679 2995 1837 3063 FACON
1861 2995 1867 3080 Ι
1892 2993 1933 3061 de
1956 2996 2116 3063 reformor

99 3104 239 3191 l’Eglise
249 3104 479 3184 Obrestiennc,
501 3103 506 3189 Ι
525 3111 558 3170 51
574 3106 808 3189 appointerlos
826 3106 983 3173 differens
995 3106 1050 3189 qui
1070 3104 1075 3192 Ι
1094 3114 1172 3171 sont
1180 3128 1223 3173 en
1234 3105 1336 3173 icelle.
1366 3100 1372 3206 Ι
1399 3095 1488 3178 Par
1513 3095 1574 3178 M.
1601 3095 1705 3179 Iean
1736 3093 1899 3178 05111111.
1928 3091 1934 3197 Ι
1962 3114 2116 3180 (Emeum

101 3241 138 3297 r·
156 3242 282 3298 samer
304 3256 370 3298 m
392 3239 581 3311 reserasse.)
607 3242 612 3311 Ι
635 3263 657 3298 r.
675 3260 745 3297 nso
766 3263 823 3297 m
849 3245 854 3307 1
877 3221 1054 3305 Donnes
1073 3251 1178 3306 vous
1192 3223 1327 3334 garde
1350 3223 1409 3306 du
1427 3223 1570 3307 leuain
1586 3219 1590 3336 Ι
1608 3224 1684 3307 (155
1698 3224 1957 3307 Pharisiens.
1988 3242 1993 3312 Ι
2022 3239 2114 3304 1549.

256 3361 383 3427 Forma
404 3361 575 3427 octonaria
595 3361 715 3428 minor.
760 3360 1002 3443 Quaterniones
1024 3362 1211 3446 quindecim
1239 3383 1317 3429 oum
1344 3363 1480 3430 dimidio
1502 3364 1629 3450 (s-q)
1656 3365 1797 3450 paginae
1825 3370 2019 3430 numeratae
2041 3368 2115 3434 248.

101 3472 241 3539 Interim
261 3472 385 3559 legitur
405 3494 437 3557 p.
461 3477 578 3553 3-88,
601 3480 733 3540 caetera
749 3471 910 3540 Calvinus
931 3472 1040 3538 hebet.
1089 3474 1130 3540 In
1152 3477 1219 3540 fine
1234 3477 1358 3541 unicus
1380 3483 1512 3540 tantum
1532 3475 1623 3541 locus
1644 3474 1680 3542 S.
1704 3474 1739 3543 S.
1763 3475 1926 3561 allegatur
1946 3481 1960 3538 l
1984 3474 2058 3542 Oor.
2079 3482 2113 3542 5:

101 3585 162 3651 Vn
182 3605 261 3669 peu
283 3582 330 3650 de
352 3584 514 3650 Levsin
541 3585 748 3670 enaigrist
774 3593 887 3650 toute
909 3583 949 3649 la
970 3591 1095 3667 55515.
1140 3584 1329 3651 Declaratio
1357 3586 1601 3671 praeliminaris
1636 3587 1737 3653 abest.
1781 3587 1876 3653 Folio
1902 3586 1991 3653 tituli
2020 3609 2115 3654 verso

103 3696 181 3764 luteo
201 3696 361 3781 inscripta
381 3697 539 3779 reperies:

1000 3849 1211 3916 munem.

978 3987 1151 4066 Huictain,
1184 4009 1246 4072 par

1056 4106 1083 4171 Ι.
1117 4107 1157 4172 Β.

806 4225 1010 4310 Moiutcsfois
1031 4247 1071 4290 oo
1085 4248 1184 4308 pense
1204 4233 1328 4293 boscos

721 4337 893 4422 Becueoup
914 4339 952 4403 do
970 4339 1084 4422 graius
1105 4359 1143 4403 en
1164 4337 1237 4404 belle
1255 4339 1360 4423 perbe:

722 4449 814 4516 Mais
834 4450 943 4532 quand
961 4469 995 4514 cc
1015 4450 1099 4514 51551
1120 4450 1141 4516 ὰ
1163 4449 1360 4532 l'esprouocr,

720 4557 756 4629 11
775 4565 829 4645 n'g
850 4583 871 4626 a
891 4561 961 4626 rica
981 4566 1108 4627 souoent
1129 4581 1187 4644 que
1207 4560 1327 4628 l'berbc.

720 4672 767 4738 Le
786 4672 1019 4739 monstrosiores
1039 4672 1078 4739 de
1098 4677 1159 4739 cest
1179 4671 1318 4753 adverbe,

722 4783 774 4850 Ne
795 4788 962 4864 15555555,
985 4783 1123 4866 Lectum
1144 4804 1249 4850 eaeor:

723 4893 797 4977 Cor,
814 4896 900 4961 51551
918 4916 978 4979 que
998 4897 1045 4963 dit
1066 4896 1094 4962 le
1109 4894 1267 4978 procede,

722 5006 803 5073 Tout
822 5027 854 5074 ce
875 5008 1061 5090 5511515151
1080 5011 1159 5074 a’ect
1172 5027 1239 5089 pos
1258 5027 1303 5073 or.

927 5126 1063 5194 Potens
1089 5127 1244 5209 1515555.
