4620 5894
85 258 151 322 ιιι
179 189 222 215 ”
911 252 1282 323 commemoro.
1969 196 1976 205 ⁹
2036 260 2103 324 no

85 445 209 529 signet:
233 442 289 510 vel
309 441 497 511 matribuat
518 442 625 508 clerus
647 440 826 521 dioceseos,
849 442 904 509 vel
927 465 947 509 a
969 467 1066 510 cano·
1119 445 1224 524 ciant,
1252 452 1289 510 ιιι
1316 443 1403 511 sedis
1431 443 1627 527 apostolicae
1655 443 1804 527 delegati.
1850 444 1942 528 Ergo
1970 445 1999 510 si
2027 447 2101 529 quis

85 531 169 596 nicis
188 530 323 594 ineatur
344 527 409 593 alia
430 528 523 593 ιιιὶο.
556 528 646 593 Istae
662 549 742 593 vero
759 526 975 595 disiunctivac
992 541 1066 594 tan·
1120 532 1290 614 episcopus
1317 529 1500 594 molestiam
1528 529 1637 596 abbati
1664 530 1816 595 facesset:
1849 549 1928 594 mox
1955 531 2101 597 interve-

84 614 225 682 trmdem
245 615 367 693 valent,
390 635 429 680 ac
449 615 478 678 si
500 613 637 679 totidem
659 614 798 680 saeculis
820 636 873 680 res
895 616 1065 698 protrahe·
1120 617 1189 680 niet
1208 616 1407 698 provocatio.
1442 616 1568 681 Romae
1586 623 1705 699 agetur
1723 634 1829 680 causa.
1864 613 1948 695 Quis
1967 616 2099 682 exitus?

85 709 189 768 retur.
694 770 697 775 ,
1119 702 1218 768 Prius
1240 708 1344 768 totam
1370 702 1569 784 scripturam
1595 701 1749 767 monaehi
1783 699 1961 779 vorabunt,
2001 722 2101 785 quam

172 784 377 862 similasse,
406 784 492 867 quod
515 784 556 851 de
577 785 746 868 magistris
768 786 961 852 subiiciunt:
987 809 1066 851 nam
1119 796 1281 872 cogantur
1304 787 1540 853 adlectionem
1563 807 1663 851 unam
1685 785 1891 852 audiendam.

85 879 124 939 ιιι
149 870 334 938 sacerdotia
360 870 396 935 in
423 892 499 936 eum
526 891 624 936 usum
651 871 875 951 conferantur,
899 893 1066 955 nunqnam
1204 874 1318 952 Porro,
1337 895 1379 938 ne
1399 872 1485 955 quod
1504 872 1631 938 celebre
1649 873 1861 958 gymnasium
1874 874 1899 956 ¹)
1917 871 2101 957 theologica

85 955 288 1042 sperandum
316 967 374 1021 est.
419 956 528 1022 Multo
555 977 634 1023 vero
655 957 780 1034 minus,
802 965 842 1021 ut
862 959 1004 1041 episcopi
1026 959 1067 1024 de
1118 959 1257 1024 lectione
1285 967 1408 1025 careat:
1439 958 1621 1043 principes,
1643 980 1681 1023 ac
1703 957 1903 1040 respublicas
1927 958 2101 1024 hortantur

84 1065 203 1111 mensa
225 1064 287 1107 sua
308 1042 488 1125 quidquam
509 1042 694 1107 detrahant.
736 1041 897 1125 Superest
919 1046 1065 1123 tertium,
1119 1044 1160 1109 ad
1188 1053 1340 1127 sumptus
1369 1043 1591 1109 conferendos.
1644 1041 1748 1124 Quasi
1776 1042 1918 1107 multum
1946 1043 2101 1127 ponderis

82 1139 121 1195 ut
137 1131 310 1213 episcopus
329 1126 462 1193 modum
480 1129 621 1210 aliquem
640 1128 801 1211 dispiciat.
837 1131 939 1212 Atqui
957 1130 1066 1212 prius-
1118 1129 1272 1195 habitura
1293 1131 1337 1194 sit
1359 1130 1581 1212 perfunctoria
1603 1130 1685 1194 haee
1707 1128 1954 1194 commendatio.
1998 1130 2100 1195 Prae·

81 1236 182 1300 quam
198 1216 288 1279 inter
304 1234 381 1278 eum
398 1222 432 1278 et
454 1214 578 1279 clarum
597 1213 637 1278 de
655 1214 895 1280 contributione
913 1216 953 1280 lis
970 1217 1066 1280 finia-
1119 1217 1232 1281 sertim
1253 1238 1353 1298 quum
1376 1216 1456 1280 satis
1474 1224 1611 1293 constet,
1634 1215 1711 1298 plus
1728 1215 1881 1297 centuplo
1901 1215 2100 1300 ingurgitari

82 1310 153 1381 tur,
182 1300 313 1383 sepulta
341 1300 405 1364 erit
425 1300 611 1365 Tridentini
635 1299 764 1365 concilii
786 1303 954 1367 memoria.
998 1302 1065 1366 Ne·
1119 1301 1160 1365 ab
1183 1303 1294 1367 otiosis
1317 1302 1496 1379 ventribus,
1519 1323 1618 1384 quam
1641 1301 1728 1384 quod
1748 1301 1784 1365 in
1807 1300 1896 1366 hunc
1914 1321 2012 1364 usum
2030 1301 2100 1366 suf-

81 1408 146 1471 qne
169 1387 232 1452 hoo
254 1386 409 1470 ignorant
428 1384 505 1450 boni
523 1385 725 1451 decretistae.
758 1384 827 1451 Sed
844 1386 966 1469 aliquid
983 1389 1065 1471 fingi
1090 1362 1093 1435 l
1118 1390 1239 1453 ficeret.
1273 1387 1343 1452 Gur
1360 1409 1439 1471 ergo
1456 1385 1533 1451 indo
1551 1387 1662 1471 potius
1679 1388 1765 1451 sumi
1787 1407 1855 1450 non
1872 1385 2098 1469 praecipiunt?

81 1473 237 1557 oportuit,
260 1493 303 1536 ne
325 1472 437 1536 statim
458 1471 567 1554 palam
590 1474 692 1550 fieret,
716 1472 801 1535 nihil
821 1494 893 1538 esse
916 1479 1035 1537 actum.
1117 1474 1182 1536 nisi
1206 1475 1281 1554 quia
1304 1482 1431 1552 cavent,
1455 1472 1557 1537 veluti
1580 1473 1657 1536 data
1678 1493 1787 1554 opera,
1811 1471 1954 1554 nequid
1976 1474 2043 1537 fiat.

169 1556 337 1639 Quartum
360 1566 458 1638 caput
480 1559 508 1621 si
530 1556 635 1622 obiter
655 1557 800 1641 legatur,
829 1580 896 1623 non
923 1580 1064 1641 parvum
1205 1558 1348 1639 Quando
1371 1558 1517 1624 eiusdem
1547 1559 1679 1643 generis
1701 1566 1781 1623 sunt
1802 1557 1938 1640 reliqua,
1961 1578 2027 1622 non
2048 1566 2101 1623 est

81 1652 246 1709 terrorem
273 1643 445 1708 monachis
474 1644 623 1708 incutere
651 1651 765 1725 queat,
798 1665 841 1708 ne
868 1643 910 1708 ad
939 1645 1065 1709 theolo·
1118 1643 1203 1727 quod
1232 1645 1440 1710 excutiendis
1466 1643 1588 1709 talibus
1609 1644 1738 1709 naeniis
1768 1645 1870 1708 bonas
1894 1643 1991 1709 horas
2013 1644 2099 1710 male

81 1730 171 1814 giam
185 1731 212 1812 ¹)
233 1736 436 1794 revocentur.
471 1727 539 1794 Sed
558 1728 644 1793 duae
662 1737 742 1793 sunt
758 1729 825 1794 illic
844 1730 1063 1811 exceptiones,
1118 1728 1262 1812 perdam.
1308 1731 1444 1796 Certum
1473 1731 1606 1812 quidem
1638 1740 1702 1807 est,
1731 1750 1786 1794 eos
1809 1727 1909 1794 verba
1930 1728 2099 1794 fundando

81 1837 166 1899 qnae
184 1815 350 1880 amnicos
370 1814 628 1879 metuliberant
659 1818 732 1893 [pag.
748 1820 821 1894 132]
840 1815 956 1897 Neque
975 1817 1065 1880 enim
1117 1815 1262 1881 voluisse
1292 1817 1445 1882 tenebras
1472 1816 1641 1881 offundere
1670 1815 1889 1898 simplicibus,
1916 1824 1955 1879 ut
1976 1814 2099 1898 aliquid

82 1900 160 1966 tlibi
180 1901 339 1966 lectiones
361 1899 531 1979 ordinant,
561 1921 659 1982 quam
681 1899 738 1964 ubi
760 1902 825 1965 erit
846 1899 1063 1967 commodum.
1118 1901 1166 1966 rei
1188 1903 1322 1968 subesse
1345 1906 1421 1982 [pag.
1443 1906 1517 1981 133]
1541 1901 1722 1979 crederent,
1746 1901 1849 1966 donec
1870 1900 2098 1984 experimento

81 1989 185 2070 Atqui
208 1986 338 2052 nullum
360 1995 412 2050 est
431 1988 677 2062 monasterium,
701 1985 788 2068 quod
810 2007 878 2065 non
900 1988 943 2051 sit
971 1988 1065 2053 bonis
1118 1985 1289 2066 discerent,
1311 2010 1346 2055 se
1366 1989 1466 2053 fuisse
1485 1986 1625 2053 delusos.
1660 1986 1818 2070 Quisquis
1836 1995 1949 2051 autem
1967 1986 2097 2052 unciam

82 2073 234 2139 amnibus
263 2072 382 2137 studiis
409 2073 516 2156 magis
537 2071 752 2154 inhospitale,
775 2094 873 2155 quam
894 2072 975 2138 olim
997 2073 1064 2158 Gy·
1118 2072 1218 2138 habet
1240 2075 1312 2140 sani
1334 2074 1456 2153 iudicii,
1478 2095 1607 2140 mecum
1630 2083 1787 2158 agnoscet
1807 2071 1892 2136 nihil
1914 2093 1987 2138 esse
2004 2093 2098 2155 prae-

82 2158 216 2243 clopum
237 2157 338 2242 regio.
349 2160 375 2237 ²)
419 2158 462 2221 In
492 2156 636 2223 secunda
657 2179 736 2222 vero
759 2160 862 2223 tutius
884 2159 1065 2224 etiamnum
1117 2167 1168 2224 ter
1190 2180 1327 2226 raucum
1349 2159 1525 2226 verborum
1544 2181 1704 2238 murmur,
1726 2157 1813 2242 quod
1827 2180 1869 2223 ne
1886 2159 1949 2241 ipsi
1966 2157 2099 2241 quidem

84 2246 261 2328 quiescent.
302 2243 500 2310 Mandatum
523 2244 612 2307 enim
634 2243 732 2307 datur
755 2245 925 2327 episcopis,
947 2253 987 2309 ut
1008 2246 1065 2311 ab·
1118 2245 1268 2310 exaudiri
1291 2246 1418 2312 volunt.

83 2329 174 2396 butes
197 2329 407 2413 compellant,
432 2330 459 2394 si
481 2329 688 2413 negligentes
710 2330 842 2395 fuerint.
887 2329 992 2414 quue
1017 2332 1065 2396 la·

895 2601 1051 2670 sunus
1072 2602 1245 2672 susem.
1257 2605 1286 2690 3)

224 2778 280 2821 um
296 2756 353 2820 loc
369 2761 427 2822 tem
451 2777 504 2821 ore
525 2778 587 2822 non
604 2759 693 2822 sine⁴
729 2759 913 2823 animorum
931 2760 1065 2839 mauro,
1198 2811 1204 2823 .
1293 2811 1299 2824 .
1330 2812 1336 2825 .
1690 2812 1696 2824 .
1820 2811 1826 2824 .
1884 2811 1890 2823 .

85 2850 110 2911 ά
133 2762 231 2929 932⁴,-
264 2776 502 2909 Ecclesiastico,
533 2845 667 2908 unitatis
696 2759 895 2924 {fem-mento,
936 2866 1066 2911 mma
1119 2809 1169 2875 De
1191 2809 1398 2877 rnrbecdlitale
1419 2817 1553 2876 naturae
1575 2831 1612 2910 aa
1635 2811 1722 2894 lepis,
1747 2812 1791 2877 ad
1812 2810 2027 2891 ιιιιιβοοιιᾱοι
2048 2810 2099 2876 do

204 2950 239 2993 a·
261 2929 530 2995 ammianum
552 2929 826 3010 neronianae
843 2931 1065 2996 neumae
1551 2917 1659 2962 meus.

235 3020 265 3081 et
288 3015 423 3098 pluriam
454 3016 671 3096 ornnipotentis
691 3014 771 3093 Dei,
798 3015 958 3082 Emlesim
980 3022 1065 3082 tran-
1204 3015 1295 3101 ΙΝ)
1338 3016 1492 3081 Declarol
1516 3021 1625 3082 sanda
1650 3015 1808 3098 Synodus,
1837 3017 1881 3081 ad
1901 3015 2099 3095 iustificatio-

84 3102 286 3183 pietaten,
317 3106 346 3165 et
374 3102 556 3165 animarum
583 3101 731 3181 salutem,
759 3108 960 3167 eanosaneta
980 3123 1065 3168 οιοιι-
1117 3103 1170 3168 nie
1191 3102 1369 3168 doctrinam
1380 3102 1548 3186 proprisi)
1567 3102 1733 3167 accineem
1748 3101 1991 3184 intellipendam,
2010 3120 2099 3180 opor·

84 3189 204 3254 ιιιιιιοο
230 3184 420 3253 Tridentino
449 3186 607 3268 Synodus,
642 3187 678 3251 in
707 3185 832 3268 Spiritu
858 3193 963 3254 sancto
991 3187 1065 3271 lepi-
1117 3193 1186 3268 tere,
1208 3193 1243 3252 ut
1263 3189 1480 3269 unusquisque
1502 3192 1657 3271 apnoscot,
1679 3193 1707 3252 et
1726 3187 1876 3269 fateatur,
1898 3185 1980 3268 quod
2001 3205 2099 3267 quum

84 3277 154 3339 lime
175 3277 370 3357 canprepota,
386 3272 642 3353 praesident-ibus
664 3273 700 3336 in
721 3293 759 3337 ea
779 3275 902 3339 ramnine
926 3273 1065 3340 Sanctis-
1117 3294 1221 3339 omnes
1249 3274 1389 3340 domines
1416 3276 1452 3337 in
1473 3274 1746 3355 praevaricatione
1771 3272 1865 3338 Adae
1891 3271 2098 3336 innocentiam

85 3360 156 3426 ιιιιιι
176 3360 215 3425 iu
243 3357 367 3424 Uiriato
390 3358 515 3436 Patris,
537 3365 566 3421 et
587 3358 630 3424 D.
655 3358 700 3424 N.
723 3358 837 3438 Pauli,
859 3359 971 3425 divina
986 3379 1063 3441 pro-
1111 3360 1339 3440 perdidissent,
1366 3359 1446 3441 sacti
1466 3359 1637 3438 immundi,
1660 3363 1703 3437 et,
1733 3364 1768 3423 ut
1789 3358 1961 3439 Apostolus
1982 3357 2097 3439 inquit,

86 3447 223 3512 ridentia
246 3443 359 3526 Papae
381 3444 454 3508 ΙΙΙ.
478 3444 761 3510 &candissimo
787 3445 924 3510 ἀοοιιῗιιιι
944 3445 1064 3510 Ιοαιιιιι
1116 3450 1234 3510 natura
1254 3445 1318 3526 tilii
1339 3445 1423 3510 irae:
1451 3444 1710 3526 queamdmodum
1735 3445 1830 3509 etiam
1857 3445 1893 3508 in
1920 3444 2038 3509 decreto
2059 3442 2098 3508 de

87 3531 211 3610 Maria,
240 3529 400 3612 Episcopo
425 3529 639 3611 Praenestino,
662 3531 700 3595 de
722 3530 844 3610 Mna,
862 3537 890 3595 et
912 3530 1064 3596 Marcello
1114 3535 1236 3613 peccato
1257 3531 1408 3615 oripinali
1430 3532 1586 3613 esposuit:
1608 3531 1800 3612 usqueadeo
1820 3535 1910 3594 aaut
1926 3529 2011 3594 serui
2028 3548 2099 3611 pec·

86 3619 125 3683 lo
150 3622 282 3684 semdae
310 3615 423 3682 Οιιοίι
449 3617 484 3680 in
512 3616 716 3680 Hierusalem
740 3615 929 3697 presbytero,
940 3620 976 3699 ³⁸)ss
999 3617 1063 3681 Ro-
1116 3618 1193 3694 cati,
1221 3621 1250 3681 et
1269 3616 1327 3681 sud
1347 3621 1498 3697 potestate
1519 3616 1637 3681 diaboii
1656 3636 1693 3681 ac
1719 3617 1843 3695 mortis,
1870 3620 1906 3680 ut
1927 3636 1990 3681 non
2010 3614 2098 3680 modo

88 3724 194 3770 manae
216 3702 378 3768 Ecclesiae
402 3701 629 3768 Cordinalibus
651 3707 679 3765 et
696 3701 888 3784 Apostolicis
908 3704 946 3768 de
967 3703 1064 3768 latere
1120 3703 1249 3781 Gentes,
1284 3709 1357 3782 [pag.
1378 3708 1450 3780 135]
1476 3723 1537 3784 per
1558 3704 1624 3768 uim
1644 3707 1794 3781 adurae,
1823 3702 1878 3767 sed
1907 3721 1961 3766 nec
1982 3700 2098 3766 Iudaei

88 3786 210 3873 luatis:
237 3808 388 3870 coponem
415 3788 549 3852 intendit
576 3786 718 3852 munibus
746 3793 821 3867 [pag.
839 3792 914 3868 134]
944 3788 1064 3855 Christi
1116 3789 1249 3869 quidern,
1266 3810 1326 3872 per
1346 3790 1451 3870 ipsam
1471 3789 1568 3853 etiam
1590 3789 1715 3854 literam
1736 3789 1813 3872 lepis
1832 3787 1945 3866 Moiei,
1966 3787 2038 3851 inde
2060 3785 2098 3849 ll·

88 3874 228 3953 td'elibus
256 3895 362 3939 onam
388 3894 561 3954 sanamque
586 3874 761 3939 doctrinam
785 3875 890 3957 ipsius
911 3874 1064 3956 iustifica·
1116 3875 1231 3953 bereri,
1254 3880 1311 3940 aut
1331 3895 1458 3958 surpere
1472 3880 1612 3954 possent,
1635 3876 1758 3940 tomdsi
1774 3876 1810 3938 in
1827 3875 1874 3939 eis
1892 3872 2024 3938 liberum
2043 3890 2096 3933 ar·

90 3961 195 4026 donis:
216 3980 315 4041 quom
335 3960 382 4025 sol
403 3961 546 4024 iustitiae
569 3957 714 4024 Christus
733 3960 809 4041 fidei
828 3966 955 4026 nostrae
971 3967 1063 4027 autor
1116 3959 1245 4026 bitrium
1266 3962 1396 4026 minime
1416 3961 1601 4026 commotum
1622 3967 1709 4040 meet,
1727 3960 1796 4025 lieet
1813 3960 1935 4025 nimbus
1956 3962 2098 4023 attenua

91 4050 112 4109 d
130 4050 361 4113 consummator
382 4045 494 4125 docuit,
517 4045 662 4125 Apostoli
685 4046 891 4126 tradiderunt,
915 4052 944 4112 et
962 4047 1065 4112 catto-
1116 4051 1182 4111 trun
1203 4052 1232 4111 et
1252 4048 1446 4112 inclinatum.

92 4128 146 4196 ¹⁶⁰⁰
166 4133 316 4231 ”ld-⁰⁶)-
333 4129 488 4229 Eme-‘ll’-
509 4129 635 4230 Spin-‘⁸⁴
654 4137 762 4230 istm
783 4138 972 4231 ”itm
988 4154 1064 4214 μ’·
1166 4182 1218 4248 ne
1238 4186 1290 4249 aa
1312 4186 1468 4250 ursano
1499 4185 1723 4249 emturum
1744 4185 1895 4247 anama
1918 4179 2046 4246 certer.

90 4221 176 4296 peluo
195 4222 335 4283 retenuit.
378 4217 569 4282 Dalmatius
590 4216 765 4294 inhibendo,
787 4238 827 4282 ne
847 4219 992 4301 deinceps
1007 4239 1065 4284 ou-
1284 4207 1312 4268 Ρ
1469 4234 1476 4263 ’

95 4300 155 4367 leat
180 4304 352 4385 quisquam
381 4303 472 4367 aliter
500 4303 637 4380 credere,
663 4303 852 4385 praedicare
873 4309 930 4368 aut
950 4305 1063 4382 docere,
1204 4302 1276 4369 111.
1325 4304 1391 4385 Quo
1411 4305 1529 4385 factum
1550 4309 1610 4383 est,
1639 4309 1674 4367 ut
1695 4302 1832 4367 coelestia
1855 4301 1953 4365 Pater
1973 4299 2097 4364 miseri·

97 4405 180 4466 ιιιοιιι
195 4390 361 4470 moneor·
381 4389 496 4454 demeto
516 4390 669 4453 statuitur
694 4393 722 4452 et
743 4387 929 4454 accuratur.
1118 4389 1312 4470 eordiorum,
1334 4395 1363 4454 et
1383 4389 1474 4455 Deus
1494 4391 1589 4453 totius
1605 4387 1839 4465 consolationis,
1864 4384 2025 4450 Christum
2047 4383 2098 4450 Ic-

100 4530 292 4547 2*
1117 4495 1203 4555 sum,
1238 4475 1362 4540 Filium
1389 4496 1496 4555 οιιιιι,
1523 4481 1552 4540 et
1581 4480 1652 4539 onte
1685 4475 1779 4556 ὶιοιιι
1805 4478 1833 4536 et
1859 4472 1936 4555 lepis
1963 4476 2097 4552 tempore

1117 4560 1227 4625 multis
1263 4563 1381 4628 curedis
1415 4560 1566 4626 Patribus
1596 4560 1787 4625 declaratum
1823 4577 1862 4622 ac
1892 4558 2096 4639 promiscum,

155 4628 185 4827 ἐξ
203 4625 707 4825 ffieqaerldellecllseldllprgdllllrt
725 4695 802 4765 loger
819 4695 859 4751 les
877 4697 1013 4765 poiasans.
1117 4666 1217 4728 quum
1244 4647 1326 4712 ”mil
1346 4648 1435 4713 bem
1455 4647 1516 4712 lua
1537 4644 1701 4728 Plenam
1729 4642 1947 4727 ιθἠΡθΜηιῆ
1974 4643 2017 4709 “ll
2045 4641 2097 4706 M·

287 4779 322 4818 ιιι·
338 4765 371 4818 in
386 4763 427 4818 ed.
449 4763 621 4833 Gottinpenei
643 4763 708 4817 Tam
727 4764 751 4818 1.
766 4781 830 4834 pop.
849 4764 892 4820 20.

155 4832 185 4903 l)
202 4832 279 4890 Aac.
295 4832 448 4888 multarum.
1187 4834 1218 4895 1)
1235 4836 1390 4890 universite.

157 4902 186 4970 b)
205 4905 253 4959 Sic
270 4904 381 4957 omnino
398 4901 537 4970 lependum
554 4916 616 4955 eum
632 4900 693 4954 edd.
707 4901 823 4958 Artuum
841 4904 966 4970 concilim
982 4904 1066 4959 editio
1187 4900 1218 4968 2)
1237 4904 1322 4971 Apud
1339 4902 1472 4959 Nostnrm
1483 4904 1656 4958 Ριοοιιιιιιιιι
1670 4917 1725 4970 pro
1741 4900 1831 4970 capite
1843 4902 1938 4970 priam
1953 4902 2035 4956 uenit.
2057 4899 2096 4955 Ιιι

105 4970 247 5028 wlatoiaoa
258 4974 388 5040 princepe
397 4970 523 5023 mendace
537 4972 699 5037 compserat:
715 4972 900 5041 presbyteros,
936 4972 1067 5027 uodtlal·
1119 4972 1235 5026 Aditus
1257 4973 1399 5039 impressis
1418 4973 1468 5026 boc
1488 4972 1578 5042 Caput
1598 4973 1717 5040 primum
1740 4976 1900 5026 ιιιιιιιιιιιιιι
1922 4977 1948 5024 rt
1970 4983 2096 5040 coprem

106 5031 177 5115 letius
194 5049 218 5097 et
237 5040 315 5095 Besa
332 5041 442 5093 incaute
459 5044 599 5093 rorarunt
614 5039 659 5092 in.-
682 5040 854 5109 presbyteris.
920 5043 993 5097 ereio
1007 5043 1066 5112 pol·
1120 5041 1151 5095 in
1169 5042 1230 5108 ipso
1248 5046 1322 5095 terta
1339 5040 1506 5110 declaratur,
1522 5047 1549 5096 ct
1565 5041 1607 5095 eie
1624 5040 1760 5109 dnneepe.

106 5101 149 5161 lna
161 5110 232 5165 lunc
247 5110 356 5166 muso
374 5110 479 5164 mmttit
1187 5107 1219 5175 e)
1237 5109 1323 5178 probe
1342 5108 1404 5163 edd.

160 5176 188 5245 t)
206 5185 303 5234 smets
319 5193 371 5232 orn.
390 5176 431 5231 ed.
452 5174 524 5231 dett.
1188 5177 1219 5245 4)
1237 5179 1367 5247 temporis
1384 5176 1446 5233 edd.
