4620 5894
123 189 247 256 XXIV
936 188 1301 256 PROLEGOMENA.

123 378 282 463 scriptum
304 379 405 446 flasse
427 387 461 444 et
482 378 678 458 absolutum,
701 399 738 444 eo
757 376 890 443 consilio
908 382 947 441 ut
962 377 1065 460 priori
1083 377 1241 444 adversus
1252 379 1409 464 Pighium
1429 380 1516 447 edito
1534 383 1627 467 quasi
1645 379 1922 463 complementum
1940 380 2130 464 adderetur;

121 498 236 574 postea
258 511 338 555 vero
360 489 500 557 Calvino
522 490 658 574 dignum
681 489 799 566 visum,
822 488 878 571 qui
899 489 1049 571 patribus
1070 490 1212 556 civitatis
1234 491 1418 570 offerretur,
1446 513 1527 576 quos
1549 515 1586 558 eo
1604 502 1751 577 tempore
1779 492 1862 558 haec
1888 494 2034 559 maxime
2056 515 2131 560 con-

122 603 285 668 troversia
306 602 489 683 exercebat,
512 599 698 683 etquidem
720 599 812 667 velut
832 600 1016 666 communis
1045 601 1192 666 omnium
1222 602 1450 668 ministrorum
1478 603 1556 668 fidei
1582 604 1773 684 declaratio,
1802 605 1874 688 ipso
1897 625 1957 670 suo
1985 605 2133 671 unanimi

122 734 284 779 consensu
305 714 516 798 peregrinum
538 711 706 777 hominem
728 720 763 775 et
779 710 1024 794 imprudentem
1041 711 1195 778 facillime
1217 712 1462 780 debellantium.
1507 713 1565 780 Sic
1587 736 1628 781 ex
1657 715 1779 798 scripto
1800 714 1932 780 Calvini
1953 736 2046 781 merc
2067 717 2131 800 pri-

122 831 201 890 vato
218 822 387 907 publicum
409 830 442 891 et
462 825 556 907 quasi
574 824 803 891 authenticum
821 821 1034 889 orthodoxiae
1057 824 1252 907 genevensis
1276 824 1509 891 documentum
1531 827 1656 892 factum
1678 834 1737 905 est,
1761 824 1846 910 quod
1868 825 2024 911 deinceps
2046 826 2132 912 apud

122 935 296 1002 historicos
318 935 552 1002 Oonsensus
574 936 823 1021 genavensis
844 935 977 1001 nomine
1005 934 1171 1018 designari
1198 935 1346 1020 contigit.
1366 977 1372 987 ·
1391 935 1501 1019 Quem
1528 948 1639 1004 tamen
1667 943 1816 1004 caeterae
1843 936 2026 1004 helvetioae
2053 939 2131 1007 civi·

123 1053 208 1113 tates
230 1066 409 1130 nunquam,
432 1045 520 1129 quod
542 1048 691 1126 sciamus,
715 1068 757 1111 ex
779 1046 1035 1130 magistratuum
1058 1048 1233 1112 autoritate
1250 1055 1453 1132 receperunt

276 1157 428 1223 Reousus
450 1165 501 1223 est
526 1157 582 1222 hic
603 1157 793 1223 (lonsensus
821 1154 908 1242 apud
931 1155 1117 1225 Gallasium
1146 1179 1218 1243 pag.
1243 1162 1429 1241 ccc-94&
1458 1159 1546 1244 apud
1572 1160 1696 1224 Bonam
1725 1179 1799 1244 pag.
1826 1162 2018 1227 ccc-1005
2042 1170 2078 1226 et
2097 1162 2130 1227 in

122 1267 265 1334 editione
292 1267 396 1334 altera
421 1287 495 1352 pag.
526 1271 714 1348 797-845;
742 1269 778 1332 in
801 1266 974 1335 Stceriana
996 1288 1069 1352 pag.
1095 1271 1279 1350 ccc-tam
1308 1271 1344 1335 in
1365 1269 1665 1337 Amstelodamensi
1686 1291 1760 1355 pag.
1786 1274 1966 1336 593-629.
2011 1273 2132 1340 Exstat

0 1368 48 1418 ·.-·
121 1400 247 1462 quoque
269 1379 305 1442 in
327 1378 529 1446 Oollectione
556 1380 796 1447 confessionum
823 1379 859 1445 in
885 1379 1031 1445 ecclesiis
1057 1380 1244 1446 reformatis
1271 1380 1511 1462 publicatarum
1538 1380 1587 1447 ed
1610 1382 1726 1446 Herm.
1752 1383 1814 1465 Ag.
1837 1382 2018 1466 Niemeyer
2039 1383 2129 1468 Ilipa

124 1493 206 1555 1840
228 1510 303 1574 pag.
327 1492 508 1556 218-310.

276 1601 440 1669 Gallicam
462 1601 652 1669 versionem
672 1603 794 1686 absque
815 1601 884 1668 ulla
905 1623 1000 1668 mora
1021 1601 1124 1668 latino
1144 1601 1325 1688 archetypo
1342 1604 1495 1671 comitam
1512 1601 1657 1670 additam
1674 1603 1776 1669 firisse
1793 1601 1889 1669 nobis
1906 1624 1986 1671 vero
2003 1603 2130 1670 similli-

121 1733 214 1778 mum
236 1711 375 1779 ridetur.
421 1710 521 1778 Oerte
542 1714 701 1797 praefatio
724 1713 767 1779 ad
786 1712 949 1780 Senatum
971 1713 1054 1779 citra
1075 1712 1211 1780 dubium
1231 1716 1313 1780 viris
1335 1714 1564 1781 consularibus
1592 1735 1744 1781 sermone
1770 1713 1948 1781 vernaculo
1975 1723 2131 1800 concepta

121 1823 272 1890 exhiberi
294 1822 414 1902 debuit,
437 1823 524 1907 quod
545 1847 583 1890 eo
602 1824 731 1892 facilius
752 1823 814 1890 tibi
835 1823 1048 1908 persuaseris,
1071 1824 1158 1907 quod
1176 1846 1197 1890 a
1214 1824 1318 1891 latina
1334 1825 1537 1892 dedicatione
1554 1825 1697 1890 multum
1714 1825 1834 1905 differt,
1852 1824 1992 1910 ideoque
2008 1825 2131 1891 anobis

120 1942 278 2019 exparte
301 1934 343 2001 ad
364 1943 538 2019 utramque
559 1936 698 2002 formam
720 1934 933 2003 describenda
954 1936 1027 2001 fuit.
1078 1936 1193 2000 Iltiam
1220 1943 1381 2002 tractatus
1406 1937 1476 2020 ipse
1503 1935 1583 2002 satis
1611 1935 1754 2002 liberum
1781 1936 1991 2002 translatoris
2020 1936 2130 2002 stilum

122 2054 279 2130 expertus
301 2054 360 2126 est,
388 2068 501 2130 quem,
530 2049 583 2114 sin
603 2048 714 2113 minus
735 2048 841 2130 ipsius
864 2046 996 2114 calvini
1017 2046 1119 2112 fuisse
1141 2047 1311 2114 nobiscum
1339 2048 1498 2131 suspicari
1519 2048 1612 2127 velis,
1634 2049 1774 2114 fortasse
1795 2055 1907 2113 tamen
1936 2046 2129 2113 amanuensi

122 2157 252 2224 cuidam
273 2156 484 2224 tribuendum
506 2159 691 2237 coniecerit,
714 2159 761 2224 ita
782 2159 887 2223 officio
909 2179 968 2223 suo
990 2156 1142 2242 fungenti
1159 2167 1197 2223 ot
1214 2165 1309 2224 autor
1325 2161 1395 2243 ipse
1412 2159 1503 2242 operi
1521 2159 1689 2225 condendo
1706 2157 2130 2244 invigilaverit-conditum·

122 2289 186 2352 que
207 2269 412 2352 expoliverit.

276 2381 369 2446 Haeo
390 2401 518 2464 quoque
540 2381 649 2446 versio
671 2380 773 2446 semel
801 2387 931 2445 tantum
959 2381 1136 2463 separatim
1163 2401 1283 2446 excusa
1308 2381 1431 2464 prodiit
1457 2387 1492 2446 et
1517 2381 1688 2446 rarissima
1713 2381 1783 2447 eius
1812 2388 1892 2445 sunt
1920 2381 2128 2464 exemplaria

121 2491 164 2556 In
185 2497 256 2557 tota
276 2491 434 2557 Helvetia
454 2493 591 2557 unicum
612 2492 792 2558 rl'urioeuse
820 2490 913 2558 nobis
940 2491 1085 2557 innotuit
1112 2512 1175 2575 quo
1202 2493 1303 2556 etiam
1330 2491 1366 2556 in
1396 2490 1544 2575 paranda
1564 2511 1666 2569 nova
1701 2492 1873 2576 archetypi
1906 2492 2053 2559 editione
2080 2491 2131 2559 usi

122 2621 247 2667 sumus.
292 2601 423 2668 'situlus
444 2609 508 2668 est:

276 2700 361 2782 DE
392 2699 476 2782 LA
507 2699 834 2785 PREDESTI-
862 2700 868 2803 Ι
897 2712 1092 2779 uersor
1108 2711 1481 2796 unsaramma
1508 2711 1610 2792 nco,
1641 2733 1710 2794 sar
1741 2714 1875 2796 cauea
1906 2715 1951 2781 sa
1979 2734 2039 2781 aa
2066 2719 2133 2781 sos

120 2824 208 2890 eletas
228 2823 249 2888 ὰ
270 2843 322 2888 so·
341 2824 346 2907 Ι
366 2823 420 2902 lut,
442 2823 486 2889 tes
511 2829 620 2889 aucas
641 2824 756 2890 luisses
777 2844 817 2889 cn
844 2823 913 2889 laur
933 2824 1166 2890 condemnatos
1184 2822 1188 2908 Ι
1209 2824 1312 2890 Assoi
1333 2825 1371 2890 dc
1389 2825 1423 2891 lo
1440 2823 1627 2905 prccideacc
1645 2844 1714 2906 por
1736 2826 1870 2909 laquelle
1890 2826 1916 2891 c
1934 2822 2081 2915 ponam}
2093 2846 2133 2892 aa

122 2932 167 2999 les
194 2933 298 2999 doras
321 2933 520 3017 samaias}
710 2933 743 3021 Ι.
775 2922 945 3006 Traicte
975 2922 1182 3029 tresvtile,
1221 2924 1542 3007 nouuellement
1573 2952 1687 3007 com·
1715 2921 1721 3026 Ι
1748 2933 1851 3036 pose
1890 2937 1935 3008 et
1969 2925 2050 3008 mis
2080 2954 2134 3009 en

123 3032 315 3116 lumiere.
343 3039 349 3144 Ι
377 3045 520 3130 (muca
538 3053 654 3125 ossam
676 3056 734 3111 aas
756 3045 899 3128 annot!
924 3045 972 3112 M.
996 3044 1038 3111 D.
1062 3044 1144 3110 LII.

274 3157 399 3222 Forma
419 3155 536 3223 eadem
557 3178 595 3223 ao
613 3157 710 3223 latini
737 3156 943 3242 exemplaris.
995 3155 1236 3238 Quaterniones
1258 3156 1401 3224 sedecim
1424 3155 1571 3244 (s-Q).
1624 3157 1775 3242 Paginae
1797 3165 1991 3226 numeratae
2015 3163 2079 3226 252
2101 3166 2135 3227 et

121 3265 186 3332 duo
208 3267 286 3332 folia
307 3269 343 3332 in
365 3267 457 3334 albis.
502 3269 654 3335 Recusru
677 3275 728 3334 est
755 3275 866 3334 textus
895 3267 1032 3354 gallicus
1054 3269 1090 3333 in
1110 3267 1310 3335 Oolleotione
1336 3269 1569 3354 opusculorum
1596 3270 1729 3335 Bosana
1749 3289 1823 3355 pag.
1849 3274 2077 3353 1219-1314;
2099 3271 2134 3337 in

120 3377 297 3444 Stoeriaua
314 3399 386 3464 pag.
414 3380 635 3445 1393-1504.

902 3878 1108 3964 CAPUT
1139 3879 1359 3963 XXXIII.

717 4102 990 4245 cosma
1018 4141 1337 4239 eunucus
1394 4133 1544 4235 1552.

279 4399 331 4464 De
355 4397 454 4463 huius
476 4395 579 4462 libelli
600 4396 726 4481 origine
748 4404 782 4462 et
803 4396 971 4462 occasione
992 4393 1051 4462 vix
1072 4394 1231 4461 habemus
1253 4393 1342 4479 quod
1364 4392 1518 4459 dicamus.
1563 4394 1653 4459 Besa
1675 4400 1709 4459 et
1726 4392 1929 4460 Oclladonus
1948 4394 1984 4459 in
2003 4395 2072 4462 suis
2094 4395 2133 4460 de

123 4510 195 4575 vita
216 4508 348 4575 Oalvini
371 4509 613 4575 commentariis
635 4507 761 4574 nullam
785 4508 856 4573 eius
878 4507 1079 4573 mentionem
1100 4508 1263 4585 fecerunt,
1293 4527 1399 4590 neque
1421 4505 1526 4570 ullum
1554 4504 1699 4570 eiusdem
1727 4506 1761 4569 in
1784 4503 1931 4588 epistolis
1953 4506 2080 4571 autoris
2101 4514 2133 4572 et

122 4620 305 4685 amicorum
326 4621 451 4685 mutuis
472 4621 649 4704 vestigium
671 4619 925 4703 deprehendisse
947 4619 1166 4684 meminimus.
1204 4616 1293 4698 Quid
1311 4616 1396 4701 quod
1414 4616 1484 4699 ipse
1500 4617 1536 4680 in
1548 4636 1607 4681 sua
1628 4616 1831 4699 praefatione
1852 4615 1895 4680 ad
1915 4615 2133 4682 christianum

1 4775 10 4780 >
121 4731 279 4797 lectorem
301 4730 378 4797 data
400 4731 440 4797 de
471 4731 614 4797 utilitate
645 4731 778 4817 quidem
800 4730 987 4815 argumenti
1019 4729 1195 4813 complura,
1230 4729 1271 4793 de
1303 4735 1441 4794 externa
1463 4749 1557 4808 vero,
1591 4748 1690 4809 quam
1712 4747 1773 4792 nos
1798 4725 1951 4805 dicimus,
1986 4727 2132 4810 opusculi

123 4841 262 4908 historia
282 4840 381 4925 plane
402 4842 486 4908 nihil
505 4843 639 4928 profert
684 4842 779 4925 Quae
799 4863 901 4926 quum
922 4843 969 4906 ita
990 4841 1072 4921 sint,
1102 4842 1138 4904 in
1160 4847 1305 4930 mentem
1333 4839 1428 4906 nobis
1455 4839 1561 4918 venit,
1594 4838 1667 4903 fieri
1699 4838 1906 4921 potuissent
1929 4837 2131 4904 Calvinusa

123 4953 271 5020 Boberto
294 4951 464 5036 Stephano
486 4960 630 5040 rogatus,
653 4955 708 5037 qui
725 4975 792 5020 non
814 4954 862 5019 ita
882 4953 938 5018 diu
961 4959 1058 5016 antea
1079 4951 1216 5017 Parisiis
1237 4950 1411 5018 Genavam
1428 4951 1637 5035 migraverat,
1656 4949 1693 5014 in
1713 4949 1775 5014 hac
1793 4947 1873 5014 urbe
1891 4950 2000 5032 magis
2018 4969 2130 5016 secure

121 5087 223 5150 quam
245 5067 279 5129 in
302 5066 409 5148 patria
430 5067 561 5150 prelum
583 5066 795 5144 exerciturus,
818 5068 889 5133 viro
908 5065 1045 5130 honesto
1067 5061 1132 5147 ipsi
1153 5083 1285 5146 operam
1308 5084 1401 5129 suam
1424 5062 1588 5141 offerenti,
1618 5061 1694 5144 quia
1716 5061 1798 5126 forte
1820 5060 1950 5126 nullum
1972 5061 2129 5144 scriptum
