4590 5902
1101 245 1470 318 PROLEGOMRNA.
2119 249 2190 318 XV

173 441 303 525 incipit:
332 442 437 506 Dum
459 442 586 506 vitam
609 438 832 506 christiani
853 440 1047 518 hominis,
1072 447 1105 504 et
1128 438 1249 503 desinit
1271 438 1304 502 in
1326 438 1442 504 verba:
1472 435 1827 520 pretiosissimum
1850 434 2061 504 habeatur.
2086 438 2190 517 (Edit.

172 564 305 619 nostrae
328 553 419 617 Tam.
442 552 461 616 I
483 573 557 636 pag.
586 551 823 634 1123-1152.)
868 552 1101 617 Praemittitur
1122 551 1281 635 praefatio
1302 549 1391 614 talis:

973 737 1164 804 Christianis
1186 737 1329 803 omnbus
1358 735 1391 802 S.

330 887 598 968 Quemadmodum
620 906 681 951 non
702 884 802 951 solum
823 890 916 967 turpe
937 890 967 950 et
983 885 1171 963 indeconem,
1192 883 1248 948 sed
1270 882 1508 966 etslaqitiosum
1529 888 1615 961 esset,
1636 882 1755 965 trabes
1775 884 1812 949 in
1836 881 1962 950 warato
1983 885 2189 969 dilectissimi,

169 1000 201 1065 si
224 1000 309 1081 quis,
326 1004 399 1081 post
417 999 526 1063 datum
547 998 683 1064 militiae
704 1017 822 1077 nmnen,
838 997 1090 1080 praestitumque
1119 1015 1176 1062 suo
1199 995 1273 1060 duci
1289 994 1411 1060 solenne
1432 1001 1679 1075 sacramentum,
1707 996 1873 1077 stipendiis
1886 998 2105 1079 praemiisque
2123 1020 2190 1065 am·

162 1110 328 1194 piissimis
347 1110 515 1190 devinctus,
536 1130 598 1176 riori
619 1108 707 1174 modo
724 1108 818 1190 fidem
839 1109 947 1174 datam
967 1106 1098 1190 falleret,
1125 1107 1181 1173 sed
1202 1107 1245 1171 ad
1266 1104 1367 1172 bostes
1388 1126 1506 1188 quoque
1526 1106 1751 1190 transsuqeret:
1771 1108 1818 1173 sie
1835 1107 1917 1172 nild
1937 1109 1986 1174 ael
2006 1111 2190 1176 sceleratmn

168 1223 221 1289 oet
242 1221 486 1288 abominandum
509 1222 614 1305 maqis
634 1240 700 1286 esse
715 1223 824 1302 potest,
847 1239 943 1302 quom
963 1238 1020 1285 nos
1042 1219 1114 1305 (qui
1126 1216 1379 1284 Christianorum
1396 1217 1519 1283 nomine
1538 1222 1694 1298 tantopere
1709 1219 1883 1302 pandemus
1900 1223 1928 1286 et
1944 1220 2188 1304 triumphamus,

168 1334 285 1416 quique
307 1333 364 1399 sub
389 1331 510 1399 Christi
532 1332 649 1399 summi
671 1333 872 1414 imperatoris
894 1351 931 1396 oe
947 1330 1037 1396 unici
1056 1332 1225 1396 sematmis
1246 1331 1348 1396 nostri
1369 1331 1480 1415 siquis
1502 1350 1565 1396 non
1587 1330 1655 1397 dico
1676 1350 1793 1414 maqna
1813 1332 1958 1410 mercede,
1979 1332 2034 1398 sed
2054 1337 2083 1398 et
2102 1334 2188 1401 berae·

166 1445 255 1528 ficiis
274 1444 411 1526 infinitis
432 1444 621 1525 militamus,
655 1442 835 1524 initialique
858 1441 1008 1526 baptismi
1036 1447 1229 1509 sacramento
1255 1443 1290 1507 in
1316 1441 1407 1507 illius
1433 1441 1529 1509 cerba
1556 1442 1745 1525 iampridem
1773 1443 1965 1527 iuravimus)
1992 1463 2091 1526 usque
2112 1445 2216 1513 adeo·
2247 1442 2262 1459 '⁸

169 1557 306 1640 turpiter
328 1555 367 1621 ab
389 1576 422 1622 co
451 1556 495 1620 ad
515 1555 653 1621 nominis
677 1555 731 1619 sui
754 1554 986 1637 infensissimos
1007 1552 1122 1633 bostm,
1157 1552 1312 1619 Satanam
1333 1550 1463 1636 scilieet,
1495 1553 1663 1634 mundum,
1694 1558 1723 1620 et
1750 1554 1859 1624 earnis
1884 1559 2008 1620 nostrae
2028 1554 2189 1623 illecebras

169 1667 309 1748 deficere,
325 1666 498 1750 palamque
521 1673 737 1732 sacrosanctae
758 1665 849 1732 illius
869 1665 1037 1745 maiestati,
1060 1685 1122 1731 non
1143 1667 1213 1731 sine
1233 1686 1346 1750 mapno
1368 1666 1470 1749 lequm
1491 1665 1745 1748 sanctionumque
1765 1685 1900 1731 suarium
1921 1671 2093 1748 mntemptu
2114 1668 2189 1734 illu·

166 1779 251 1859 dere,
273 1783 302 1843 et
323 1798 361 1843 ee
376 1779 522 1860 professo
543 1777 657 1843 bellum
673 1778 818 1844 indicere.
845 1776 933 1860 Quod
944 1781 1048 1842 tamen
1063 1778 1190 1859 passim
1207 1782 1236 1842 et
1255 1777 1369 1860 ubique
1390 1777 1526 1843 locorum
1543 1779 1628 1842 inter
1649 1797 1705 1844 nos
1726 1777 1816 1844 bodie
1834 1777 1927 1860 (prob
1944 1778 2043 1862 dolor)
2062 1798 2188 1845 canere

169 1895 221 1956 est.
270 1886 447 1956 Christiani
468 1890 595 1971 quidem
618 1888 726 1956 baberi
748 1909 852 1956 munes
872 1888 1029 1954 uolumus:
1061 1889 1116 1955 sod
1136 1891 1380 1972 quotusquisque
1405 1894 1450 1954 est
1476 1895 1631 1969 nostrum,
1661 1890 1795 1970 obsecro,
1827 1890 1884 1972 qui
1907 1887 2026 1956 Christi
2046 1891 2188 1975 oestiqiis

167 2001 313 2081 insistat,
336 2002 391 2081 qui
412 2001 615 2083 aequissimis
636 2001 782 2082 imperiis
802 2000 1072 2082 sanctissimisque
1093 2000 1212 2084 leqibus
1232 2001 1322 2066 illius
1340 2007 1468 2084 pareat,
1489 2001 1546 2083 qui
1567 2001 1610 2067 ad
1623 2001 1757 2082 pietatis
1777 2001 2025 2086 inteqritatisque
2046 2002 2187 2068 studium

168 2132 271 2178 mores
293 2117 453 2194 componat
472 2113 570 2178 suos?
608 2112 687 2192 Imo,
710 2117 862 2195 quantum
883 2113 918 2177 in
939 2112 1028 2179 nobis
1050 2117 1104 2192 est,
1125 2118 1257 2178 mentem
1278 2119 1369 2195 atque
1390 2112 1492 2181 aeuus
1513 2136 1534 2178 a
1549 2114 1712 2194 proposito
1728 2112 1817 2180 nobis
1835 2115 1919 2179 citae
1940 2113 2079 2194 meapte
2100 2134 2186 2180 aoer·

167 2226 282 2292 timus:
303 2225 367 2289 imo
388 2225 608 2290 inimicissime
630 2229 721 2306 atque
742 2223 944 2306 infestissime
966 2224 1119 2290 adversm
1138 2224 1229 2290 itlius
1245 2225 1345 2292 edicta
1363 2225 1585 2303 contendimus,
1604 2224 1801 2309 nominisque
1821 2225 1891 2290 eius
1911 2225 2093 2308 diqnitatem
2108 2224 2186 2307 fidei

165 2343 292 2403 metrae
309 2337 508 2401 commissam
529 2337 598 2402 dolo
614 2336 833 2419 periuriisque
848 2334 1031 2417 prodimus:
1054 2336 1117 2401 imo
1132 2336 1273 2419 perfidia
1295 2342 1324 2402 et
1345 2337 1455 2402 scelere
1477 2336 1613 2416 destras,
1635 2357 1716 2418 quae
1735 2336 1812 2418 fidei
1832 2336 1884 2402 dli
1902 2337 1995 2402 datae
2012 2342 2102 2403 testes
2119 2357 2185 2404 esse

164 2448 325 2527 debebam,
356 2448 519 2513 ciolamus.
566 2445 633 2513 Cur
654 2448 755 2532 iqitur
776 2446 867 2512 illius
893 2447 1016 2530 insiqne
1034 2453 1194 2531 qestamen
1215 2449 1482 2531 circumferimus,
1511 2467 1568 2513 cur
1590 2447 1682 2514 illius
1703 2453 1898 2515 saeranrcnto
1920 2449 2122 2528 aeemsimus,
2150 2449 2183 2515 si

164 2560 308 2626 mrrsiliis
331 2564 359 2624 et
380 2557 501 2623 viribus
522 2560 718 2625 nrcudatem
739 2559 809 2625 eius
830 2559 1072 2643 oppuqnamns?
1117 2557 1183 2626 Geor
1204 2560 1247 2626 ad
1267 2559 1458 2642 impietatem
1481 2559 1631 2627 etseelus
1653 2560 1853 2626 sanctissimo
1873 2561 1942 2626 nus
1963 2561 2088 2627 nomiae
2109 2559 2184 2627 abu·

164 2672 290 2738 timer?
340 2670 367 2737 0
395 2692 451 2737 nos
478 2671 626 2755 indiqnos
658 2675 744 2736 tanto
771 2672 961 2752 imperatore
981 2671 1118 2738 reddes!
1164 2672 1328 2754 Qmssque
1349 2671 1474 2737 tandem
1488 2672 1647 2755 patientia
1674 2671 1765 2737 illius
1787 2671 1972 2737 muamus
2016 2671 2183 2756 Semperne

164 2789 285 2850 aeterna
307 2784 366 2848 isto
388 2788 452 2848 tom
470 2784 566 2867 praei
587 2783 857 2849 conseneseemus?
901 2782 1062 2867 Aqedum,
1090 2782 1222 2865 fratres,
1245 2785 1406 2867 paulatim
1423 2784 1467 2850 ad
1486 2804 1544 2850 nos
1564 2768 1744 2865 redeamus,
1772 2789 1801 2848 et
1821 2789 1964 2849 anteacta
1985 2784 2182 2865 opidanus
2272 2846 2284 2883 ὁ

164 2894 323 2978 supplices
335 2899 491 2977 pocemet
512 2895 637 2960 oesiam
648 2900 802 2976 petamus.
839 2894 890 2960 Ne
910 2895 1060 2961 scelerum
1075 2899 1252 2960 nostrorum
1268 2896 1455 2961 conscientia
1475 2896 1635 2978 suamque
1651 2897 1775 2962 diutius
1791 2916 1849 2961 nos
1865 2896 2004 2978 opprimi
2022 2897 2168 2963 sinamus
2280 2946 2283 2951 -

163 3009 220 3075 scd
242 3028 341 3089 quum
356 3008 565 3090 poenitentiae
587 3008 630 3072 sit
661 3005 763 3072 adbuc
792 3006 890 3086 loom,
918 3006 1104 3071 conditionis
1135 3009 1260 3072 nostrae
1292 3007 1494 3073 deterrimum
1524 3029 1623 3092 penus
1655 3028 1726 3074 nrm
1742 3009 1862 3091 pietate
1893 3012 1921 3072 et
1952 3008 2078 3073 iustitia
2101 3029 2181 3074 cem·

161 3126 329 3186 mittemus.
374 3120 477 3201 Atque
498 3124 533 3203 ut
554 3119 680 3184 tandem
701 3118 844 3202 aliquam
865 3118 1103 3201 resipiscentiae
1124 3119 1279 3184 rationem
1297 3120 1450 3199 ineamus,
1473 3140 1585 3202 operae
1600 3121 1742 3200 pretium
1761 3120 1922 3202 facturum
1942 3140 1990 3185 me
2005 3121 2131 3200 putari,
2152 3122 2183 3186 si

160 3231 221 3299 De
241 3234 326 3298 vita
350 3229 586 3296 Christiana
607 3230 694 3295 breue
716 3229 771 3296 boc
799 3230 854 3296 sed
887 3250 956 3295 cere
971 3231 1067 3312 pium
1089 3231 1273 3311 opusculum
1305 3251 1343 3297 ea
1363 3231 1419 3297 illo
1442 3229 1728 3297 Institutionis
1753 3229 2014 3297 Obristianae
2037 3230 2183 3296 tbesauro

160 3345 273 3426 (arins
295 3364 357 3407 non
379 3343 534 3424 speciosas
556 3347 679 3408 tantum
701 3363 787 3424 opes,
820 3342 875 3408 sed
900 3343 1024 3407 autoris
1045 3341 1151 3424 ipsim
1171 3361 1280 3408 nomen
1306 3341 1393 3417 cobis
1408 3363 1470 3425 per
1490 3364 1524 3409 se
1544 3344 1625 3409 satis
1645 3349 1752 3410 notum
1780 3363 1846 3408 esse
1866 3343 2023 3426 existimo)
2048 3343 2084 3409 in
2104 3362 2184 3409 com

154 3475 293 3522 manen
315 3460 457 3520 nostrum
479 3455 619 3520 onmium
639 3474 734 3519 usum
756 3473 955 3534 enurpmem.
1001 3451 1125 3519 Oertam
1146 3454 1229 3519 ercim
1248 3453 1424 3520 methodum
1444 3455 1671 3521 constituendae
1692 3457 1728 3522 in
1751 3454 1877 3522 Obristo
1897 3456 1993 3536 citae,
2014 3457 2185 3537 nudisque

150 3573 291 3634 source
314 3567 356 3632 ad
373 3566 506 3649 pietatis
527 3566 668 3632 studium
694 3564 917 3647 informandae
937 3565 1154 3646 disciplinam,
1181 3565 1299 3646 paucis
1324 3565 1380 3631 sed
1400 3571 1472 3648 apte
1490 3567 1706 3648 complectitur.
1752 3568 1796 3633 In
1816 3567 1898 3635 bana
1918 3568 2030 3652 iqitm,
2057 3568 2183 3651 fratres,

150 3681 235 3745 sine
258 3678 325 3743 ulle
348 3678 580 3743 intermissione
601 3676 766 3762 diliqenter
787 3677 1019 3758 incunebamus,
1054 3682 1082 3742 et
1109 3677 1230 3762 inqenii
1251 3679 1354 3743 nostri
1375 3679 1554 3744 derelictum
1581 3684 1610 3744 et
1634 3680 1786 3746 incultum
1807 3680 1908 3747 solnm
1928 3679 2135 3763 vepribusque
2157 3685 2186 3745 et

153 3790 310 3856 Satanae
331 3790 470 3854 sicaniis
486 3807 548 3872 per
568 3789 733 3873 iqnoviam
755 3794 895 3855 nostram
912 3788 1067 3856 obsessum
1088 3788 1140 3854 bis
1152 3789 1223 3871 piis
1240 3788 1362 3856 artibus
1381 3790 1558 3874 studiisque
1574 3792 1760 3858 continenter
1777 3792 1964 3872 emolamus,
1986 3798 2022 3857 ut
2039 3793 2095 3874 qui
2112 3793 2186 3858 inde

144 3897 317 3968 hactenus
332 3906 460 3983 praeter
480 3902 591 3966 lotium
624 3906 653 3966 et
681 3901 804 3968 steriles
830 3922 947 3968 aonias
979 3900 1061 3967 nilil
1076 3901 1293 3983 percepimus,
1328 3901 1502 3969 ubmmmos
1518 3903 1651 3986 postiae
1677 3903 1804 3986 frudus
1830 3924 1943 3988 maqno
1970 3923 2041 3968 cum
2061 3904 2185 3985 scenam

140 4015 353 4096 referamus.
388 4012 558 4078 Maximus
579 4014 663 4078 enirn
686 4013 737 4078 ille
759 4032 796 4078 oc
814 4014 951 4095 optimus
970 4014 1143 4095 imperator
1164 4018 1267 4079 noster
1291 4011 1451 4094 Christus,
1475 4017 1527 4080 cui
1546 4036 1608 4081 non
1628 4020 1785 4081 temenum
1805 4016 1894 4081 modo
1911 4016 1966 4081 sed
1987 4020 2015 4080 et
2035 4013 2187 4080 eoelonun

139 4125 270 4191 &obest
291 4125 460 4205 imperium
483 4125 530 4206 (ut
552 4130 595 4190 est
618 4145 691 4208 erqa
712 4124 906 4190 observantes
924 4125 976 4191 sui
994 4124 1163 4205 munificus
1180 4130 1208 4189 et
1225 4124 1392 4208 liberalis),
1414 4125 1468 4190 ubi
1479 4128 1734 4208 perditissimam
1749 4129 1964 4193 vitaenostrae
1980 4126 2187 4192 conditionem

137 4233 201 4300 im
223 4237 338 4303 nulius
360 4241 591 4314 commutatam,
615 4257 731 4318 nosque
753 4257 792 4301 ee
811 4236 1022 4320 immoriqeris
1044 4236 1292 4316 obsequentiores
1309 4237 1427 4318 effectos
1448 4238 1570 4319 viderit,
1593 4261 1655 4306 non
1676 4240 1833 4306 donativis
1854 4239 1955 4304 solum
1976 4237 2031 4303 sm
2052 4241 2079 4302 et
2100 4235 2187 4301 bene·

133 4343 249 4419 ficiis
268 4349 514 4430 muneribusque
529 4348 821 4428 praestantissimis
841 4368 899 4413 nos
915 4351 1080 4429 nostraque
1101 4348 1208 4413 ornnia
1218 4353 1434 4430 prosequetur.
1486 4350 1600 4418 Valde.

322 4459 412 4526 Huic
433 4460 628 4542 praefationi
659 4460 739 4543 (qua
760 4457 905 4542 perlecta
926 4478 1023 4523 nemo
1045 4479 1125 4524 sene
1141 4457 1291 4524 libellum
1319 4458 1410 4526 hunc
1438 4469 1473 4527 et
1496 4463 1621 4530 similos
1648 4484 1715 4529 non
1737 4461 1876 4529 Oalvino
1897 4460 2002 4527 inscio
2024 4458 2184 4544 prodiisse

139 4567 230 4636 sibi
250 4569 477 4657 persuadebit)
500 4571 721 4637 subiiciuntur
743 4568 807 4636 duc
830 4569 1006 4653 apostolica
1028 4568 1117 4635 dicta
1136 4568 1235 4636 Iacob
1257 4570 1285 4635 Ι.
1309 4574 1346 4634 21
1374 4579 1407 4636 ct
1432 4581 1458 4642 1.
1481 4575 1571 4641 Petr.
1594 4574 1641 4640 II.
1667 4579 1759 4638 1-5.

321 4682 445 4749 Exstat
466 4682 528 4749 hoc
551 4681 747 4765 opusculum
768 4681 805 4747 in
826 4689 940 4748 nostro
960 4681 1109 4765 ipsorum
1131 4702 1244 4748 museo
1267 4682 1459 4752 calviniana.
