4620 5894
46 234 55 253 '
143 238 207 307 hal
931 228 1012 297 DE
1034 226 1257 297 ΑΕΦΕΒΝΑ
1276 225 1362 294 DEI
2100 232 2165 297 aar

148 444 294 510 quorum
320 420 526 489 virulentam
547 418 708 485 malitiam
735 424 894 502 expertus
921 424 1009 495 erat,
1040 415 1134 485 dicit:
1186 414 1300 499 paucis
1329 418 1472 483 conferri
1501 417 1659 503 gratiam,
1692 439 1775 502 quae
1803 418 1958 485 omnibus
1990 438 2033 484 ex
2061 438 2164 503 aequo

150 510 248 579 Bene
276 508 414 593 spiritus
442 512 576 572 sanctus
596 505 754 587 loquutus
775 512 827 569 est
853 524 915 587 per
936 523 973 569 os
993 503 1135 569 Iesaiao:
1185 502 1303 586 negari
1340 503 1414 569 iure
1445 512 1581 586 poterat
1633 505 1690 570 An
1722 504 1868 570 dicemus
1903 501 1967 569 sibi
2000 503 2165 589 apostolos

151 596 303 665 Auribus
320 592 472 672 audietis,
491 597 525 656 ιι
542 611 610 655 non
628 589 835 673 intelligetis:
853 596 987 655 accuset
1003 587 1135 672 quidem
1187 607 1402 673 comparasse,
1424 589 1511 673 quod
1531 588 1598 655 illis
1619 589 1734 655 datum
1755 610 1828 656 esse
1849 590 1968 656 asserit
1977 588 2164 657 Dominus?

152 704 209 749 eos
236 687 274 746 ut
300 679 394 763 digni
422 684 508 744 sunt.
554 674 623 742 Sed
650 694 826 759 perperam
854 673 932 740 inde
959 696 997 740 ao
1018 675 1135 740 inscite
1186 672 1257 739 Nec
1295 674 1416 740 leviter
1453 675 1730 759 praetereundum
1769 682 1835 754 est,
1879 674 1967 759 quod
2006 675 2165 760 mysteria

151 768 287 852 colliget
308 763 482 850 quispiam,
506 761 733 828 obdurationis
754 761 887 826 initium
906 758 947 825 ab
964 760 1023 825 illa
1039 760 1135 826 mali·
1188 758 1342 842 appellat,
1365 781 1448 844 quae
1469 759 1556 844 apud
1578 762 1667 846 ipsos
1688 762 1861 845 eloquitur.
1900 760 1948 827 Et
1968 769 2061 828 certe
2081 761 2165 827 nihil

149 854 201 919 tia
228 873 314 932 esse,
342 849 435 934 quasi
461 869 529 914 non
555 848 662 931 ipsius
688 846 835 912 malitiae
862 845 1022 912 occultior
1049 854 1137 912 essct
1187 853 1239 911 est
1275 846 1310 910 in
1343 853 1414 912 tata
1446 845 1610 930 spirituali
1642 847 1807 927 doctrina,
1842 845 1929 931 quod
1966 868 2035 912 non
2068 846 2165 933 longe

152 960 268 1016 causa,
291 943 431 1003 naturae
458 934 640 1017 corruptio:
674 932 770 1015 quasi
790 933 892 997 etiam
913 952 981 997 nan
1002 931 1078 997 ideo
1099 931 1135 997 in
1187 939 1322 1013 superet
1352 934 1473 997 mentis
1505 942 1638 999 nostrae
1663 940 1814 1016 captum,
1844 930 2023 1016 proculque
2051 934 2163 1017 firgiat

152 1023 359 1107 corruptione
397 1020 539 1085 demersi
576 1025 768 1097 manerent,
804 1019 881 1101 quia
916 1038 1036 1083 arcano
1068 1016 1136 1081 Dei
1187 1014 1300 1097 Quare
1322 1039 1382 1083 nec
1399 1018 1469 1085 ulla
1490 1017 1666 1085 verborum
1689 1017 1869 1102 quamlibet
1894 1017 2040 1084 dilucida
2060 1039 2101 1085 ex
2126 1018 2165 1083 li·

152 1109 300 1187 consilio,
350 1112 529 1189 antequam
578 1110 811 1183 nascerentur,
864 1103 1012 1189 reprobi,
1067 1124 1134 1168 non
1185 1101 1271 1168 ontio
1293 1104 1451 1183 sufficiet,
1479 1104 1545 1170 nisi
1566 1106 1702 1187 spiritus
1724 1125 1783 1171 nos
1805 1104 1902 1171 simul
1925 1103 2052 1170 doceat
2097 1039 2164 1171 gad

150 1200 322 1262 eruuntur.
336 1194 362 1277 ¹)
1187 1186 1343 1255 Christus
1376 1190 1439 1256 hoo
1472 1210 1600 1273 quoque
1633 1198 1793 1274 tanquam
1830 1210 1925 1256 rarae
1964 1190 2164 1275 dignationis

237 1279 336 1346 Nunc
364 1277 527 1343 Ioannem
555 1274 744 1355 audiamus,
778 1276 836 1359 qui
864 1275 1001 1341 minime
1030 1273 1134 1339 ambi·
1185 1274 1308 1357 pignus
1322 1275 1348 1360 ¹)
1368 1275 1556 1361 magnifieri
1577 1276 1653 1342 vult
1673 1297 1693 1340 a
1714 1277 1782 1341 suis
1804 1274 1990 1361 discipulis,
2019 1274 2110 1361 qnod
2130 1277 2165 1343 in

152 1386 238 1452 gaus
259 1364 355 1431 nobis
372 1364 437 1429 erit
452 1363 524 1427 inte
566 1382 619 1427 res
640 1361 745 1444 (Ioan.
762 1366 810 1439 12,
830 1364 870 1425 37
883 1382 938 1445 seq
963 1368 997 1444 .).
1020 1358 1134 1441 Quum
1186 1371 1325 1426 externa
1345 1358 1483 1428 docendi
1502 1362 1644 1438 rabone,
1667 1361 1837 1427 hominum
1858 1362 1961 1447 vulgo
1987 1382 2045 1429 eos
2070 1383 2166 1446 prae-

150 1452 258 1519 multa
275 1451 374 1536 signa
389 1448 521 1515 ιιιὶιιιι
558 1469 644 1526 esus,
661 1447 777 1530 inquit,
796 1468 864 1513 non
881 1383 1073 1513 celebant:
1095 1455 1135 1511 ut
1185 1446 1279 1511 ferat.
1302 1446 1502 1531 Quanquam
1519 1446 1684 1534 gradatim
1705 1447 1746 1513 ad
1768 1446 1937 1533 singulare
1957 1446 2041 1513 illud
2086 1449 2166 1517 rivi·

151 1556 262 1605 sermo
278 1536 407 1602 Iesaiae
423 1534 492 1620 (53,
514 1534 548 1619 1)
563 1533 773 1617 impleretur:
795 1533 949 1612 Domine,
972 1533 1046 1616 quis
1063 1552 1134 1598 cre-
1185 1530 1313 1617 legium
1340 1554 1395 1598 eos
1418 1533 1566 1613 deducit,
1616 1555 1661 1598 uo
1688 1554 1766 1600 vero
1787 1533 1957 1600 domestici
1984 1532 2027 1599 ab
2084 1534 2166 1601 ienis

151 1622 236 1689 didit
257 1621 388 1689 auditui
409 1626 533 1699 nostro,
556 1626 591 1683 et
611 1617 785 1683 brachium
805 1619 943 1684 Domini
965 1619 1018 1685 cui
1039 1638 1134 1683 reve·
1186 1615 1355 1683 differunt:
1389 1639 1510 1702 nempe
1535 1627 1573 1685 ut
1625 1620 1760 1685 'vinitus
1788 1619 1909 1699 edocti,
1936 1640 2022 1703 quae
2049 1620 2166 1687 altiora

149 1708 257 1775 latum
285 1706 360 1773 est'l
391 1712 568 1791 propterea
594 1726 661 1770 non
692 1710 849 1788 poterant
873 1703 1021 1783 credere,
1057 1706 1136 1787 quia
1186 1711 1265 1769 sunt
1286 1725 1385 1775 sensu
1407 1704 1526 1785 carnis,
1547 1704 1835 1788 comprehendant
1876 1704 2008 1771 Clamat
2027 1704 2166 1773 subinde

149 1796 271 1861 iterum
295 1792 381 1858 dixit
401 1792 448 1877 (6,
471 1796 522 1869 9):
552 1791 755 1857 Excaecavit
776 1789 886 1856 oculos
907 1790 1049 1868 illorum,
1072 1797 1133 1855 etc.
1187 1788 1355 1855 Christus:
1380 1789 1447 1871 Qui
1465 1789 1566 1855 habet
1586 1811 1683 1857 aures
1704 1790 1870 1870 audiendi,
1893 1790 2007 1856 audiat
2029 1790 2165 1876 (Matth.

149 1880 217 1947 Hic
239 1885 328 1945 certe
357 1899 425 1944 non
447 1884 685 1943 commemorat
706 1875 865 1955 Ioannes,
888 1896 947 1942 suo
969 1876 1050 1941 vitio
1071 1876 1134 1940 im-
1191 1878 1240 1951 13,
1264 1880 1283 1939 9
1291 1900 1300 1956 ;
1328 1877 1410 1941 Luc.
1435 1880 1469 1953 8,
1499 1877 1544 1961 8).
1590 1876 1719 1957 Quibus
1745 1877 1855 1942 verbis
1883 1898 1947 1942 non
1970 1883 2105 1943 tantum
2127 1878 2165 1943 ab

148 1966 278 2051 pedites
300 1986 373 2031 asse
390 1962 545 2041 Iudaeos,
568 1983 611 2028 no
628 1961 811 2028 crederent.
836 1961 933 2042 Quod
951 1962 1014 2027 etsi
1031 1962 1134 2027 veris-
1188 1961 1320 2045 ignavis
1347 1961 1553 2027 auditoribus
1582 1971 1722 2028 attentos
1750 1961 1922 2029 discernit:
1956 1961 2016 2027 sed
2049 1962 2167 2029 surdos

149 2053 271 2119 simum
292 2057 377 2129 erat,
399 2049 500 2114 altius
521 2054 635 2113 tamen
660 2046 859 2113 conscendit.
906 2045 1135 2131 Spectandum
1189 2068 1260 2112 esse
1287 2047 1462 2131 intelligit,
1496 2048 1614 2130 quibus
1643 2068 1739 2114 aures
1768 2070 1835 2114 uon
1864 2056 1942 2113 suut
1974 2070 1994 2113 a
2021 2049 2167 2115 Domino

147 2137 236 2204 enim
260 2143 312 2202 est
333 2137 405 2201 eius
423 2134 608 2200 consilium.
635 2132 752 2199 Rudes
768 2145 802 2198 ιι
819 2133 968 2199 infirmos
984 2138 1059 2212 [pag.
1079 2136 1134 2210 73]
1187 2134 1372 2216 perforatae
1400 2132 1501 2215 (Psal.
1531 2138 1589 2211 40,
1619 2133 1663 2219 7).
1709 2133 1806 2215 Quod
1832 2134 2030 2201 heneficium
2056 2134 2168 2201 David

146 2243 215 2289 non
236 2222 357 2288 leviter
379 2219 552 2298 turbabat,
580 2240 683 2301 quum
710 2217 878 2297 audirent,
911 2218 1045 2285 Christo
1067 2238 1134 2282 non
1188 2219 1290 2284 totius
1311 2218 1468 2285 ecclesiae
1490 2221 1625 2285 nomine
1647 2219 1797 2285 celebrat.
1808 2220 1838 2305 ²)
1876 2219 1952 2284 Nou
1975 2240 2033 2285 ero
2053 2221 2106 2285 sin
2153 2256 2168 2271 ·

145 2308 249 2374 luisse
278 2307 388 2372 locum
414 2307 452 2369 in
479 2304 600 2388 populo
622 2304 696 2369 Dei.
739 2302 946 2386 Respondet,
974 2325 1042 2369 non
1064 2324 1134 2369 cre·
1187 2304 1229 2368 lis
1250 2302 1456 2371 excutiendis
1478 2305 1615 2389 longior.
1661 2304 1802 2371 Summa
1829 2305 1910 2371 haec
1941 2306 1999 2370 sit:
2042 2304 2081 2371 Si
2103 2241 2164 2370 fin

147 2393 243 2472 dere,
278 2392 344 2457 nisi
378 2390 500 2475 quibus
534 2389 649 2454 datum
676 2397 741 2454 est:
775 2410 897 2473 paucos
919 2397 1030 2456 autem
1052 2410 1133 2467 esse,
1188 2391 1350 2473 spiritum,
1373 2391 1430 2474 qui
1452 2412 1511 2474 per
1533 2391 1696 2473 apostolos
1717 2391 1872 2474 loquutus
1895 2400 1955 2469 est,
1984 2390 2167 2475 prophetae

147 2478 266 2564 quibus
306 2477 482 2543 brachium
523 2495 623 2541 suum
662 2474 786 2540 revelet
820 2476 922 2541 Deus.
978 2476 1134 2541 Alterum
1186 2476 1402 2561 interpretem
1425 2477 1645 2556 admittimus,
1674 2498 1832 2542 arcanum
1859 2484 1893 2543 et
1913 2476 2167 2560 incomprehen-

145 2570 260 2649 postea
284 2563 490 2641 vaticinium,
514 2559 555 2626 de
577 2581 641 2643 qua
658 2582 747 2626 nuno
764 2562 906 2627 vertitur
922 2562 1076 2644 quaestio,
1099 2562 1135 2625 in
1188 2560 1282 2627 sibile
1304 2566 1379 2641 [pag.
1404 2567 1459 2642 rc]
1481 2561 1546 2628 Dei
1569 2563 1741 2643 iudicium,
1767 2563 1847 2627 dum
1869 2564 2030 2628 maiorem
2051 2583 2096 2646 po
2119 2562 2166 2627 uli

147 2649 290 2716 eundem
317 2650 420 2714 finem
449 2646 577 2712 attexit
624 2647 672 2711 ut
697 2666 856 2730 magnum
886 2646 986 2713 habet
1006 2647 1135 2731 pondus
1187 2656 1314 2731 partam
1344 2655 1510 2729 excaecat,
1549 2670 1592 2713 nc
1624 2649 1736 2714 videat
1764 2647 1920 2729 videndo,
1957 2648 2083 2715 adoran
2109 2668 2165 2713 nm

146 2735 234 2821 quod
268 2736 404 2815 inserit,
441 2754 508 2798 non
543 2731 691 2817 potuisse
723 2732 812 2816 ipsos
844 2730 987 2800 credere.
1037 2733 1135 2799 Nuuc
1187 2754 1267 2799 esse.
1311 2734 1451 2800 Cessent
1483 2734 1538 2799 hie
1570 2756 1782 2817 quaecunque
1811 2733 1906 2800 nohis
1943 2735 1978 2799 in
2019 2741 2165 2800 mentem

146 2821 362 2907 quantumvis
381 2840 418 2885 sc
435 2825 614 2901 torqueant
631 2818 790 2898 homines,
810 2816 1009 2886 discriminis
1023 2824 1133 2884 tamen
1186 2821 1300 2887 venire
1338 2826 1478 2904 possunt
1512 2821 1665 2886 rationes.
1715 2822 1802 2886 Nam
1839 2821 1867 2885 si
1906 2821 1942 2886 in
1975 2820 2165 2886 hominibus

146 2927 262 2987 causa,
303 2928 365 2974 our
396 2905 569 2971 brachium
604 2925 702 2970 suum
740 2925 808 2970 non
848 2906 1002 2971 omnibus
1040 2905 1135 2972 Deus
1186 2906 1379 2987 haeremus,
1420 2906 1563 2989 primum
1589 2914 1678 2973 certe
1705 2906 1767 2974 hoc
1795 2908 1874 2987 erit,
1901 2907 2088 2973 Dominum
2109 2927 2165 2991 pe-

145 2993 289 3073 revelet,
323 2991 516 3058 abscondita
548 2990 632 3056 latet
663 2991 700 3054 in
728 3001 861 3057 aeterno
894 2991 965 3057 cius
994 2991 1133 3058 decreto.
1186 2991 1333 3058 tentibus
1355 2992 1536 3058 liberaliter
1558 2992 1651 3058 dare:
1681 2992 1762 3058 alios
1780 2993 1947 3058 tabescere
1974 2993 2012 3057 in
2034 3012 2096 3057 sua
2115 2992 2164 3057 in·

145 3076 237 3147 Sane
259 3078 350 3144 aliud
373 3076 480 3143 voluit
502 3075 725 3160 evangelista,
748 3097 848 3160 quam
870 3076 969 3141 fidem
993 3077 1135 3161 speciale
1186 3078 1276 3161 opia,
1306 3079 1401 3145 cuius
1429 3078 1613 3144 remedium
1640 3099 1708 3143 uon
1735 3087 1906 3161 quaerunt.
1952 3077 2073 3161 Atqui,
2101 3077 2164 3143 nisi

145 3185 217 3232 esso
240 3165 383 3242 donum,
416 3169 450 3229 et
483 3162 635 3228 altiorem
669 3182 741 3228 esse
770 3161 897 3229 Christi
927 3162 1133 3246 sapientiam,
1186 3169 1359 3229 succurrat
1397 3164 1484 3247 quod
1529 3164 1576 3228 ait
1613 3166 1877 3250 Augustinus,³)
1922 3164 2056 3229 divinae
2095 3183 2164 3231 esse

146 3272 245 3336 quam
279 3257 318 3315 ut
351 3248 412 3315 sub
446 3247 612 3313 humanos
644 3267 762 3314 sensus
793 3249 903 3329 cadat,
942 3269 985 3314 ne
1016 3248 1134 3314 mundi
1158 3290 1161 3299 ·
1185 3248 1420 3315 beneficentiae
1441 3270 1510 3315 non
1532 3256 1665 3315 tantum
1692 3258 1728 3316 ut
1755 3252 1924 3335 aperiatur
1943 3248 2164 3333 pulsantibus,

144 3333 364 3403 incredulitas
387 3355 450 3399 nos
473 3332 648 3417 percellat,
672 3334 700 3399 si
723 3334 930 3417 quandovel
953 3334 1135 3401 acutissimi
1158 3316 1162 3391 l
1186 3333 1364 3401 sedetiam
1393 3343 1431 3400 ut
1451 3336 1620 3419 pulsemus
1650 3345 1683 3402 et
1709 3344 1874 3420 petamus:
1908 3334 2057 3401 nondum
2087 3335 2165 3401 satis

147 3422 310 3487 deficiant.
335 3422 428 3504 Ergo
436 3420 467 3503 ²)
491 3420 566 3496 nisi,
589 3418 677 3503 quod
698 3420 903 3505 evangelista
924 3443 965 3486 ex
987 3422 1134 3506 professo
1186 3428 1264 3486 nota
1284 3429 1336 3487 est
1357 3421 1460 3500 nobis,
1484 3443 1549 3504 qua
1567 3421 1755 3488 laboramus
1776 3424 1896 3506 iuopia.
1925 3421 1980 3487 Ad
2002 3421 2164 3487 auxilium

146 3506 334 3584 contendit,
368 3505 504 3571 eludere
537 3505 634 3569 libet:
675 3504 762 3589 quad
793 3507 891 3589 pauci
923 3506 1133 3591 evangelium
1186 3506 1215 3570 si
1237 3507 1386 3586 venitur,
1411 3509 1615 3591 experientia
1633 3510 1764 3583 evincit,
1782 3530 1849 3574 nen
1866 3505 2019 3573 omnibus
2036 3507 2164 3590 exposi-

145 3592 322 3675 recipiunt,
346 3590 562 3656 statuendum
581 3597 632 3655 cst
649 3590 727 3655 inde
744 3591 896 3673 pendero,
918 3593 995 3676 quia
1011 3594 1135 3658 frustra
1186 3600 1255 3657 tam
1279 3614 1350 3659 esse
1372 3593 1462 3657 illam
1486 3593 1621 3676 spiritus
1643 3595 1809 3673 virtutem,
1833 3615 1898 3677 qua
1919 3595 1959 3658 fit
1980 3592 2072 3677 quod
2094 3591 2163 3658 fieri

146 3677 292 3745 exterior
325 3678 415 3742 vocis
444 3696 547 3740 sonus
581 3695 679 3741 aures
706 3676 873 3757 verberat,
908 3678 1010 3744 donec
1043 3678 1134 3742 intus
1186 3684 1320 3761 oportet.
1365 3678 1472 3744 Nemo
1499 3701 1535 3744 se
1564 3679 1659 3745 vanis
1685 3680 1853 3746 blanditiis
1878 3679 1980 3744 fallat.
2027 3676 2097 3759 Qui
2123 3676 2163 3743 ad

146 3762 247 3831 eorda
269 3762 363 3828 Deus
385 3761 540 3845 tetigerit.
1186 3764 1359 3829 Christum
1391 3764 1565 3844 accedunt,
1599 3766 1666 3830 iam
1698 3766 1758 3830 filii
1790 3766 1854 3831 Dei
1894 3772 1992 3830 erant
2023 3765 2059 3829 in
2094 3764 2164 3829 eius

234 3848 380 3913 Diversa
401 3847 508 3912 tribus
531 3845 667 3928 reliquis
690 3847 904 3998 evanffielistis
926 3848 1062 3931 (Matth.
1085 3852 1133 3926 13,
1186 3847 1296 3928 eorde,
1319 3871 1419 3933 quam
1442 3853 1477 3914 in
1499 3873 1534 3916 se
1556 3851 1668 3916 hostes
1689 3858 1814 3917 essent:
1842 3857 1877 3915 et
1897 3852 1973 3933 quia
1995 3849 2163 3933 praeordi-

149 3940 206 4015 113
241 3935 345 4000 Marc.
367 3939 404 4012 4,
438 3936 490 4011 12;
525 3932 669 4010 Luce,
696 3934 751 4015 10)

148 4021 276 4089 occasio
299 4020 370 4085 fuit.
416 4017 609 4100 Discipulos
632 4039 708 4084 suos
730 4019 798 4084 illio
816 4021 958 4084 secernit
979 4019 1133 4085 Christus
1186 4028 1226 4084 ιιι
1251 4020 1395 4086 fideliter
1423 4029 1536 4087 monet
1568 4024 1832 4108 Augustinus,⁶)
1865 4042 1900 4087 se
1929 4022 2058 4106 gratiae
2084 4041 2164 4086 vasa

148 4129 168 4173 a
199 4106 298 4190 vulgo
331 4106 515 4171 homiuum.
569 4103 696 4169 Datum
728 4104 796 4170 illis
825 4126 897 4171 esse
924 4106 1132 4189 pronunciat,
1186 4127 1257 4172 csse
1290 4108 1516 4187 meminerint,
1551 4129 1617 4174 uon
1649 4110 1858 4173 meritorum:
1898 4106 2030 4191 quando
2057 4107 2164 4207 gratia

146 4214 243 4258 nosse
267 4192 363 4276 regni
384 4190 535 4255 coelestis
556 4190 732 4274 mysteria,
766 4210 801 4256 se
823 4211 902 4258 vero
934 4191 1020 4274 loqui
1044 4190 1132 4275 apud
1185 4192 1251 4258 illis
1274 4213 1371 4257 omne
1390 4195 1547 4259 meritum
1565 4200 1623 4260 est.
1645 4195 1716 4261 Nec
1736 4194 1800 4259 alia
1821 4214 1884 4258 nos
1901 4192 2046 4277 cognitio
2063 4200 2164 4269 ravat,

147 4279 228 4343 alios
257 4279 292 4343 in
320 4276 504 4360 parabolis,
537 4283 577 4338 ut
609 4275 779 4342 audientes
812 4298 876 4342 nou
907 4277 1059 4357 audiant,
1098 4284 1133 4342 et
1185 4299 1283 4361 quam
1306 4299 1390 4361 quae
1410 4277 1627 4345 admiratione
1648 4280 1830 4346 claudatur.
1859 4278 2006 4345 Ridcant
2027 4299 2090 4343 nos
2110 4277 2164 4361 qui

148 4384 254 4430 sermo
287 4362 416 4428 Iesaiae
448 4360 634 4444 impleatur.
686 4360 780 4443 Quos
809 4363 1024 4446 aenigmatice
1051 4363 1131 4428 allo·
1185 4364 1312 4429 volent:
1341 4363 1438 4429 modo
1467 4367 1592 4448 stupori
1620 4375 1734 4432 nostro
1756 4364 1850 4432 Deus
1875 4386 1894 4431 e
1916 4363 2006 4430 coelo
2027 4370 2164 4439 annuat

148 4458 270 4533 quotus
293 4457 345 4514 est
367 4446 525 4513 Christus
553 4447 626 4510 sine
648 4449 814 4530 profectu,
837 4448 992 4532 indignos
1013 4449 1131 4513 maiori
1185 4457 1219 4515 et
1241 4450 1352 4533 angeli
1374 4450 1583 4534 applaudant.

148 4533 222 4600 luce
249 4535 352 4600 fuisse
380 4555 446 4598 non
469 4552 555 4615 nego
579 4536 648 4611 [pag
679 4537 750 4613 rtJ:
791 4533 849 4599 sed
873 4554 954 4619 rogo
975 4534 1132 4612 vicissim,
1271 4535 1369 4602 Nunc
1402 4557 1485 4619 quae
1513 4559 1554 4602 ex
1581 4537 1694 4621 Pighii
1726 4536 1860 4604 obiectis
1889 4534 2012 4620 aliquid
2046 4534 2165 4601 eoloris

149 4640 213 4703 que
240 4621 359 4684 merito
393 4619 561 4703 digniores
590 4617 714 4683 luerint
740 4620 895 4703 apostoli,
928 4640 1010 4703 quos
1038 4620 1132 4685 lami-

148 4702 277 4769 liariter
314 4703 470 4769 Christus
510 4702 678 4768 admittit?
735 4702 903 4772 Statuitur
942 4704 1131 4772 antithesis:
1186 4710 1255 4717 ’““

1254 4809 1285 4873 1)
1302 4810 1440 4877 privilege.

1254 4876 1285 4942 2)
1324 4894 1358 4932 ue
1376 4877 1465 4932 David
1483 4884 1604 4933 mensae
1622 4885 1694 4933 estre
1713 4877 1841 4947 singulier
1858 4892 1912 4932 aux
1930 4875 2027 4932 enisus
2043 4876 2161 4933 delbeu

220 4942 252 5008 1)
270 4940 338 4996 Vide
356 4941 490 5022 Aua-lib.
508 4942 543 4997 ad
560 4942 651 4997 Bonis.
667 4942 687 4996 2
703 4957 764 5014 esp.
783 4944 808 5000 6,
1253 4945 1284 5010 3)
1305 4895 1346 5000 he
1365 4945 1437 5001 bono
1455 4962 1592 5015 persever.
1610 4960 1669 5016 cap.
1687 4944 1730 5001 23.

219 5009 250 5075 2)
270 5012 397 5104 Parquoy
419 5025 446 5090 ιι
470 5026 542 5091 ιιοιιιΙ
563 5026 599 5065 ne
622 5013 739 5068 voulons
760 5028 831 5069 nour
853 5026 982 5081 mocquer
1004 5014 1131 5069 anosbe
1253 5012 1285 5078 4)
1306 5014 1375 5069 Vide
1399 5015 1469 5085 Aug.
1493 5015 1528 5070 de
1551 5023 1669 5085 corrept
1698 5022 1726 5069 et
1751 5016 1838 5084 maha
1866 5028 1926 5083 cap.
1948 5012 1975 5067 b.
2013 5013 2080 5070 uia
2103 5029 2159 5082 cap

150 5082 255 5137 asticnt
273 5079 307 5132 de
326 5078 438 5146 llisprrt
456 5078 490 5132 de
507 5078 585 5141 Dico,
604 5087 789 5136 controuvaus
805 5082 855 5138 des
872 5079 1044 5150 subarluges
1062 5098 1132 5151 pour
1183 5082 1202 5135 8
1219 5090 1248 5138 ιι
1264 5081 1290 5137 9.

147 5149 306 5219 eschapper
323 5146 357 5201 de
376 5162 408 5201 ca
424 5162 478 5216 que
496 5145 536 5199 dit
552 5144 749 5215 l’ilvangeliste
764 5155 813 5206 etc.
1254 5150 1286 5217 b)
1304 5150 1370 5206 ibid.
1389 5166 1450 5219 cap.
1470 5149 1494 5204 7.

808 3935 884 3999 uias
917 3933 1038 4000 citandi
1071 3933 1134 3999 loci
1186 3935 1255 3999 nati
1283 3943 1380 4000 erant
1406 3935 1448 4001 ad
1476 3938 1594 4016 vitam,
1624 3937 1758 4003 Christo
1780 3936 1849 4002 dati
1871 3946 1957 4002 sunt.
1965 3937 1994 4017 ⁴)
2040 3933 2163 4017 Quare,

151 4861 356 4871 ’.ϋ-
