4620 5894
925 257 1294 326 PROLIIGOIIENA.
2028 255 2122 322 XIII

101 445 305 511 adium
323 445 496 528 emesam
512 444 535 510 ὰ
552 445 587 511 ia
607 446 743 513 dootcino
763 452 791 512 et
811 445 992 512 οόαανααααα
1012 446 1193 528 eattotique,
1215 453 1243 512 et
1263 467 1329 512 aun
1345 446 1535 529 diffinitione
1552 452 1581 511 et
1597 446 1848 510 deternoinotious
1867 445 1905 510 de
1922 450 2023 511 nostu
2039 465 2123 511 mere

103 558 226 623 uuae
247 555 368 641 Eptise,
389 556 574 640 duquedes,
606 576 724 625 consue
747 558 820 643 Ray
840 559 1068 638 tresenrestien,
1093 579 1227 624 suum
1247 579 1285 624 en
1306 563 1416 624 nostre
1435 558 1499 623 dict
1519 555 1695 641 Βαρααααα
1709 561 1900 637 proteeteur,
1919 555 2033 640 parde,
2054 576 2122 622 oon·

103 672 269 734 mear
289 672 319 733 et
344 674 525 748 αααααεααν,
553 673 660 751 etque
675 690 743 752 par
763 670 797 735 la
817 671 957 736 division
978 670 1033 736 des
1058 671 1211 737 doctrines
1238 670 1293 753 qui
1320 675 1461 754 serayent
1487 669 1693 735 uuunoeodes
1714 688 1783 749 par
1810 668 1856 734 tes
1878 667 2064 751 prescheurs
2084 688 2123 733 en

104 784 211 846 κονίη
231 779 298 845 diat
318 779 509 864 Rapautnie,
537 786 636 846 term
656 786 685 846 ct
704 781 903 865 seipneuries
925 786 991 848 s'en
1006 785 1200 864 pourroyent
1219 781 1367 864 cnsupoir
1381 781 1548 862 plusieurs
1569 781 1723 846 dionisus
1742 784 1771 844 et
1789 779 1939 846 seditione
1961 800 1999 844 en
2019 783 2122 845 nostre

98 891 227 974 ρανρῑα,
249 891 272 955 ὰ
293 890 326 956 ia
344 893 467 975 mande
481 891 700 974 penurbdton
720 893 765 957 du
786 913 876 975 repas
896 899 925 959 et
945 892 1142 976 tranquitttte
1161 893 1309 976 d'icetuy:

267 1001 357 1069 Pour
378 1003 400 1067 α
422 1023 454 1067 ce
475 1004 577 1069 socier
595 1008 623 1068 et
644 1024 703 1086 ane
730 1024 768 1069 en
794 1005 882 1070 unite
908 1006 946 1070 de
974 1004 1044 1088 Foy
1069 1010 1098 1070 et
1123 1005 1261 1070 doctrine
1286 1008 1391 1069 nostre
1417 1005 1480 1069 diet
1495 1003 1611 1086 peupte
1633 1001 1846 1068 ινααααναεαεα
1867 1003 1927 1068 soit
1948 1000 2122 1066 acumen

106 1114 288 1180 somnne
302 1136 371 1196 ραν
389 1136 468 1182 αεαα
487 1117 543 1198 qui
558 1115 759 1197 prescheront
779 1116 812 1182 ta
827 1117 942 1198 parate
962 1116 1000 1181 de
1022 1115 1116 1194 Rieu,
1139 1136 1215 1182 sans
1236 1135 1357 1181 αααααε
1377 1117 1516 1182 division
1536 1136 1577 1180 ou
1597 1114 1766 1179 oonterdion
1788 1117 1871 1177 entre
1893 1133 1971 1178 suu:

262 1227 374 1294 Arous
394 1247 509 1292 comm
529 1232 744 1293 unseroateur
764 1233 792 1291 et
812 1233 974 1294 seecuteur
994 1228 1126 1307 snsdict,
1148 1248 1187 1291 en
1208 1232 1275 1290 tant
1302 1226 1378 1310 qu'd
1406 1248 1486 1292 nous
1514 1232 1571 1307 est,
1601 1225 1774 1305 adnuisd,
1796 1230 1824 1290 et
1845 1224 2044 1289 auuruos
2064 1224 2122 1289 ies·

105 1337 188 1403 uun
209 1337 362 1419 Aspicies,
394 1343 424 1403 et
449 1340 586 1405 ordonrd
612 1344 641 1404 et
668 1339 842 1405 ordonnons
863 1340 962 1422 qu’de
980 1345 1084 1421 sopent
1099 1340 1228 1419 pubiiee
1250 1359 1318 1419 ραν
1337 1344 1402 1404 tout
1423 1343 1526 1405 nostre
1547 1338 1609 1402 diet
1632 1337 1820 1420 Ropautme,
1843 1355 1944 1418 pays,
1977 1339 2073 1400 terres
2095 1340 2124 1400 et

106 1451 308 1533 oeipreeuries
326 1450 453 1534 parda,
474 1449 615 1516 observes
636 1455 665 1515 et
685 1454 869 1530 entretenue,
890 1470 968 1516 sans
990 1456 1192 1516 aunnement
1212 1473 1233 1535 ρ
1255 1452 1452 1529 ααααααια,
1475 1449 1643 1515 αααανέααα
1665 1454 1735 1513 tous
1757 1449 1801 1512 tes
1820 1446 1950 1512 Prctate
1964 1447 2003 1512 de
2019 1451 2123 1511 nostre

108 1561 171 1627 dict
192 1560 389 1645 Royautme,
405 1583 508 1646 pays,
529 1568 627 1628 terres
648 1567 677 1627 et
697 1562 900 1646 seipneuries,
921 1563 959 1627 de
980 1561 1108 1644 quelque
1129 1566 1219 1642 estat,
1241 1561 1359 1642 qualite}
1380 1583 1421 1627 ou
1441 1561 1598 1628 condition
1619 1560 1716 1642 qu‘ite
1737 1564 1851 1643 sopent,
1872 1562 1900 1624 et
1921 1577 2033 1622 umnec
2053 1577 2122 1623 con-

106 1677 270 1738 musar
291 1677 320 1738 et
340 1679 502 1738 annun
522 1675 649 1755 susdiat,
671 1673 740 1739 leur
761 1675 942 1758 eniaipnant
962 1694 1091 1757 euooyer
1113 1673 1133 1737 ἀ
1156 1679 1227 1738 tous
1247 1679 1276 1738 et
1296 1671 1431 1739 cumcun
1449 1672 1503 1739 dos
1519 1693 1612 1738 curce
1629 1676 1658 1737 et
1674 1671 1807 1737 uenires
1823 1671 1861 1735 de
1877 1670 1963 1735 leurs
1980 1669 2121 1750 dioceses,

106 1784 216 1868 cytisos
235 1784 427 1869 oetiepialcs,
455 1790 647 1851 monasteres
668 1791 697 1850 et
716 1805 860 1865 αοαναα,
887 1785 1053 1850 mendians
1080 1790 1108 1849 ct
1128 1805 1189 1851 non
1209 1785 1389 1863 mendicus,
1415 1785 1536 1849 diceus
1561 1785 1711 1863 dioceses,
1744 1783 1783 1848 ou
1805 1782 1865 1848 tan
1887 1804 1908 1847 a
1929 1778 2122 1847 aoooeutumt

101 1895 250 1978 prouder
271 1896 306 1961 to
320 1897 436 1979 parde
456 1896 495 1961 de
515 1895 611 1977 Dteu,
633 1916 694 1962 une
714 1898 800 1980 copie
820 1897 858 1962 de
879 1916 928 1963 ecs
943 1901 1114 1980 presentes,
1137 1917 1181 1961 au
1201 1895 1341 1960 uidimus
1362 1896 1530 1978 descendes
1551 1897 1680 1962 oouuns
1700 1900 1779 1961 estre
1801 1894 1913 1977 cueoye'
1934 1893 1956 1956 d
1977 1896 2055 1958 ceste
2074 1890 2122 1972 (in

106 2006 285 2074 ὰαΙιααααα
304 2007 443 2074 desdicts
467 2006 609 2073 Pietate:

262 2119 308 2184 Et
329 2121 540 2186 commendant
561 2121 852 2203 tresccpresstment
866 2141 934 2202 ραν
957 2121 1081 2187 lesdide
1105 2117 1245 2198 Pretate,
1268 2119 1290 2182 d
1311 2123 1381 2184 tous
1402 2119 1527 2186 lesdicts
1543 2139 1651 2198 euree,
1674 2120 1821 2198 aicar'res,
1848 2118 1963 2199 ἄρρενα
1984 2115 2122 2196 etprin-

105 2231 222 2314 cipatae
244 2231 386 2315 dipnitee
407 2230 462 2296 des
479 2231 588 2316 eptises
608 2232 787 2316 collepiates,
811 2231 915 2296 Abbce
935 2232 990 2297 des
1011 2237 1208 2310 monasteres,
1234 2229 1369 2297 Prieurs
1388 2236 1416 2296 et
1433 2232 1585 2316 pardinis
1603 2232 1658 2298 des
1673 2250 1812 2309 consens,
1833 2228 1999 2293 enuntians
2016 2231 2044 2292 et
2060 2245 2121 2290 non

105 2343 285 2423 amotam,
315 2342 352 2408 de
377 2342 495 2427 pordes
521 2349 550 2409 et
576 2343 716 2409 obsuner
741 2345 933 2409 entieremcnt
963 2344 1138 2410 teoontenu
1158 2342 1293 2408 desdiote
1314 2342 1466 2423 Artietes,
1496 2364 1534 2409 en
1555 2342 1624 2409 leur
1643 2342 1813 2425 defendam
1834 2337 2122 2421 tresenpresstmeut

103 2455 368 2538 dyooutreeenir,
391 2459 421 2519 et
440 2455 479 2520 de
490 2454 638 2537 pressior
660 2475 697 2519 en
718 2457 803 2522 leurs
824 2455 918 2521 diates
936 2456 1055 2540 eptises,
1076 2459 1267 2520 monascms
1282 2475 1322 2519 ou
1339 2474 1477 2537 cauom,
1500 2475 1621 2521 aucune
1637 2454 1724 2520 chose
1747 2453 1910 2532 contraire,
1929 2453 2121 2535 repupnante

102 2588 142 2633 α
166 2566 355 2635 assona
382 2546 581 2633 ααάααα
606 2566 741 2633 aaut
768 2566 906 2632 Αααα
932 2568 970 2633 α
997 2566 1108 2633 aaut
1136 2564 1267 2631 sance
1298 2566 1336 2632 α
1372 2565 1550 2651 cuono,
1583 2567 1778 2632 susumus
1810 2584 1850 2628 α
1881 2563 2120 2641 sacrentur,

103 2682 294 2762 spectemus!
316 2698 357 2743 ou
372 2697 441 2759 par
460 2683 540 2742 nnote
560 2697 700 2758 cousus,
728 2683 830 2760 etque
851 2679 958 2762 ραααά
978 2678 1022 2744 ite
1042 2678 1211 2744 taisserout
1232 2698 1353 2745 aucuns
1368 2677 1531 2761 preseder,
1553 2677 1598 2743 ite
1618 2679 1687 2745 leur
1706 2677 1810 2761 faceret
1828 2677 1913 2759 faire
1940 2676 2054 2742 inture
2082 2672 2121 2738 dc
2243 2753 2245 2757 Α

104 2796 163 2856 m
185 2791 217 2856 te
245 2794 379 2856 unuin
407 2810 445 2854 en
471 2789 614 2855 eesdictes
629 2795 806 2873 presentes,
833 2790 901 2871 asin
923 2811 995 2873 pue,
1016 2790 1089 2855 s'ite
1109 2810 1130 2873 ρ
1151 2791 1400 2871 urdrnunnent,
1424 2790 1467 2855 ite
1488 2810 1525 2856 ne
1542 2792 1690 2872 puissent
1704 2790 1869 2873 pretcndre
1891 2807 2012 2854 αααααα
2028 2806 2121 2852 causo

105 2900 304 2986 dipnoranoe
324 2920 366 2967 ou
386 2902 582 2967 ααααααααε

256 3011 460 3097 Εαίαίραααα
480 3015 580 3093 aussi,
608 3033 721 3079 conum
737 3018 951 3079 αααανααααν
971 3018 999 3078 et
1019 3018 1182 3079 enecuteur
1201 3013 1330 3094 suediet,
1352 3013 1374 3077 ὰ
1394 3019 1464 3079 tous
1484 3014 1610 3080 lcsdiete
1629 3012 1754 3080 Preuu
1775 3014 1814 3079 de
1834 3017 1936 3078 nostre
1957 3011 2020 3079 diet
2039 3010 2123 3095 Roy-

113 3122 214 3205 utne,
229 3143 331 3208 pays,
352 3129 453 3190 terres
469 3129 498 3189 et
513 3126 714 3211 seipneuries,
734 3125 773 3191 de
794 3126 925 3208 quatem
947 3124 1065 3208 quatitt
1083 3126 1181 3207 qu’de
1201 3130 1314 3209 saperet,
1337 3127 1484 3208 suasuris
1505 3144 1546 3190 ou
1565 3125 1651 3208 faire
1667 3125 1813 3206 enquerir
1828 3124 2039 3208 ditipcmmud
2052 3141 2122 3205 ραν

118 3231 194 3301 tm
209 3237 364 3317 oicaires,
398 3235 550 3320 officione
572 3256 613 3301 ou
630 3241 843 3318 promoturus,
871 3243 974 3304 contre
1001 3237 1047 3302 les
1073 3243 1326 3322 tronspresseurs
1352 3238 1398 3304 du
1419 3242 1547 3304 cantenu
1568 3258 1605 3302 en
1628 3256 1685 3304 nos
1707 3237 1802 3302 diates
1818 3240 1995 3317 presodes,
2017 3239 2044 3299 et
2065 3232 2121 3316 qui

116 3354 253 3431 norom
266 3345 404 3431 presedit
424 3346 520 3412 otiose·
532 3350 700 3429 munire,
728 3353 920 3433 repnpnantc
942 3370 983 3414 ou
1003 3348 1184 3415 dissonante
1205 3370 1250 3414 αα
1271 3354 1398 3415 contenu
1420 3349 1556 3416 desdiate
1575 3347 1726 3430 Artides,
1753 3353 1782 3413 et
1803 3347 1899 3430 qu’de
1914 3344 2080 3429 procedent
2100 3343 2122 3408 ὰ

44 3538 47 3545 Ι
110 3456 264 3527 tumbe
286 3460 345 3525 des
365 3459 553 3540 coedpabtes,
585 3458 794 3545 ditipemment
815 3465 844 3526 et
858 3466 1097 3544 promptement,
1127 3460 1170 3526 tes
1191 3463 1342 3546 cunipert
1361 3462 1574 3543 etpnnissent
1595 3460 1863 3543 eaernptairenrent
1883 3457 1969 3524 seton
1990 3457 2035 3523 les
2055 3475 2123 3522 oon-

258 3681 307 3748 Εἰ
326 3703 365 3749 eu
386 3683 455 3748 leur
476 3683 695 3767 impartissant
716 3683 819 3767 t’apde
839 3688 868 3749 et
885 3683 1001 3767 confort
1022 3685 1059 3748 de
1080 3688 1183 3749 nostre
1202 3684 1276 3750 tras
1296 3684 1442 3764 secretior,
1465 3703 1579 3748 umine
1599 3684 1684 3767 faire
1705 3683 1832 3763 duone,
1860 3702 1956 3748 auus
1974 3680 2122 3765 parcitte·

105 3799 184 3860 nent
210 3794 252 3860 de
275 3799 379 3860 nostre
401 3799 480 3878 part
505 3795 640 3878 defendu
668 3799 696 3860 et
716 3795 886 3878 Mendons
907 3795 1197 3878 treseepresstment
1226 3794 1248 3859 ὰ
1269 3799 1338 3860 tous
1363 3815 1421 3860 noe
1447 3794 1580 3860 subiecte
1607 3816 1647 3860 ou
1674 3796 1859 3861 duneurans
1879 3814 1918 3859 eu
1938 3799 2040 3860 nostre
2061 3792 2124 3857 dict

107 3904 296 3992 Rayaubne,
324 3924 423 3988 pape,
454 3910 553 3971 terres
579 3911 608 3970 et
631 3907 834 3991 seipnucries,
868 3911 897 3971 et
925 3907 1040 3973 auttres
1068 3907 1269 3989 quotenus
1298 3908 1354 3988 qui
1375 3911 1568 3991 puuroyent
1592 3907 1684 3972 venir
1703 3927 1741 3972 en
1762 3906 1878 3991 iedup,
1909 3906 1948 3970 de
1973 3901 2122 3986 presdcer

100 4017 335 4100 pessume
360 4037 402 4083 ou
428 4017 634 4097 nudemur,
668 4023 855 4099 operiemuet
883 4038 924 4083 ou
943 4040 1011 4101 ραν
1037 4023 1118 4083 neate
1144 4037 1284 4098 muers,
1316 4018 1511 4085 duodenent
1537 4038 1579 4084 ou
1608 4018 1850 4097 indirectement,
1882 4036 2002 4082 anenno
2033 4013 2121 4080 chose

106 4130 270 4210 unaue
298 4135 492 4214 repupnante
519 4150 560 4194 ou
586 4129 768 4196 dissonante
787 4149 831 4195 αα
852 4135 980 4196 αααίααα
1000 4129 1137 4197 desdiotc
1157 4130 1308 4210 Anticles,
1338 4149 1396 4194 sur
1411 4131 1506 4211 peine
1525 4131 1633 4196 d’cstre
1655 4136 1747 4195 tocius
1768 4135 1796 4194 et
1816 4133 1944 4210 cepides
1964 4127 2121 4193 seditieun

107 4245 132 4305 d
146 4240 390 4325 puiurtateeus
410 4242 454 4305 du
475 4262 566 4325 repos
584 4246 613 4308 et
630 4240 827 4324 tranquillitt
847 4242 886 4308 de
906 4248 1009 4308 nostre
1029 4240 1208 4324 reputtipue
1224 4241 1485 4323 uescdrestienne,
1507 4242 1622 4308 occulte
1638 4242 1870 4322 conspirateurs
1886 4244 1989 4306 contu
2005 4238 2034 4304 te
2050 4238 2121 4303 bion

109 4352 329 4437 etprosperitt
349 4353 390 4419 dc
409 4372 488 4418 nous
509 4357 536 4419 et
556 4354 596 4419 de
615 4358 716 4419 nosne
737 4357 822 4434 estat,
845 4353 970 4419 rebelles
991 4358 1018 4418 et
1038 4353 1259 4439 desobepssans
1287 4373 1395 4419 muers
1422 4373 1504 4419 nous
1529 4358 1557 4418 et
1583 4353 1701 4431 instice,
1731 4358 1760 4416 et
1779 4372 1892 4418 eorurne
1912 4351 1972 4417 tete
1992 4350 2121 4418 cadurs

110 4464 204 4546 au'iia
230 4469 340 4549 seyent
359 4466 464 4547 punis
483 4486 551 4547 par
576 4470 645 4532 tous
664 4485 722 4531 nos
742 4465 832 4548 iupes
851 4466 1076 4532 ressontissaus
1096 4485 1174 4530 sans
1194 4486 1303 4549 inopen
1324 4487 1363 4531 en
1383 4486 1440 4532 nos
1460 4485 1555 4532 cours
1575 4466 1613 4530 de
1637 4463 1827 4544 Partement,
1848 4462 1984 4531 anasum
2004 4485 2041 4531 en
2062 4483 2120 4531 son

109 4575 267 4643 waiet:

264 4688 297 4754 A
320 4689 459 4769 sennan,
486 4688 532 4754 tes
551 4689 618 4755 teir
639 4710 680 4755 ou
701 4689 831 4771 simplos
851 4689 960 4769 eures,
988 4689 1045 4771 qui
1066 4691 1247 4770 n'auroyent
1267 4708 1391 4755 αααναν
1412 4689 1519 4754 ardres
1537 4707 1661 4765 sacres,
1694 4687 1725 4751 si
1750 4688 1995 4754 temerairemeut
2014 4688 2060 4754 tu
2080 4708 2120 4754 ne

113 4800 314 4886 superauerit
331 4801 371 4868 dc
391 4820 424 4866 oe
442 4802 537 4883 faire,
558 4803 614 4868 des
629 4803 741 4884 peines
758 4801 843 4866 telles
864 4821 923 4882 que
943 4802 983 4866 de
999 4801 1089 4866 droit.
1134 4799 1180 4865 Et
1199 4805 1297 4883 quant
1313 4822 1379 4865 aun
1395 4821 1471 4885 peris
1487 4799 1739 4882 eodesiastipues,
1761 4819 1863 4883 aperis
1879 4799 1987 4865 ordros
2002 4819 2118 4880 scaea,

115 4910 151 4977 de
165 4913 258 4995 peine
277 4913 440 4980 samace
460 4912 635 4992 matu,
664 4913 892 4978 bannuscment
918 4913 956 4978 de
983 4917 1085 4977 nostre
1107 4911 1295 4996 Ropouhne,
1328 4919 1358 4977 et
1377 4912 1574 4994 confiscation
1595 4911 1634 4977 de
1654 4911 1741 4977 teurs
1760 4911 1846 4977 biens
1866 4912 2118 4993 patrimoniaun,

116 5025 281 5092 sanam
300 5046 338 5092 en
356 5031 419 5105 ont,
442 5044 484 5090 ou
504 5030 683 5104 andrunent,
704 5026 792 5090 ainsi
812 5045 873 5106 que
894 5023 1034 5090 noadiote
1055 5025 1144 5106 inpos
1164 5028 1289 5088 verrant
1311 5028 1388 5088 estre
1410 5024 1431 5087 ὰ
1450 5024 1536 5105 faire
1551 5044 1618 5106 par
1636 5024 1754 5090 raison.
1798 5022 1842 5088 Et
1860 5043 1893 5090 ce
1908 5044 1995 5106 pour
2019 5023 2117 5090 teoas

114 5136 288 5220 pdodepie',
318 5138 390 5206 esu
416 5138 583 5221 panacen
615 5136 637 5200 ὰ
668 5135 766 5215 icelle,
795 5136 825 5202 te
851 5137 943 5203 detict
966 5140 995 5201 et
1021 5136 1118 5200 crime
1145 5139 1249 5200 estans
1274 5135 1433 5201 nument
1460 5134 1586 5217 verifice
1606 5156 1674 5218 ραν
1701 5136 1771 5201 lecu
1797 5135 1908 5219 simple
1935 5135 2117 5218 confession,
