4620 5894
100 244 164 310 111
261 220 264 225 ’
968 244 1253 314 omnifluus.
2053 256 2119 322 aaa

96 431 271 500 mendacia
288 439 472 511 contexere,
494 433 575 531 quin
596 433 816 532 repugnantia
832 433 1001 500 interdum
1023 455 1081 517 ap-
1133 459 1211 505 vero
1233 439 1269 504 in
1291 436 1419 523 synodo
1441 444 1664 504 trecentorum
1686 437 1828 504 fratrum
1848 445 1995 522 potestas
2016 463 2117 525 penes

144 528 229 598 reat,
267 526 464 603 argumenta
495 538 567 583 erus
602 518 713 602 qualia
745 520 813 584 siut
844 519 1079 602 expendamus.
1133 525 1357 609 Mogandrum
1384 544 1488 589 unum
1517 523 1630 602 fuerit,
1663 531 1721 588 aut
1748 530 1881 591 senatus
1917 527 2018 592 fuerit
2045 527 2115 594 illic

98 542 417 688 111111111111111,
441 605 573 689 genitus
595 612 646 670 est
668 626 688 669 a
710 616 813 688 patre,
839 626 918 690 ergo
940 626 1007 671 non
1029 614 1082 671 cst
1133 620 1225 676 muta
1270 631 1395 689 eraoua,
1419 610 1475 692 qui
1497 608 1607 674 nullas
1629 608 1767 675 haberet
1782 611 1819 674 in
1840 611 2015 677 iudicando
2038 633 2116 697 par·

100 714 123 759 a
145 713 180 757 se
207 692 288 774 ipso.
334 690 435 755 Item:
459 689 615 756 Ohristus
640 699 691 756 est
718 691 807 757 filius
830 690 909 768 Dei,
936 711 1015 775 ergo
1040 693 1081 757 ab
1133 705 1193 761 tes.
1239 631 1269 763 0

101 797 143 844 eo
164 786 215 843 cst
243 775 300 860 qui
324 797 399 841 cum
422 778 551 861 genuit:
580 777 684 842 Pater
713 784 825 842 autem
854 777 939 843 alius
968 784 1019 843 ost
1040 777 1082 844 ab
1134 782 1242 847 rclum
1271 803 1331 866 pro
1354 781 1592 848 calumniatore
1614 779 1751 847 haberat
1770 801 1808 847 ac
1830 803 1892 848 sua
1915 784 2117 851 conscicntia

100 883 155 943 ec,
184 882 263 947 ergo
292 863 392 928 habet
419 882 491 928 csse
517 862 558 927 ab
585 862 657 929 alic.
704 862 882 929 Concludit
903 884 975 929 esse
994 863 1082 929 blas·
1134 869 1201 933 iam
1224 888 1301 933 eum
1329 868 1533 946 damnasset,
1561 867 1648 932 ultro
1669 866 1854 948 Farellum,
1882 867 2061 934 Oalvinum
2083 879 2118 936 et

99 950 285 1036 phemiam,
320 969 422 1032 quum
450 948 569 1014 dicitur
594 948 766 1015 0111111111
793 970 864 1014 1111
888 971 909 1015 1
936 970 972 1015 11
1000 950 1081 1032 ipsc.
1135 953 1291 1020 Viretum
1305 954 1436 1036 rogavit
1457 974 1540 1017 num
1561 951 1640 1034 quid
1659 951 1820 1019 adversus
1843 974 1921 1019 cum
1938 954 2114 1021 haberent:

100 1037 220 1119 Atqui,
241 1054 352 1099 aunon
375 1033 465 1102 videt
487 1056 522 1100 se
545 1056 655 1100 aerem
677 1036 868 1114 verberare,
891 1056 995 1118 quum
1016 1056 1083 1100 non
1136 1041 1263 1105 senatui
1293 1040 1381 1104 enim
1408 1037 1539 1122 placere
1565 1037 1601 1102 in
1624 1039 1769 1103 medium
1797 1040 1951 1121 proferri,
1980 1042 2009 1106 si
2037 1040 2116 1124 quid

100 1121 192 1190 aliud
214 1121 348 1187 tandem
376 1120 528 1206 colligere
556 1121 673 1204 possit,
702 1126 777 1200 [pag.
798 1126 852 1200 65]
879 1141 980 1205 quam
1008 1142 1082 1203 per·
1135 1132 1303 1209 peccasset
1329 1126 1364 1189 in
1394 1144 1452 1189 suo
1474 1124 1666 1189 ministerio.
1712 1125 1777 1191 Hic
1802 1130 1948 1204 [11161]
1973 1126 2114 1193 Carolus

99 1228 202 1277 sonae
223 1229 291 1272 non
313 1209 490 1274 convenire
511 1207 597 1290 quod
621 1206 781 1273 Calvinus
803 1216 892 1271 recte
910 1207 951 1272 dc
973 1228 1083 1272 esseu-
1136 1212 1350 1296 tergiversari
1383 1219 1417 1273 ct
1449 1230 1571 1293 negare
1609 1217 1816 1276 accusatcrcs
1849 1232 1920 1277 esse
1952 1212 1983 1277 le
2007 1213 2117 1279 itimos

99 1296 148 1361 tia
176 1290 399 1377 praedicavit?
445 1291 597 1374 Quodsi
630 1293 923 1358 contradictionem
957 1292 1086 1375 quaerit
1136 1319 1217 1380 quos
1239 1304 1307 1362 tam
1328 1296 1448 1362 atrocis
1470 1295 1619 1361 criminis
1640 1317 1714 1361 reos
1739 1297 1929 1380 peregisset
2008 1296 2116 1365 dhoc

100 1382 137 1447 iu
159 1378 270 1446 verbis
287 1379 433 1457 Oalvini,
461 1388 597 1461 quaerat
618 1378 758 1444 eandem
779 1380 815 1445 in
838 1380 1024 1463 Augustino
1052 1387 1086 1444 et
1137 1382 1307 1467 respondit
1336 1388 1471 1447 senatus
1499 1381 1624 1446 dolatos
1667 1380 1778 1448 uidem
1800 1403 1872 1447 esse
1894 1383 1934 1448 ab
1957 1382 2028 1460 illc,
2058 1383 2117 1449 sed

100 1465 231 1551 (lyrillo
251 1476 284 1530 et
306 1465 394 1543 aliis,
425 1463 542 1548 quibus
570 1472 701 1531 tantum
729 1488 763 1530 sc
792 1466 919 1531 deferre
941 1465 1083 1529 simulat.
1137 1471 1380 1536 accusationem
1405 1467 1520 1550 procul
1547 1403 1779 1550 aprolraticne
1805 1468 1957 1534 abfuisse.
2001 1469 2117 1552 Itaque

100 1552 231 1617 Verum
257 1570 375 1634 operas
404 1551 548 1632 pretium
577 1560 628 1615 est
655 1559 770 1616 notare
797 1560 949 1636 argutam
977 1550 1084 1615 obieo·
1137 1576 1271 1621 rursum
1305 1553 1414 1620 dicore
1442 1555 1522 1619 iussi
1551 1561 1630 1618 sunt
1657 1551 1817 1637 quidquid
1842 1553 1907 1619 illis
1936 1553 2115 1619 videretur.

98 1639 227 1704 tionem
244 1658 310 1720 qua
327 1635 508 1702 Calvinum
525 1640 674 1703 constrin
700 1639 732 1702 ’1.
769 1638 946 1721 Praefaris,
969 1636 1085 1718 inquit,
1138 1640 1277 1706 Carolus
1304 1639 1362 1705 ubi
1392 1661 1427 1705 sc
1454 1639 1576 1703 talibus
1603 1639 1817 1723 subterfugiis
1841 1638 1925 1704 nihil
1957 1641 2116 1722 proficere

98 1732 134 1789 te
163 1723 331 1788 dicturum
359 1722 399 1786 de
426 1723 467 1787 iis
494 1743 579 1804 quae
609 1723 650 1788 ad
704 1724 847 1788 hristum
875 1723 1085 1805 peculiariter
1136 1727 1316 1805 intellexit,
1345 1725 1452 1792 voluit
1478 1725 1548 1807 ipsc
1570 1724 1837 1807 praeoccupando
1860 1746 1975 1790 ansam
1998 1726 2117 1809 agendi

100 1811 262 1888 attinent3
291 1829 370 1892 crgo
397 1809 632 1890 proprietatem
658 1808 745 1873 hanc
771 1830 843 1874 esse
865 1808 1011 1874 affirmas
1034 1829 1084 1873 se·
1136 1812 1202 1877 fllia
1224 1812 1424 1896 praecidere.
1470 1809 1538 1875 Sed
1559 1830 1678 1892 operae
1700 1811 1845 1892 pretium
1867 1819 1919 1875 est
1939 1811 2116 1877 artificium

102 1892 232 1962 caudae
259 1915 427 1977 personae.
473 1893 563 1974 Quid
591 1896 654 1961 hcc
681 1895 882 1977 sophismate
914 1892 1082 1976 putidius?
1136 1906 1251 1963 notare
1273 1919 1337 1980 quo
1359 1918 1439 1963 usus
1461 1904 1521 1962 est
1557 1896 1694 1962 Putavit
1715 1898 1813 1976 enim,
1836 1896 1864 1961 si
1887 1918 1947 1961 sua
1968 1897 2038 1979 ipse
2060 1896 2118 1962 de·

99 1981 188 2047 Nam
211 1980 297 2063 quod
319 1980 387 2046 illio
410 1980 565 2047 Christus
585 1982 777 2045 nominatur
798 1980 936 2055 Iehova,
959 2000 1001 2044 au
1024 1979 1085 2045 hcc
1138 1983 1255 2050 decora
1282 1984 1370 2048 ultro
1397 1984 1578 2065 ingereret,
1608 1981 1690 2047 alios
1721 1981 1921 2047 verecundia
1949 1989 2117 2047 retentum

100 2067 150 2132 illi
171 2068 344 2150 proprium
363 2069 434 2133 est?
464 2089 501 2133 ac
529 2089 595 2132 non
618 2069 727 2149 potius
748 2088 824 2132 cum
846 2074 940 2147 patre
963 2073 996 2130 et
1017 2065 1084 2149 spi·
1136 2070 1194 2149 iri,
1230 2093 1272 2136 na
1303 2068 1439 2135 verbum
1466 2067 1608 2150 amplius
1642 2065 1811 2133 adderent.
1857 2066 1974 2150 Ocepit
2006 2074 2117 2133 autem

101 2155 167 2218 ritu
190 2160 304 2218 sancto
325 2153 520 2219 commune?
567 2153 683 2230 Multa,
707 2154 851 2235 inquam,
873 2151 941 2217 illic
959 2149 1083 2216 haben·
1136 2156 1296 2221 foetorem
1324 2176 1460 2220 suarum
1487 2153 1726 2219 scortationum
1759 2173 1894 2218 movero
1924 2174 1962 2219 ac
1995 2153 2118 2218 rcfcrre

101 2248 157 2304 tur
184 2260 227 2304 ex
261 2260 364 2322 aequo
394 2241 500 2304 tribus
527 2240 675 2322 personis
702 2237 897 2303 communia.
943 2237 1084 2303 Oarclus
1137 2242 1279 2325 qualitor
1311 2241 1348 2305 in
1375 2239 1489 2306 Gallia
1520 2239 1581 2304 sub
1621 2240 1724 2323 signis
1752 2239 1893 2305 Veneris
1934 2239 2116 2305 militasset

103 2334 212 2390 autem
248 2325 448 2407 particulam
481 2345 583 2390 unam
612 2325 728 2407 arripit
759 2347 800 2389 cx
833 2345 897 2406 qua
928 2323 1084 2407 frigidam
1136 2328 1270 2406 Postea,
1304 2348 1406 2410 quum
1433 2325 1535 2391 vellet
1561 2325 1733 2407 praeteriti
1763 2325 1923 2408 temporis
1949 2325 2119 2408 ignaviam

102 2410 346 2476 cavillationem
364 2418 479 2477 struat.
511 2410 678 2491 Quorsum
697 2431 784 2494 ergo,
804 2409 890 2475 dicet
908 2409 1082 2492 quispiam,
1136 2434 1296 2481 excusare
1324 2421 1357 2478 ct
1385 2412 1518 2496 planam
1544 2410 1701 2493 perfidiae
1722 2410 2031 2489 dissimulationem,
2055 2429 2119 2492 qua

103 2502 254 2580 spectant
279 2495 361 2563 haec
384 2497 518 2563 Oalviui
546 2496 668 2564 verba?
713 2497 842 2578 Nempe
867 2495 909 2561 ad
930 2496 1083 2560 incarna-
1137 2500 1311 2566 Christum
1339 2505 1374 2562 et
1394 2496 1605 2581 evangelium
1628 2494 1841 2579 prodidisset,
1870 2496 2043 2561 historiam
2065 2515 2118 2560 re·
2185 2538 2187 2542 -

102 2584 239 2659 tionem,
271 2582 312 2647 de
336 2604 401 2667 qua
429 2583 498 2648 illic
520 2581 659 2648 disserit.
705 2582 778 2648 Hoc
800 2583 889 2646 enim
911 2581 1083 2664 proprium
1136 2587 1212 2651 tulit
1235 2607 1301 2651 nou
1320 2585 1383 2650 alic
1403 2583 1671 2667 quamproprias
1690 2583 1855 2648 amentiae
1872 2581 2018 2664 impulsu
2035 2601 2119 2665 quae

102 2684 152 2734 eet
172 2668 235 2735 filii
257 2668 338 2745 Dei,
361 2668 447 2752 quod
469 2689 602 2735 carnem
626 2675 774 2733 nostram
795 2665 917 2746 induit,
944 2676 982 2732 ut
1003 2666 1083 2732 deus
1136 2673 1285 2737 omnium
1317 2669 1559 2736 exsecrationes
1592 2669 1627 2732 in
1666 2689 1742 2735 eum
1775 2669 1892 2733 merito
1931 2668 2118 2733 concitaret.

102 2764 188 2822 esset
209 2774 249 2820 ac
270 2755 378 2835 homo,
396 2755 510 2834 unitis,
533 2776 602 2819 non
625 2755 769 2820 confusis
790 2755 928 2820 naturis.
1136 2756 1317 2824 Confessus
1339 2757 1429 2822 enim
1455 2754 1518 2820 fuit
1539 2776 1574 2820 se
1602 2761 1752 2818 autorem
1772 2753 1873 2820 fuisse
1895 2760 1934 2819 ut
1955 2751 2021 2818 duc
2043 2752 2124 2818 ado·

187 2840 360 2924 Respondi
372 2840 424 2907 'ad
445 2862 559 2907 omnes
576 2840 758 2906 calumnias
781 2840 899 2922 quibus
916 2847 985 2904 tam
1007 2859 1083 2923 gra·
1135 2843 1295 2911 lescentcs
1316 2841 1444 2908 innoxii
1465 2842 1501 2906 in
1522 2839 1666 2907 vinculis
1688 2846 1898 2919 tenerentur,
1930 2838 2034 2906 donec
2055 2837 2123 2903 duc

103 2948 176 2992 vem
205 2947 301 2993 suam
329 2928 572 2994 accusationem
594 2926 782 3005 edomavit,
806 2933 840 2990 ct
861 2926 909 2989 ita
929 2924 1084 3008 respondi
1135 2930 1261 2998 iudices
1283 2929 1494 3007 advenirent,
1517 2947 1598 3010 quos
1619 2932 1746 2991 certum
1768 2933 1840 2991 erat
1858 2925 1928 2991 fore
1950 2925 2122 2991 carnifices

103 3022 138 3078 ut
159 3013 298 3097 planum
327 3033 399 3079 osse
421 3013 574 3078 omnibus
600 3011 776 3089 confidam,
806 3032 882 3076 eum
903 3011 1021 3076 maiori
1043 3033 1085 3076 ex
1137 3015 1178 3082 ad
1200 3014 1407 3082 fundendum
1425 3014 1518 3097 pium
1540 3012 1746 3096 sanguinem,
1769 3018 1803 3077 ct
1822 3012 1871 3076 ita
1889 3011 2027 3076 miseros
2047 3009 2122 3077 illos

102 3110 196 3182 parte
212 3097 362 3183 improbe
381 3107 414 3163 11
431 3102 502 3165 sinc
514 3099 621 3164 colore
640 3098 707 3163 ullo
719 3097 862 3175 mentiri,
884 3099 920 3161 in
938 3097 1083 3180 reliquis,
1137 3121 1197 3167 suo
1220 3101 1355 3168 consilio
1377 3100 1522 3183 periisse.
1567 3097 1766 3164 Incredibile
1793 3096 1926 3180 quidem
1948 3095 2038 3162 dictu
2059 3102 2120 3175 est,

103 3205 248 3269 eaquae
268 3193 357 3251 recte
379 3185 466 3250 dicta
487 3196 573 3264 sunt,
596 3184 717 3268 ineptis
735 3183 998 3250 cavillationibus
1015 3204 1085 3248 ma-
1137 3188 1196 3254 scd
1224 3188 1324 3252 nimis
1350 3186 1448 3251 multi
1475 3194 1553 3252 sunt
1581 3191 1691 3250 testes.
1738 3181 1828 3263 Quid
1857 3202 1935 3266 ergo
1964 3180 2120 3260 dicemus,

103 3268 192 3356 ligne
214 3270 406 3354 depravare.
1137 3275 1203 3339 nisi
1229 3274 1358 3339 illustre
1385 3272 1488 3337 fuisse
1516 3269 1648 3336 divinae
1676 3267 1843 3335 vindictae
1875 3267 2120 3346 documentum,

187 3357 309 3422 Restat
341 3364 379 3422 ut
405 3357 518 3441 paucis
552 3376 716 3440 exponam
749 3355 822 3439 quis
856 3353 975 3440 synodi
1000 3355 1085 3420 Ber·
1137 3357 1224 3442 quod
1251 3364 1345 3423 tanto
1371 3357 1482 3422 furora
1510 3361 1705 3421 excaecatus
1731 3353 1832 3419 fuerit
1865 3359 1904 3418 ut
1931 3373 2008 3418 cum
2034 3351 2121 3419 111111

103 3443 216 3508 111111
244 3443 345 3508 fuerit
377 3443 497 3508 exitus.
543 3442 666 3508 Coacta
699 3448 812 3507 autem
843 3442 906 3506 mit
938 3439 1084 3524 synodus
1136 3444 1291 3527 puderet,
1321 3463 1390 3508 non
1419 3441 1491 3508 dico
1512 3461 1623 3507 coram
1644 3438 1897 3524 quadringentis
1919 3436 2119 3519 hominibus,

102 3528 724 3612 illacircitcrtcrtiopostmensequam
735 3529 934 3593 Lausannac
947 3531 1084 3607 [11161]
1137 3529 1195 3596 sed
1212 3551 1324 3597 coram
1340 3535 1460 3594 senatu
1478 3531 1554 3607 [pag.
1573 3531 1628 3606 18]
1645 3526 1811 3592 Berncnsi
1827 3526 1982 3608 primum,
2001 3523 2121 3591 deinde

103 3613 279 3680 damnatus
298 3616 407 3680 fuerat
423 3613 572 3681 Oarolus.
616 3613 701 3679 Illuc
723 3620 947 3680 convenerant
969 3632 1084 3678 omnes
1137 3637 1249 3682 coram
1270 3614 1490 3683 ecclesiastica
1511 3610 1647 3697 synodo,
1669 3613 1793 3679 iactare
1813 3610 1920 3676 multa
1941 3611 2120 3696 11111131-

102 3700 167 3766 fere
189 3701 264 3786 agri
286 3701 470 3767 Beruensis
488 3708 651 3783 pastores,
673 3700 728 3782 qui
750 3698 885 3783 linguae
907 3705 987 3764 sunt
1008 3718 1083 3781 ger·
1136 3703 1184 3769 tia
1205 3721 1290 3787 quae
1316 3701 1474 3779 latebant
1503 3709 1537 3764 ct
1558 3719 1593 3766 se
1614 3698 1767 3764 omnibus
1794 3697 2022 3764 detestabilem
2042 3694 2118 3763 red·

101 3788 259 3853 manicae.
296 3786 423 3852 Aderat
442 3787 543 3851 etiam
560 3786 664 3850 maior
682 3792 826 3862 senatus,
844 3794 883 3849 ut
892 3784 1083 3869 loquuntur,
1136 3787 1236 3855 dere?
1280 3787 1378 3853 Hanc
1395 3785 1586 3853 coronidem
1607 3783 1795 3869 praeclaras
1821 3804 1901 3849 suae
1923 3782 2046 3849 actioni
2067 3790 2118 3847 at-

102 3873 154 3957 qui
181 3880 376 3940 constater
398 3870 556 3938 ducentis.
601 3871 710 3937 01111
736 3878 880 3936 tractata
909 3872 987 3952 fuit,
1021 3893 1083 3938 nec
1135 3875 1259 3953 texuit,
1299 3879 1340 3938 ut
1371 3871 1477 3937 nihilo
1507 3870 1627 3937 melius
1659 3871 1773 3936 finiret
1805 3889 1905 3954 quam
1937 3868 2115 3949 inceperat

100 3960 304 4025 tumultuose
325 3959 449 4042 agitata
465 3965 605 4036 tautum,
628 3957 686 4023 sed
709 3957 822 4022 audita
838 3977 960 4041 magno
982 3958 1081 4023 silen-
1135 3962 1229 4028 Tunc
1249 3958 1404 4025 Ilarcllus
1425 3958 1571 4024 surrexit
1591 3978 1630 4022 ac
1651 3955 1692 4022 de
1713 3954 1962 4022 scortationibus
1982 3951 2116 4036 quidam

101 4045 152 4110 tio.
191 4045 241 4112 Ut
259 4054 372 4110 autem
390 4046 496 4111 sciant
515 4044 654 4110 lectores
677 4052 800 4126 quanta
820 4044 983 4127 gravitate
1004 4065 1081 4110 cau·
1135 4048 1182 4114 sic
1203 4047 1359 4130 loquutus
1382 4051 1446 4121 est,
1474 4051 1514 4109 ut
1541 4043 1651 4126 palam
1680 4048 1769 4107 esset
1795 4039 1946 4106 omuibus
1975 4058 2052 4102 eum
2077 4037 2115 4103 in

102 4152 169 4197 sam
190 4131 262 4196 illic
282 4131 404 4195 iterum
426 4131 533 4215 egerit
554 4129 707 4207 Carolus,
734 4130 770 4193 in
790 4129 932 4211 primam
955 4129 1081 4194 exordii
1134 4132 1257 4198 talibus
1275 4131 1443 4215 spurcitiis
1464 4129 1611 4196 invitum
1628 4128 1765 4194 versari.
1798 4124 1938 4191 Summa
1955 4123 2114 4190 orationis

101 4219 148 4282 cui
174 4215 350 4300 periodum
377 4216 443 4281 tria
471 4214 644 4281 mendacia
671 4214 864 4292 incluserat,
898 4215 935 4278 in
962 4215 1080 4298 quibus
1134 4219 1216 4284 haec
1236 4219 1314 4282 fuit:
1336 4217 1429 4282 Bous
1450 4215 1566 4293 fecisti,
1588 4212 1720 4293 Oarcle,
1747 4209 1836 4296 quod
1856 4217 1948 4275 tuam
1970 4209 2115 4292 turpitu-

99 4301 287 4369 resellendis
313 4302 394 4368 adeo
418 4302 502 4367 nihil
535 4301 659 4385 negotii
692 4300 808 4365 habuit
832 4298 1007 4378 Calvinus,
1042 4308 1081 4365 ut
1134 4303 1247 4369 dinem
1274 4302 1348 4368 dete
1372 4300 1457 4367 endo
1489 4300 1662 4367 sublevare
1698 4319 1758 4363 nos
1787 4295 1925 4361 voluisti
1954 4293 2114 4393 narrandi

100 4388 161 4455 duo
193 4390 298 4454 totius
329 4395 462 4454 senatus
495 4386 683 4454 testimonio
716 4406 895 4470 coarguere
926 4386 1078 4469 potuerit.
1132 4388 1294 4455 molestia
1372 4388 1477 4453 tinam
1499 4407 1578 4453 vero
1599 4405 1735 4469 prorsus
1756 4382 1929 4460 tacuisses,
1952 4386 2010 4446 aut
2030 4387 2113 4447 satas

100 4478 146 4541 Ac
165 4475 276 4541 multa
292 4474 426 4558 quidem
447 4474 624 4557 suspicioso
643 4471 785 4537 adducta
805 4470 906 4536 fuisse
924 4492 944 4536 a
961 4471 1080 4537 (larcio
1133 4473 1290 4554 dixisses,
1313 4495 1377 4558 quc
1398 4493 1528 4557 possem
1551 4472 1641 4537 hunc
1662 4476 1769 4534 totum
1791 4467 1900 4533 locum
1922 4467 2111 4549 praeterire.

100 4583 227 4646 semper
248 4559 370 4639 audivi,
391 4560 449 4626 sed
471 4560 588 4642 quibus
606 4561 653 4624 ita
670 4555 901 4642 responderint
917 4556 1079 4639 Paralius,
1133 4559 1203 4627 Sed
1230 4571 1289 4626 tua
1317 4558 1601 4636 commemoratio,
1634 4554 1794 4638 quaedam
1822 4552 1929 4620 veluti
1956 4553 2111 4651 invitatio

102 4645 236 4714 Viretus
259 4655 292 4712 et
314 4646 484 4723 Oalvinus,
508 4655 546 4711 ut
568 4645 728 4710 auditorio
751 4643 935 4708 satisfieret.
980 4642 1079 4710 Oerte
1131 4647 1196 4711 fuit
1212 4647 1254 4712 ad
1271 4646 1369 4730 plura
1385 4644 1531 4711 dicenda
1567 4643 1684 4727 Fingis
1701 4647 1735 4705 te
1752 4660 1880 4704 amasse
1898 4637 2110 4704 dcmrcellas?

103 4733 217 4799 1111111
241 4754 304 4798 111
324 4734 490 4801 sententia
517 4753 572 4796 ecs
600 4730 696 4796 facile
723 4730 907 4795 liberarunt
934 4750 971 4794 ac
992 4729 1078 4795 iudi·
1131 4732 1165 4797 id
1188 4732 1321 4816 quidem
1344 4731 1428 4798 soles
1457 4729 1604 4815 gloriari:
1634 4727 1739 4793 scitur
1767 4727 1856 4791 enim
1882 4723 1996 4807 quales
2016 4724 2111 4789 femi·

103 4826 217 4884 carnut
246 4839 380 4901 prorsus
413 4820 621 4883 innocentes:
654 4837 738 4900 quae
771 4822 882 4881 autem
913 4818 1079 4882 sententia
1131 4838 1192 4884 nas
1214 4819 1276 4885 hac
1297 4816 1480 4902 ignominia
1500 4814 1689 4898 asperseris.
1729 4810 1797 4878 Sed
1814 4813 1942 4875 interea
1957 4818 2047 4876 taces
2070 4809 2111 4876 de

104 4904 199 4970 fuerit
224 4904 399 4972 clarissimi
428 4911 577 4982 senatus,
609 4924 651 4968 ex
680 4900 858 4984 diplomate
887 4900 972 4983 quod
1000 4923 1078 4968 mox
1131 4903 1256 4988 putidis
1279 4900 1532 4970 scortationibus
1558 4902 1593 4965 in
1622 4900 1741 4983 quibus
1768 4899 1874 4962 instar
1901 4897 1992 4979 porci
2014 4895 2109 4994 volu·

105 4991 291 5059 subnectam
308 4989 442 5073 patebit.
481 4990 555 5055 Hoc
573 4997 684 5053 autem
702 4988 772 5052 loco
789 4987 987 5069 persuadere
1005 4988 1079 5054 vult
1130 4998 1219 5055 tatus
1237 5011 1281 5055 11.
1317 4990 1467 5053 Tenesne
1483 4987 1644 5051 memoria
1660 5006 1724 5070 quo
1741 4985 1776 5048 in
1792 4983 1937 5050 facinore
1954 4982 2110 5048 Lutatiae

107 5078 253 5158 (larclus,
287 5076 449 5142 admissos
477 5075 519 5139 ad
547 5097 583 5141 se
610 5073 891 5140 reoriminandum
924 5074 1024 5138 fuisse
1058 5096 1078 5140 a
1131 5077 1355 5159 deprehensus
1382 5073 1484 5138 fueris
1512 5072 1554 5138 ad
1579 5072 1711 5156 insigne
1739 5069 1855 5149 clavis,
1885 5067 1971 5152 quod
2000 5067 2108 5133 diver-

108 5162 296 5250 llegandm,
325 5168 407 5226 tunc
426 5163 607 5228 Beruensis
635 5160 789 5227 ccclesiae
809 5165 955 5243 pastcrc;
983 5161 1077 5241 quasi
1101 5196 1103 5201 ·
1129 5163 1253 5228 corium
1290 5161 1391 5226 situm
1430 5168 1481 5225 est
1522 5179 1624 5242 prope
1664 5176 1775 5223 arcam
1822 5153 1930 5221 sancti
1972 5153 2107 5219 Ioannis

1901 5254 1952 5308 21*

1266 697 1296 763 ic
1318 716 1397 780 ergo
1423 716 1476 761 res
1504 695 1613 761 habet
1659 692 1805 762 Senatus
1833 718 1935 780 quum
1962 698 2116 765 111101-
