<?xml version="1.0" encoding="UTF-8"?>
<!DOCTYPE html PUBLIC "-//W3C//DTD XHTML 1.0 Transitional//EN"
    "http://www.w3.org/TR/xhtml1/DTD/xhtml1-transitional.dtd">
<html xmlns="http://www.w3.org/1999/xhtml" xml:lang="en" lang="en">
 <head>
  <title>
</title>
<meta http-equiv="Content-Type" content="text/html;charset=utf-8" />
  <meta name='ocr-system' content='tesseract 3.04.00' />
  <meta name='ocr-capabilities' content='ocr_page ocr_carea ocr_par ocr_line ocrx_word'/>
</head>
<body>
  <div class='ocr_page' id='page_1' title='image "./ioanniscalvinio14calvgoog_0503.png"; bbox 0 0 4620 5894; ppageno 0'>
   <div class='ocr_carea' id='block_1_1' title="bbox 125 152 2295 267">
    <p class='ocr_par' dir='ltr' id='par_1_1' title="bbox 125 152 2295 267">
     <span class='ocr_line' id='line_1_1' title="bbox 125 152 2295 267; baseline 0.001 -5"><span class='ocrx_word' id='word_1_1' title='bbox 125 171 132 185; x_wconf 86' lang='lat'>&#39;</span> <span class='ocrx_word' id='word_1_2' title='bbox 222 202 262 263; x_wconf 81' lang='lat' dir='ltr'>aa</span> <span class='ocrx_word' id='word_1_3' title='bbox 1037 198 1102 263; x_wconf 84' lang='lat' dir='ltr'>nu</span> <span class='ocrx_word' id='word_1_4' title='bbox 1126 195 1401 267; x_wconf 75' lang='lat' dir='ltr'>sonunffls.</span> <span class='ocrx_word' id='word_1_5' title='bbox 2182 200 2225 265; x_wconf 78' lang='lat' dir='ltr'>tr</span> <span class='ocrx_word' id='word_1_6' title='bbox 2289 152 2295 165; x_wconf 70' lang='lat'>&#39;</span> 
     </span>
    </p>
   </div>
   <div class='ocr_carea' id='block_1_2' title="bbox 219 384 2230 1670">
    <p class='ocr_par' dir='ltr' id='par_1_2' title="bbox 219 384 2230 1670">
     <span class='ocr_line' id='line_1_2' title="bbox 219 384 2230 470; baseline 0 -17"><span class='ocrx_word' id='word_1_7' title='bbox 219 387 387 455; x_wconf 89' lang='lat' dir='ltr'>doctrinae</span> <span class='ocrx_word' id='word_1_8' title='bbox 409 394 540 452; x_wconf 87' lang='lat' dir='ltr'>nostrae</span> <span class='ocrx_word' id='word_1_9' title='bbox 567 385 751 468; x_wconf 88' lang='lat' dir='ltr'>triumphos</span> <span class='ocrx_word' id='word_1_10' title='bbox 778 385 922 468; x_wconf 78' lang='lat' dir='ltr'>quotidie</span> <span class='ocrx_word' id='word_1_11' title='bbox 948 392 1083 470; x_wconf 90' lang='lat' dir='ltr'>spectet.</span> <span class='ocrx_word' id='word_1_12' title='bbox 1127 385 1197 468; x_wconf 90' lang='lat' dir='ltr'>Ipsi</span> <span class='ocrx_word' id='word_1_13' title='bbox 1248 386 1418 452; x_wconf 83' lang='lat' dir='ltr'>infamiam</span> <span class='ocrx_word' id='word_1_14' title='bbox 1445 392 1479 451; x_wconf 92' lang='lat' dir='ltr'>et</span> <span class='ocrx_word' id='word_1_15' title='bbox 1505 385 1625 451; x_wconf 91' lang='lat' dir='ltr'>bonam</span> <span class='ocrx_word' id='word_1_16' title='bbox 1657 385 1787 450; x_wconf 84' lang='lat' dir='ltr'>famam.</span> <span class='ocrx_word' id='word_1_17' title='bbox 1838 384 1952 468; x_wconf 81' lang='lat' dir='ltr'><strong>Neque</strong></span> <span class='ocrx_word' id='word_1_18' title='bbox 1985 385 2076 451; x_wconf 90' lang='lat' dir='ltr'>enim</span> <span class='ocrx_word' id='word_1_19' title='bbox 2103 384 2230 453; x_wconf 80' lang='lat' dir='ltr'>Christi</span> 
     </span>
     <span class='ocr_line' id='line_1_3' title="bbox 219 469 2228 557; baseline -0.001 -17"><span class='ocrx_word' id='word_1_20' title='bbox 219 495 347 557; x_wconf 91' lang='lat' dir='ltr'>quoque</span> <span class='ocrx_word' id='word_1_21' title='bbox 368 470 559 550; x_wconf 85' lang='lat' dir='ltr'>adversarii,</span> <span class='ocrx_word' id='word_1_22' title='bbox 587 471 738 555; x_wconf 89' lang='lat' dir='ltr'>quamvis</span> <span class='ocrx_word' id='word_1_23' title='bbox 760 469 976 550; x_wconf 77' lang='lat' dir='ltr'>dissimulent,</span> <span class='ocrx_word' id='word_1_24' title='bbox 999 472 1129 537; x_wconf 85' lang='lat' dir='ltr'>insania</span> <span class='ocrx_word' id='word_1_25' title='bbox 1152 480 1198 535; x_wconf 89' lang='lat' dir='ltr'>ta-</span> <span class='ocrx_word' id='word_1_26' title='bbox 1249 473 1354 538; x_wconf 89' lang='lat' dir='ltr'>servis</span> <span class='ocrx_word' id='word_1_27' title='bbox 1376 471 1486 536; x_wconf 88' lang='lat' dir='ltr'>minus</span> <span class='ocrx_word' id='word_1_28' title='bbox 1505 471 1656 537; x_wconf 88' lang='lat' dir='ltr'>sinistros</span> <span class='ocrx_word' id='word_1_29' title='bbox 1685 490 1836 535; x_wconf 89' lang='lat' dir='ltr'>rumores</span> <span class='ocrx_word' id='word_1_30' title='bbox 1862 480 2073 537; x_wconf 70' lang='lat' dir='ltr'>contemnere</span> <span class='ocrx_word' id='word_1_31' title='bbox 2094 493 2228 539; x_wconf 88' lang='lat' dir='ltr'>neeesse</span> 
     </span>
     <span class='ocr_line' id='line_1_4' title="bbox 219 555 2227 643; baseline 0 -19"><span class='ocrx_word' id='word_1_32' title='bbox 219 580 298 625; x_wconf 93' lang='lat' dir='ltr'>men</span> <span class='ocrx_word' id='word_1_33' title='bbox 315 564 525 643; x_wconf 86' lang='lat' dir='ltr'>rumpuntur,</span> <span class='ocrx_word' id='word_1_34' title='bbox 542 555 628 640; x_wconf 90' lang='lat' dir='ltr'>quod</span> <span class='ocrx_word' id='word_1_35' title='bbox 646 556 796 623; x_wconf 91' lang='lat' dir='ltr'>homines</span> <span class='ocrx_word' id='word_1_36' title='bbox 807 557 899 639; x_wconf 92' lang='lat' dir='ltr'>prius</span> <span class='ocrx_word' id='word_1_37' title='bbox 910 558 1196 641; x_wconf 87' lang='lat' dir='ltr'>intemperantiae,</span> <span class='ocrx_word' id='word_1_38' title='bbox 1250 567 1315 635; x_wconf 93' lang='lat' dir='ltr'>est,</span> <span class='ocrx_word' id='word_1_39' title='bbox 1343 579 1441 640; x_wconf 92' lang='lat' dir='ltr'>quam</span> <span class='ocrx_word' id='word_1_40' title='bbox 1470 556 1511 622; x_wconf 91' lang='lat' dir='ltr'>ab</span> <span class='ocrx_word' id='word_1_41' title='bbox 1538 557 1648 623; x_wconf 87' lang='lat' dir='ltr'>inanis</span> <span class='ocrx_word' id='word_1_42' title='bbox 1677 556 1800 641; x_wconf 89' lang='lat' dir='ltr'>gloriae</span> <span class='ocrx_word' id='word_1_43' title='bbox 1829 557 1978 640; x_wconf 77' lang='lat' dir='ltr'><strong>aucupiis</strong></span> <span class='ocrx_word' id='word_1_44' title='bbox 2000 577 2074 623; x_wconf 88' lang='lat' dir='ltr'>esse</span> <span class='ocrx_word' id='word_1_45' title='bbox 2096 557 2227 625; x_wconf 81' lang='lat' dir='ltr'>alienos</span> 
     </span>
     <span class='ocr_line' id='line_1_5' title="bbox 219 641 2227 727; baseline 0 -18"><span class='ocrx_word' id='word_1_46' title='bbox 219 645 373 722; x_wconf 91' lang='lat' dir='ltr'>lasciviis,</span> <span class='ocrx_word' id='word_1_47' title='bbox 395 641 632 727; x_wconf 74' lang='lat' dir='ltr'>impudicitiae,</span> <span class='ocrx_word' id='word_1_48' title='bbox 661 642 758 708; x_wconf 91' lang='lat' dir='ltr'>vanis</span> <span class='ocrx_word' id='word_1_49' title='bbox 780 642 897 707; x_wconf 93' lang='lat' dir='ltr'>mundi</span> <span class='ocrx_word' id='word_1_50' title='bbox 917 644 1060 725; x_wconf 80' lang='lat' dir='ltr'>pompis,</span> <span class='ocrx_word' id='word_1_51' title='bbox 1088 642 1196 708; x_wconf 89' lang='lat' dir='ltr'>avari-</span> <span class='ocrx_word' id='word_1_52' title='bbox 1249 642 1335 707; x_wconf 91' lang='lat' dir='ltr'>Nam</span> <span class='ocrx_word' id='word_1_53' title='bbox 1358 664 1413 708; x_wconf 89' lang='lat' dir='ltr'>eos</span> <span class='ocrx_word' id='word_1_54' title='bbox 1430 643 1552 727; x_wconf 90' lang='lat' dir='ltr'>iniquis</span> <span class='ocrx_word' id='word_1_55' title='bbox 1571 643 1699 708; x_wconf 88' lang='lat' dir='ltr'>iudiciis</span> <span class='ocrx_word' id='word_1_56' title='bbox 1719 641 1888 727; x_wconf 85' lang='lat' dir='ltr'>gravando</span> <span class='ocrx_word' id='word_1_57' title='bbox 1907 643 1970 709; x_wconf 94' lang='lat' dir='ltr'>hoc</span> <span class='ocrx_word' id='word_1_58' title='bbox 1990 652 2103 726; x_wconf 83' lang='lat' dir='ltr'>captat</span> <span class='ocrx_word' id='word_1_59' title='bbox 2112 642 2227 723; x_wconf 81' lang='lat' dir='ltr'>Satan,</span> 
     </span>
     <span class='ocr_line' id='line_1_6' title="bbox 219 726 2228 813; baseline 0 -18"><span class='ocrx_word' id='word_1_60' title='bbox 219 731 303 808; x_wconf 89' lang='lat' dir='ltr'>tiae,</span> <span class='ocrx_word' id='word_1_61' title='bbox 331 729 457 813; x_wconf 89' lang='lat' dir='ltr'>rapinis</span> <span class='ocrx_word' id='word_1_62' title='bbox 486 727 628 805; x_wconf 88' lang='lat' dir='ltr'>deditos,</span> <span class='ocrx_word' id='word_1_63' title='bbox 660 749 748 793; x_wconf 91' lang='lat' dir='ltr'>nunc</span> <span class='ocrx_word' id='word_1_64' title='bbox 776 726 818 793; x_wconf 92' lang='lat' dir='ltr'>ad</span> <span class='ocrx_word' id='word_1_65' title='bbox 839 727 1063 806; x_wconf 88' lang='lat' dir='ltr'>sobrietatem,</span> <span class='ocrx_word' id='word_1_66' title='bbox 1095 728 1197 794; x_wconf 91' lang='lat' dir='ltr'>conti·</span> <span class='ocrx_word' id='word_1_67' title='bbox 1249 738 1289 793; x_wconf 93' lang='lat' dir='ltr'>ut</span> <span class='ocrx_word' id='word_1_68' title='bbox 1309 736 1398 794; x_wconf 88' lang='lat' dir='ltr'>recte</span> <span class='ocrx_word' id='word_1_69' title='bbox 1416 726 1535 812; x_wconf 81' lang='lat' dir='ltr'>agendi</span> <span class='ocrx_word' id='word_1_70' title='bbox 1557 728 1761 793; x_wconf 86' lang='lat' dir='ltr'>alacritatem</span> <span class='ocrx_word' id='word_1_71' title='bbox 1780 729 1816 792; x_wconf 92' lang='lat' dir='ltr'>in</span> <span class='ocrx_word' id='word_1_72' title='bbox 1837 727 1904 793; x_wconf 92' lang='lat' dir='ltr'>illis</span> <span class='ocrx_word' id='word_1_73' title='bbox 1925 729 2066 813; x_wconf 81' lang='lat' dir='ltr'>frangat,</span> <span class='ocrx_word' id='word_1_74' title='bbox 2089 728 2145 795; x_wconf 92' lang='lat' dir='ltr'>vel</span> <span class='ocrx_word' id='word_1_75' title='bbox 2165 729 2228 796; x_wconf 88' lang='lat' dir='ltr'>sal-</span> 
     </span>
     <span class='ocr_line' id='line_1_7' title="bbox 220 812 2228 898; baseline -0 -16"><span class='ocrx_word' id='word_1_76' title='bbox 220 817 377 895; x_wconf 75' lang='lat' dir='ltr'>nondam,</span> <span class='ocrx_word' id='word_1_77' title='bbox 399 815 592 892; x_wconf 88' lang='lat' dir='ltr'>castitatem,</span> <span class='ocrx_word' id='word_1_78' title='bbox 615 812 818 891; x_wconf 89' lang='lat' dir='ltr'>modestiam,</span> <span class='ocrx_word' id='word_1_79' title='bbox 847 814 1046 897; x_wconf 80' lang='lat' dir='ltr'>aequitatem</span> <span class='ocrx_word' id='word_1_80' title='bbox 1068 833 1198 896; x_wconf 91' lang='lat' dir='ltr'>compo-</span> <span class='ocrx_word' id='word_1_81' title='bbox 1249 822 1317 879; x_wconf 90' lang='lat' dir='ltr'>tem</span> <span class='ocrx_word' id='word_1_82' title='bbox 1345 822 1501 879; x_wconf 82' lang='lat' dir='ltr'>moretur.</span> <span class='ocrx_word' id='word_1_83' title='bbox 1552 814 1742 892; x_wconf 75' lang='lat' dir='ltr'>Caeterum,</span> <span class='ocrx_word' id='word_1_84' title='bbox 1775 820 1815 877; x_wconf 91' lang='lat' dir='ltr'>ut</span> <span class='ocrx_word' id='word_1_85' title='bbox 1841 834 1902 879; x_wconf 90' lang='lat' dir='ltr'>nos</span> <span class='ocrx_word' id='word_1_86' title='bbox 1931 835 1950 880; x_wconf 92' lang='lat' dir='ltr'>e</span> <span class='ocrx_word' id='word_1_87' title='bbox 1977 815 2085 898; x_wconf 83' lang='lat' dir='ltr'>gradu</span> <span class='ocrx_word' id='word_1_88' title='bbox 2117 824 2228 881; x_wconf 85' lang='lat' dir='ltr'>nostro</span> 
     </span>
     <span class='ocr_line' id='line_1_8' title="bbox 220 897 2228 983; baseline 0 -16"><span class='ocrx_word' id='word_1_89' title='bbox 220 901 302 967; x_wconf 87' lang='lat' dir='ltr'>sitos</span> <span class='ocrx_word' id='word_1_90' title='bbox 329 920 402 969; x_wconf 84' lang='lat' dir='ltr'>ease</span> <span class='ocrx_word' id='word_1_91' title='bbox 429 898 550 966; x_wconf 92' lang='lat' dir='ltr'>vident.</span> <span class='ocrx_word' id='word_1_92' title='bbox 600 897 700 980; x_wconf 78' lang='lat' dir='ltr'>Quod</span> <span class='ocrx_word' id='word_1_93' title='bbox 727 899 755 964; x_wconf 91' lang='lat' dir='ltr'>si</span> <span class='ocrx_word' id='word_1_94' title='bbox 782 905 985 982; x_wconf 88' lang='lat' dir='ltr'>quaeruntur</span> <span class='ocrx_word' id='word_1_95' title='bbox 1012 899 1069 981; x_wconf 92' lang='lat' dir='ltr'>qui</span> <span class='ocrx_word' id='word_1_96' title='bbox 1095 898 1198 965; x_wconf 91' lang='lat' dir='ltr'>conti·</span> <span class='ocrx_word' id='word_1_97' title='bbox 1249 901 1375 965; x_wconf 88' lang='lat' dir='ltr'>moveri</span> <span class='ocrx_word' id='word_1_98' title='bbox 1396 900 1532 965; x_wconf 91' lang='lat' dir='ltr'>minime</span> <span class='ocrx_word' id='word_1_99' title='bbox 1553 900 1715 977; x_wconf 86' lang='lat' dir='ltr'>convenit,</span> <span class='ocrx_word' id='word_1_100' title='bbox 1738 900 1867 982; x_wconf 89' lang='lat' dir='ltr'>quoties</span> <span class='ocrx_word' id='word_1_101' title='bbox 1888 898 1972 965; x_wconf 91' lang='lat' dir='ltr'>bene</span> <span class='ocrx_word' id='word_1_102' title='bbox 1994 898 2124 983; x_wconf 87' lang='lat' dir='ltr'>agendo</span> <span class='ocrx_word' id='word_1_103' title='bbox 2145 900 2228 968; x_wconf 89' lang='lat' dir='ltr'>male</span> 
     </span>
     <span class='ocr_line' id='line_1_9' title="bbox 219 983 2228 1069; baseline 0 -16"><span class='ocrx_word' id='word_1_104' title='bbox 219 1008 325 1053; x_wconf 89' lang='lat' dir='ltr'>nuum</span> <span class='ocrx_word' id='word_1_105' title='bbox 352 986 440 1053; x_wconf 86' lang='lat' dir='ltr'>vitae</span> <span class='ocrx_word' id='word_1_106' title='bbox 474 995 620 1050; x_wconf 90' lang='lat' dir='ltr'>tenorem</span> <span class='ocrx_word' id='word_1_107' title='bbox 657 1006 717 1068; x_wconf 89' lang='lat' dir='ltr'>per</span> <span class='ocrx_word' id='word_1_108' title='bbox 750 985 890 1051; x_wconf 86' lang='lat' dir='ltr'>virtutes</span> <span class='ocrx_word' id='word_1_109' title='bbox 922 992 956 1049; x_wconf 92' lang='lat' dir='ltr'>et</span> <span class='ocrx_word' id='word_1_110' title='bbox 995 984 1198 1069; x_wconf 88' lang='lat' dir='ltr'>praeclaram</span> <span class='ocrx_word' id='word_1_111' title='bbox 1250 984 1416 1050; x_wconf 92' lang='lat' dir='ltr'>audimus:</span> <span class='ocrx_word' id='word_1_112' title='bbox 1440 986 1487 1049; x_wconf 91' lang='lat' dir='ltr'>ita</span> <span class='ocrx_word' id='word_1_113' title='bbox 1506 1005 1573 1049; x_wconf 91' lang='lat' dir='ltr'>non</span> <span class='ocrx_word' id='word_1_114' title='bbox 1596 985 1660 1050; x_wconf 92' lang='lat' dir='ltr'>nisi</span> <span class='ocrx_word' id='word_1_115' title='bbox 1682 1005 1743 1049; x_wconf 90' lang='lat' dir='ltr'>sua</span> <span class='ocrx_word' id='word_1_116' title='bbox 1764 983 1860 1067; x_wconf 89' lang='lat' dir='ltr'>culpa</span> <span class='ocrx_word' id='word_1_117' title='bbox 1880 986 2067 1065; x_wconf 88' lang='lat' dir='ltr'>turbantur,</span> <span class='ocrx_word' id='word_1_118' title='bbox 2095 987 2153 1069; x_wconf 91' lang='lat' dir='ltr'>qui</span> <span class='ocrx_word' id='word_1_119' title='bbox 2173 1008 2228 1053; x_wconf 86' lang='lat' dir='ltr'>ex·</span> 
     </span>
     <span class='ocr_line' id='line_1_10' title="bbox 220 1069 2229 1154; baseline -0.001 -15"><span class='ocrx_word' id='word_1_120' title='bbox 220 1074 343 1139; x_wconf 88' lang='lat' dir='ltr'>famam</span> <span class='ocrx_word' id='word_1_121' title='bbox 365 1072 535 1136; x_wconf 91' lang='lat' dir='ltr'>duxerint:</span> <span class='ocrx_word' id='word_1_122' title='bbox 559 1090 665 1153; x_wconf 90' lang='lat' dir='ltr'>neque</span> <span class='ocrx_word' id='word_1_123' title='bbox 682 1072 804 1152; x_wconf 90' lang='lat' dir='ltr'>optimo</span> <span class='ocrx_word' id='word_1_124' title='bbox 827 1070 942 1135; x_wconf 86' lang='lat' dir='ltr'>talium</span> <span class='ocrx_word' id='word_1_125' title='bbox 965 1090 1104 1135; x_wconf 91' lang='lat' dir='ltr'>numero</span> <span class='ocrx_word' id='word_1_126' title='bbox 1125 1069 1198 1135; x_wconf 89' lang='lat' dir='ltr'>des·</span> <span class='ocrx_word' id='word_1_127' title='bbox 1250 1069 1409 1154; x_wconf 90' lang='lat' dir='ltr'>cipiendis</span> <span class='ocrx_word' id='word_1_128' title='bbox 1448 1071 1595 1135; x_wconf 87' lang='lat' dir='ltr'>susurris</span> <span class='ocrx_word' id='word_1_129' title='bbox 1633 1069 1789 1153; x_wconf 89' lang='lat' dir='ltr'>falsisque</span> <span class='ocrx_word' id='word_1_130' title='bbox 1829 1069 2049 1137; x_wconf 79' lang='lat' dir='ltr'>delationibus</span> <span class='ocrx_word' id='word_1_131' title='bbox 2090 1071 2229 1137; x_wconf 89' lang='lat' dir='ltr'>nimium</span> 
     </span>
     <span class='ocr_line' id='line_1_11' title="bbox 219 1154 2230 1240; baseline 0.001 -18"><span class='ocrx_word' id='word_1_132' title='bbox 219 1157 381 1225; x_wconf 89' lang='lat' dir='ltr'>tituimur.</span> <span class='ocrx_word' id='word_1_133' title='bbox 414 1157 552 1222; x_wconf 82' lang='lat' dir='ltr'>Possem</span> <span class='ocrx_word' id='word_1_134' title='bbox 569 1157 651 1222; x_wconf 90' lang='lat' dir='ltr'>satis</span> <span class='ocrx_word' id='word_1_135' title='bbox 668 1156 789 1222; x_wconf 89' lang='lat' dir='ltr'>multos</span> <span class='ocrx_word' id='word_1_136' title='bbox 809 1157 980 1221; x_wconf 89' lang='lat' dir='ltr'>nominare</span> <span class='ocrx_word' id='word_1_137' title='bbox 1000 1155 1198 1240; x_wconf 90' lang='lat' dir='ltr'>quisumma</span> <span class='ocrx_word' id='word_1_138' title='bbox 1249 1154 1399 1223; x_wconf 90' lang='lat' dir='ltr'>credulos</span> <span class='ocrx_word' id='word_1_139' title='bbox 1419 1178 1455 1221; x_wconf 89' lang='lat' dir='ltr'>ee</span> <span class='ocrx_word' id='word_1_140' title='bbox 1475 1157 1641 1238; x_wconf 88' lang='lat' dir='ltr'>praebent</span> <span class='ocrx_word' id='word_1_141' title='bbox 1685 1154 1739 1220; x_wconf 92' lang='lat' dir='ltr'>De</span> <span class='ocrx_word' id='word_1_142' title='bbox 1763 1154 1915 1221; x_wconf 82' lang='lat' dir='ltr'>Luthero</span> <span class='ocrx_word' id='word_1_143' title='bbox 1941 1177 2040 1239; x_wconf 89' lang='lat' dir='ltr'>quam</span> <span class='ocrx_word' id='word_1_144' title='bbox 2061 1156 2184 1237; x_wconf 87' lang='lat' dir='ltr'>multa,-</span> <span class='ocrx_word' id='word_1_145' title='bbox 2199 1166 2230 1225; x_wconf 86' lang='lat' dir='ltr'>et</span> 
     </span>
     <span class='ocr_line' id='line_1_12' title="bbox 221 1241 2229 1328; baseline 0 -20"><span class='ocrx_word' id='word_1_146' title='bbox 221 1241 318 1308; x_wconf 83' lang='lat' dir='ltr'>laude</span> <span class='ocrx_word' id='word_1_147' title='bbox 346 1244 383 1307; x_wconf 92' lang='lat' dir='ltr'>in</span> <span class='ocrx_word' id='word_1_148' title='bbox 416 1249 540 1325; x_wconf 82' lang='lat' dir='ltr'>papatu</span> <span class='ocrx_word' id='word_1_149' title='bbox 568 1241 648 1306; x_wconf 93' lang='lat' dir='ltr'>olim</span> <span class='ocrx_word' id='word_1_150' title='bbox 681 1249 905 1325; x_wconf 89' lang='lat' dir='ltr'>praestantes,</span> <span class='ocrx_word' id='word_1_151' title='bbox 944 1262 986 1307; x_wconf 90' lang='lat' dir='ltr'>ex</span> <span class='ocrx_word' id='word_1_152' title='bbox 1015 1261 1080 1325; x_wconf 93' lang='lat' dir='ltr'>quo</span> <span class='ocrx_word' id='word_1_153' title='bbox 1114 1241 1197 1307; x_wconf 91' lang='lat' dir='ltr'>divi-</span> <span class='ocrx_word' id='word_1_154' title='bbox 1249 1242 1286 1307; x_wconf 92' lang='lat' dir='ltr'>in</span> <span class='ocrx_word' id='word_1_155' title='bbox 1317 1241 1528 1308; x_wconf 86' lang='lat' dir='ltr'>concionibus</span> <span class='ocrx_word' id='word_1_156' title='bbox 1557 1250 1590 1307; x_wconf 90' lang='lat' dir='ltr'>et</span> <span class='ocrx_word' id='word_1_157' title='bbox 1624 1241 1718 1307; x_wconf 87' lang='lat' dir='ltr'>libris</span> <span class='ocrx_word' id='word_1_158' title='bbox 1747 1241 1858 1319; x_wconf 91' lang='lat' dir='ltr'>editis,</span> <span class='ocrx_word' id='word_1_159' title='bbox 1898 1261 1959 1323; x_wconf 91' lang='lat' dir='ltr'>per</span> <span class='ocrx_word' id='word_1_160' title='bbox 1989 1248 2077 1308; x_wconf 86' lang='lat' dir='ltr'>totos</span> <span class='ocrx_word' id='word_1_161' title='bbox 2110 1242 2229 1328; x_wconf 84' lang='lat' dir='ltr'>viginti</span> 
     </span>
     <span class='ocr_line' id='line_1_13' title="bbox 220 1326 2229 1412; baseline 0.001 -20"><span class='ocrx_word' id='word_1_162' title='bbox 220 1329 311 1393; x_wconf 90' lang='lat' dir='ltr'>nitus</span> <span class='ocrx_word' id='word_1_163' title='bbox 332 1348 416 1411; x_wconf 89' lang='lat' dir='ltr'>pura</span> <span class='ocrx_word' id='word_1_164' title='bbox 437 1326 601 1412; x_wconf 87' lang='lat' dir='ltr'>evangelii</span> <span class='ocrx_word' id='word_1_165' title='bbox 623 1328 808 1411; x_wconf 84' lang='lat' dir='ltr'>cognitione</span> <span class='ocrx_word' id='word_1_166' title='bbox 831 1326 942 1393; x_wconf 89' lang='lat' dir='ltr'>donati</span> <span class='ocrx_word' id='word_1_167' title='bbox 963 1335 1056 1406; x_wconf 89' lang='lat' dir='ltr'>sunt,</span> <span class='ocrx_word' id='word_1_168' title='bbox 1086 1328 1197 1391; x_wconf 85' lang='lat' dir='ltr'>vivam</span> <span class='ocrx_word' id='word_1_169' title='bbox 1250 1326 1396 1410; x_wconf 91' lang='lat' dir='ltr'>quinque</span> <span class='ocrx_word' id='word_1_170' title='bbox 1423 1347 1529 1392; x_wconf 91' lang='lat' dir='ltr'>annos</span> <span class='ocrx_word' id='word_1_171' title='bbox 1561 1326 1701 1392; x_wconf 82' lang='lat' dir='ltr'>fabulati</span> <span class='ocrx_word' id='word_1_172' title='bbox 1732 1333 1812 1391; x_wconf 91' lang='lat' dir='ltr'>sunt</span> <span class='ocrx_word' id='word_1_173' title='bbox 1847 1326 1973 1393; x_wconf 88' lang='lat' dir='ltr'>hostes!</span> <span class='ocrx_word' id='word_1_174' title='bbox 2024 1327 2129 1393; x_wconf 89' lang='lat' dir='ltr'>Nulla</span> <span class='ocrx_word' id='word_1_175' title='bbox 2154 1336 2229 1395; x_wconf 87' lang='lat' dir='ltr'>snut</span> 
     </span>
     <span class='ocr_line' id='line_1_14' title="bbox 219 1408 2229 1496; baseline 0.001 -16"><span class='ocrx_word' id='word_1_176' title='bbox 219 1432 310 1480; x_wconf 89' lang='lat' dir='ltr'>nunc</span> <span class='ocrx_word' id='word_1_177' title='bbox 336 1414 499 1478; x_wconf 89' lang='lat' dir='ltr'>virtutum</span> <span class='ocrx_word' id='word_1_178' title='bbox 527 1413 705 1496; x_wconf 87' lang='lat' dir='ltr'>imaginem</span> <span class='ocrx_word' id='word_1_179' title='bbox 738 1414 773 1477; x_wconf 92' lang='lat' dir='ltr'>in</span> <span class='ocrx_word' id='word_1_180' title='bbox 801 1414 870 1478; x_wconf 88' lang='lat' dir='ltr'>vita</span> <span class='ocrx_word' id='word_1_181' title='bbox 896 1434 957 1479; x_wconf 88' lang='lat' dir='ltr'>sua</span> <span class='ocrx_word' id='word_1_182' title='bbox 983 1408 1198 1494; x_wconf 87' lang='lat' dir='ltr'>exprimendo</span> <span class='ocrx_word' id='word_1_183' title='bbox 1249 1412 1498 1479; x_wconf 70' lang='lat' dir='ltr'>mendatiorum</span> <span class='ocrx_word' id='word_1_184' title='bbox 1519 1421 1679 1495; x_wconf 69' lang='lat' dir='ltr'>portenta</span> <span class='ocrx_word' id='word_1_185' title='bbox 1702 1433 1786 1495; x_wconf 89' lang='lat' dir='ltr'>quae</span> <span class='ocrx_word' id='word_1_186' title='bbox 1808 1413 1932 1477; x_wconf 92' lang='lat' dir='ltr'>nonin</span> <span class='ocrx_word' id='word_1_187' title='bbox 1950 1433 2010 1478; x_wconf 91' lang='lat' dir='ltr'>nos</span> <span class='ocrx_word' id='word_1_188' title='bbox 2027 1413 2229 1483; x_wconf 81' lang='lat' dir='ltr'>comminisci</span> 
     </span>
     <span class='ocr_line' id='line_1_15' title="bbox 219 1497 2228 1580; baseline 0 -15"><span class='ocrx_word' id='word_1_189' title='bbox 219 1498 375 1565; x_wconf 89' lang='lat' dir='ltr'>umbram</span> <span class='ocrx_word' id='word_1_190' title='bbox 408 1519 443 1564; x_wconf 90' lang='lat' dir='ltr'>se</span> <span class='ocrx_word' id='word_1_191' title='bbox 475 1505 606 1563; x_wconf 90' lang='lat' dir='ltr'>tantum</span> <span class='ocrx_word' id='word_1_192' title='bbox 640 1499 779 1566; x_wconf 89' lang='lat' dir='ltr'>antehac</span> <span class='ocrx_word' id='word_1_193' title='bbox 817 1497 969 1565; x_wconf 85' lang='lat' dir='ltr'>habuisse</span> <span class='ocrx_word' id='word_1_194' title='bbox 1009 1497 1197 1564; x_wconf 87' lang='lat' dir='ltr'>ostendunt</span> <span class='ocrx_word' id='word_1_195' title='bbox 1251 1506 1285 1565; x_wconf 93' lang='lat' dir='ltr'>et</span> <span class='ocrx_word' id='word_1_196' title='bbox 1312 1497 1477 1564; x_wconf 86' lang='lat' dir='ltr'>blaterare</span> <span class='ocrx_word' id='word_1_197' title='bbox 1506 1499 1577 1563; x_wconf 88' lang='lat' dir='ltr'>ausi</span> <span class='ocrx_word' id='word_1_198' title='bbox 1605 1498 1735 1563; x_wconf 82' lang='lat' dir='ltr'>luerint</span> <span class='ocrx_word' id='word_1_199' title='bbox 1780 1498 1934 1563; x_wconf 90' lang='lat' dir='ltr'>Picartus</span> <span class='ocrx_word' id='word_1_200' title='bbox 1947 1502 1971 1580; x_wconf 86' lang='lat'>¹)</span> <span class='ocrx_word' id='word_1_201' title='bbox 2001 1497 2117 1565; x_wconf 90' lang='lat' dir='ltr'>doctor</span> <span class='ocrx_word' id='word_1_202' title='bbox 2137 1500 2228 1566; x_wconf 89' lang='lat' dir='ltr'>Pari·</span> 
     </span>
     <span class='ocr_line' id='line_1_16' title="bbox 219 1582 2229 1670; baseline -0 -18"><span class='ocrx_word' id='word_1_203' title='bbox 219 1583 290 1653; x_wconf 84' lang='lat' dir='ltr'>Sod</span> <span class='ocrx_word' id='word_1_204' title='bbox 311 1606 354 1650; x_wconf 89' lang='lat' dir='ltr'>ne</span> <span class='ocrx_word' id='word_1_205' title='bbox 376 1584 431 1650; x_wconf 90' lang='lat' dir='ltr'>hio</span> <span class='ocrx_word' id='word_1_206' title='bbox 459 1604 567 1649; x_wconf 92' lang='lat' dir='ltr'>sermo</span> <span class='ocrx_word' id='word_1_207' title='bbox 593 1592 727 1667; x_wconf 91' lang='lat' dir='ltr'>propter</span> <span class='ocrx_word' id='word_1_208' title='bbox 753 1583 898 1667; x_wconf 90' lang='lat' dir='ltr'>aliquam</span> <span class='ocrx_word' id='word_1_209' title='bbox 924 1584 1100 1650; x_wconf 90' lang='lat' dir='ltr'>iactantiae</span> <span class='ocrx_word' id='word_1_210' title='bbox 1125 1602 1200 1665; x_wconf 89' lang='lat' dir='ltr'>spe·</span> <span class='ocrx_word' id='word_1_211' title='bbox 1251 1585 1385 1662; x_wconf 90' lang='lat' dir='ltr'>siensis,</span> <span class='ocrx_word' id='word_1_212' title='bbox 1414 1583 1596 1650; x_wconf 88' lang='lat' dir='ltr'>turbulenti</span> <span class='ocrx_word' id='word_1_213' title='bbox 1622 1583 1756 1666; x_wconf 92' lang='lat' dir='ltr'>quidem</span> <span class='ocrx_word' id='word_1_214' title='bbox 1782 1584 1906 1649; x_wconf 88' lang='lat' dir='ltr'>cerebri</span> <span class='ocrx_word' id='word_1_215' title='bbox 1934 1582 2049 1664; x_wconf 91' lang='lat' dir='ltr'>homo,</span> <span class='ocrx_word' id='word_1_216' title='bbox 2087 1584 2229 1670; x_wconf 88' lang='lat' dir='ltr'>adeoque</span> 
     </span>
    </p>
   </div>
   <div class='ocr_carea' id='block_1_3' title="bbox 220 1666 2229 1751">
    <p class='ocr_par' dir='ltr' id='par_1_3' title="bbox 119 1666 2229 1751">
     <span class='ocr_line' id='line_1_17' title="bbox 220 1666 2229 1751; baseline 0.002 -19.809"><span class='ocrx_word' id='word_1_217' title='bbox 220 1673 304 1737; x_wconf 84' lang='lat' dir='ltr'>ciem</span> <span class='ocrx_word' id='word_1_218' title='bbox 333 1672 377 1736; x_wconf 89' lang='lat' dir='ltr'>sit</span> <span class='ocrx_word' id='word_1_219' title='bbox 403 1669 547 1748; x_wconf 90' lang='lat' dir='ltr'>odiosus,</span> <span class='ocrx_word' id='word_1_220' title='bbox 582 1669 727 1735; x_wconf 87' lang='lat' dir='ltr'>breviter</span> <span class='ocrx_word' id='word_1_221' title='bbox 753 1669 961 1736; x_wconf 88' lang='lat' dir='ltr'>concludam:</span> <span class='ocrx_word' id='word_1_222' title='bbox 996 1674 1070 1748; x_wconf 78' lang='lat' dir='ltr'>[pag.</span> <span class='ocrx_word' id='word_1_223' title='bbox 1088 1674 1142 1745; x_wconf 79' lang='lat'>81]</span> <span class='ocrx_word' id='word_1_224' title='bbox 1170 1666 1199 1733; x_wconf 87' lang='lat' dir='ltr'>si</span> <span class='ocrx_word' id='word_1_225' title='bbox 1251 1670 1426 1749; x_wconf 77' lang='lat' dir='ltr'>fanaticus,</span> <span class='ocrx_word' id='word_1_226' title='bbox 1454 1669 1512 1735; x_wconf 91' lang='lat' dir='ltr'>sed</span> <span class='ocrx_word' id='word_1_227' title='bbox 1539 1677 1652 1734; x_wconf 91' lang='lat' dir='ltr'>tantae</span> <span class='ocrx_word' id='word_1_228' title='bbox 1678 1671 1766 1734; x_wconf 93' lang='lat' dir='ltr'>inter</span> <span class='ocrx_word' id='word_1_229' title='bbox 1793 1688 1869 1734; x_wconf 89' lang='lat' dir='ltr'>suos</span> <span class='ocrx_word' id='word_1_230' title='bbox 1896 1668 2169 1751; x_wconf 85' lang='lat' dir='ltr'>existimationis,</span> <span class='ocrx_word' id='word_1_231' title='bbox 2195 1678 2229 1737; x_wconf 91' lang='lat' dir='ltr'>ut</span> 
     </span>
    </p>
   </div>
   <div class='ocr_carea' id='block_1_4' title="bbox 218 1752 2237 4425">
    <p class='ocr_par' dir='ltr' id='par_1_4' title="bbox 218 1752 2237 4425">
     <span class='ocr_line' id='line_1_18' title="bbox 219 1752 2229 1840; baseline 0 -18"><span class='ocrx_word' id='word_1_232' title='bbox 219 1777 302 1840; x_wconf 91' lang='lat' dir='ltr'>quos</span> <span class='ocrx_word' id='word_1_233' title='bbox 323 1764 518 1840; x_wconf 88' lang='lat' dir='ltr'>permovent</span> <span class='ocrx_word' id='word_1_234' title='bbox 539 1755 705 1839; x_wconf 90' lang='lat' dir='ltr'>exempla,</span> <span class='ocrx_word' id='word_1_235' title='bbox 733 1758 880 1821; x_wconf 87' lang='lat' dir='ltr'>virorum</span> <span class='ocrx_word' id='word_1_236' title='bbox 902 1755 1002 1821; x_wconf 86' lang='lat' dir='ltr'>simul</span> <span class='ocrx_word' id='word_1_237' title='bbox 1023 1774 1062 1820; x_wconf 89' lang='lat' dir='ltr'>ao</span> <span class='ocrx_word' id='word_1_238' title='bbox 1083 1752 1199 1819; x_wconf 90' lang='lat' dir='ltr'>mulie·</span> <span class='ocrx_word' id='word_1_239' title='bbox 1251 1776 1311 1838; x_wconf 93' lang='lat' dir='ltr'>pro</span> <span class='ocrx_word' id='word_1_240' title='bbox 1334 1756 1432 1822; x_wconf 87' lang='lat' dir='ltr'>certis</span> <span class='ocrx_word' id='word_1_241' title='bbox 1458 1754 1600 1822; x_wconf 87' lang='lat' dir='ltr'>oraculis</span> <span class='ocrx_word' id='word_1_242' title='bbox 1627 1755 1812 1821; x_wconf 85' lang='lat' dir='ltr'>habeantur</span> <span class='ocrx_word' id='word_1_243' title='bbox 1840 1773 1955 1820; x_wconf 88' lang='lat' dir='ltr'>omnes</span> <span class='ocrx_word' id='word_1_244' title='bbox 1982 1756 2055 1821; x_wconf 90' lang='lat' dir='ltr'>eius</span> <span class='ocrx_word' id='word_1_245' title='bbox 2084 1758 2229 1834; x_wconf 85' lang='lat' dir='ltr'>naeniae,</span> 
     </span>
     <span class='ocr_line' id='line_1_19' title="bbox 220 1837 2230 1926; baseline 0.001 -19"><span class='ocrx_word' id='word_1_246' title='bbox 220 1863 305 1920; x_wconf 77' lang='lat' dir='ltr'>rm,</span> <span class='ocrx_word' id='word_1_247' title='bbox 328 1862 394 1908; x_wconf 92' lang='lat' dir='ltr'>non</span> <span class='ocrx_word' id='word_1_248' title='bbox 414 1841 526 1908; x_wconf 90' lang='lat' dir='ltr'>minus</span> <span class='ocrx_word' id='word_1_249' title='bbox 547 1850 653 1907; x_wconf 88' lang='lat' dir='ltr'>morte</span> <span class='ocrx_word' id='word_1_250' title='bbox 674 1863 775 1925; x_wconf 89' lang='lat' dir='ltr'>quam</span> <span class='ocrx_word' id='word_1_251' title='bbox 793 1841 863 1906; x_wconf 88' lang='lat' dir='ltr'>vita</span> <span class='ocrx_word' id='word_1_252' title='bbox 879 1849 999 1907; x_wconf 87' lang='lat' dir='ltr'>testata</span> <span class='ocrx_word' id='word_1_253' title='bbox 1021 1837 1200 1922; x_wconf 87' lang='lat' dir='ltr'>singularis</span> <span class='ocrx_word' id='word_1_254' title='bbox 1252 1840 1332 1906; x_wconf 90' lang='lat' dir='ltr'>dum</span> <span class='ocrx_word' id='word_1_255' title='bbox 1353 1859 1445 1906; x_wconf 91' lang='lat' dir='ltr'>more</span> <span class='ocrx_word' id='word_1_256' title='bbox 1468 1862 1526 1906; x_wconf 91' lang='lat' dir='ltr'>suo</span> <span class='ocrx_word' id='word_1_257' title='bbox 1547 1861 1609 1922; x_wconf 91' lang='lat' dir='ltr'>pro</span> <span class='ocrx_word' id='word_1_258' title='bbox 1632 1852 1789 1926; x_wconf 85' lang='lat' dir='ltr'>suggestu</span> <span class='ocrx_word' id='word_1_259' title='bbox 1816 1838 2012 1919; x_wconf 88' lang='lat' dir='ltr'>bacchatur,</span> <span class='ocrx_word' id='word_1_260' title='bbox 2041 1839 2153 1908; x_wconf 89' lang='lat' dir='ltr'>dicere</span> <span class='ocrx_word' id='word_1_261' title='bbox 2173 1840 2230 1908; x_wconf 79' lang='lat' dir='ltr'>siti</span> 
     </span>
     <span class='ocr_line' id='line_1_20' title="bbox 219 1924 2230 2012; baseline 0 -18"><span class='ocrx_word' id='word_1_262' title='bbox 219 1929 334 2012; x_wconf 87' lang='lat' dir='ltr'>pietas,</span> <span class='ocrx_word' id='word_1_263' title='bbox 357 1927 499 2005; x_wconf 90' lang='lat' dir='ltr'>iustitia,</span> <span class='ocrx_word' id='word_1_264' title='bbox 527 1928 676 2006; x_wconf 89' lang='lat' dir='ltr'>castitas,</span> <span class='ocrx_word' id='word_1_265' title='bbox 707 1927 936 2010; x_wconf 87' lang='lat' dir='ltr'>temperantia,</span> <span class='ocrx_word' id='word_1_266' title='bbox 951 1930 975 2010; x_wconf 87' lang='lat'>¹)</span> <span class='ocrx_word' id='word_1_267' title='bbox 998 1925 1102 1991; x_wconf 86' lang='lat' dir='ltr'>multo</span> <span class='ocrx_word' id='word_1_268' title='bbox 1125 1924 1199 2008; x_wconf 89' lang='lat' dir='ltr'>plus</span> <span class='ocrx_word' id='word_1_269' title='bbox 1251 1928 1416 2010; x_wconf 90' lang='lat' dir='ltr'>permisit,</span> <span class='ocrx_word' id='word_1_270' title='bbox 1457 1947 1579 2010; x_wconf 84' lang='lat' dir='ltr'>negare</span> <span class='ocrx_word' id='word_1_271' title='bbox 1619 1927 1687 1991; x_wconf 89' lang='lat' dir='ltr'>iam</span> <span class='ocrx_word' id='word_1_272' title='bbox 1719 1947 1779 1990; x_wconf 92' lang='lat' dir='ltr'>nos</span> <span class='ocrx_word' id='word_1_273' title='bbox 1816 1947 1951 2009; x_wconf 89' lang='lat' dir='ltr'>prorsus</span> <span class='ocrx_word' id='word_1_274' title='bbox 1985 1926 2131 2010; x_wconf 90' lang='lat' dir='ltr'>aliquem</span> <span class='ocrx_word' id='word_1_275' title='bbox 2164 1948 2230 1995; x_wconf 88' lang='lat' dir='ltr'>esse</span> 
     </span>
     <span class='ocr_line' id='line_1_21' title="bbox 220 2011 2230 2095; baseline -0 -15"><span class='ocrx_word' id='word_1_276' title='bbox 220 2013 263 2080; x_wconf 90' lang='lat' dir='ltr'>ad</span> <span class='ocrx_word' id='word_1_277' title='bbox 284 2012 360 2079; x_wconf 94' lang='lat' dir='ltr'>fidei</span> <span class='ocrx_word' id='word_1_278' title='bbox 383 2012 662 2080; x_wconf 89' lang='lat' dir='ltr'>confirmationem</span> <span class='ocrx_word' id='word_1_279' title='bbox 680 2013 789 2079; x_wconf 85' lang='lat' dir='ltr'>valere</span> <span class='ocrx_word' id='word_1_280' title='bbox 808 2012 937 2089; x_wconf 91' lang='lat' dir='ltr'>debent,</span> <span class='ocrx_word' id='word_1_281' title='bbox 961 2032 1061 2095; x_wconf 88' lang='lat' dir='ltr'>quarn</span> <span class='ocrx_word' id='word_1_282' title='bbox 1080 2030 1200 2076; x_wconf 89' lang='lat' dir='ltr'>nocere</span> <span class='ocrx_word' id='word_1_283' title='bbox 1252 2013 1372 2077; x_wconf 92' lang='lat' dir='ltr'>Deum.</span> <span class='ocrx_word' id='word_1_284' title='bbox 1383 2014 1410 2091; x_wconf 80' lang='lat'>¹²)</span> <span class='ocrx_word' id='word_1_285' title='bbox 1467 2012 1513 2075; x_wconf 85' lang='lat' dir='ltr'>llt</span> <span class='ocrx_word' id='word_1_286' title='bbox 1540 2011 1595 2077; x_wconf 91' lang='lat' dir='ltr'>ille</span> <span class='ocrx_word' id='word_1_287' title='bbox 1622 2012 1755 2094; x_wconf 93' lang='lat' dir='ltr'>quidem</span> <span class='ocrx_word' id='word_1_288' title='bbox 1789 2033 1824 2077; x_wconf 92' lang='lat' dir='ltr'>se</span> <span class='ocrx_word' id='word_1_289' title='bbox 1856 2011 2069 2095; x_wconf 90' lang='lat' dir='ltr'>impudenter</span> <span class='ocrx_word' id='word_1_290' title='bbox 2100 2013 2230 2079; x_wconf 89' lang='lat' dir='ltr'>mentiri</span> 
     </span>
     <span class='ocr_line' id='line_1_22' title="bbox 219 2096 2230 2182; baseline -0.001 -17"><span class='ocrx_word' id='word_1_291' title='bbox 219 2099 472 2182; x_wconf 91' lang='lat' dir='ltr'>incompositam</span> <span class='ocrx_word' id='word_1_292' title='bbox 493 2097 632 2164; x_wconf 87' lang='lat' dir='ltr'>aliorum</span> <span class='ocrx_word' id='word_1_293' title='bbox 654 2099 759 2164; x_wconf 89' lang='lat' dir='ltr'>vitam</span> <span class='ocrx_word' id='word_1_294' title='bbox 781 2120 921 2181; x_wconf 91' lang='lat' dir='ltr'>aequum</span> <span class='ocrx_word' id='word_1_295' title='bbox 944 2099 995 2164; x_wconf 87' lang='lat' dir='ltr'>sit</span> <span class='ocrx_word' id='word_1_296' title='bbox 1252 2118 1320 2163; x_wconf 88' lang='lat' dir='ltr'>non</span> <span class='ocrx_word' id='word_1_297' title='bbox 1341 2098 1488 2181; x_wconf 89' lang='lat' dir='ltr'>ignorat:</span> <span class='ocrx_word' id='word_1_298' title='bbox 1511 2096 1569 2162; x_wconf 91' lang='lat' dir='ltr'>sed</span> <span class='ocrx_word' id='word_1_299' title='bbox 1592 2099 1669 2180; x_wconf 90' lang='lat' dir='ltr'>quia</span> <span class='ocrx_word' id='word_1_300' title='bbox 1691 2096 1853 2163; x_wconf 88' lang='lat' dir='ltr'>eiusmodi</span> <span class='ocrx_word' id='word_1_301' title='bbox 1874 2096 2064 2164; x_wconf 91' lang='lat' dir='ltr'>hominibus</span> <span class='ocrx_word' id='word_1_302' title='bbox 2085 2118 2148 2182; x_wconf 90' lang='lat' dir='ltr'>pro</span> <span class='ocrx_word' id='word_1_303' title='bbox 2205 2100 2230 2163; x_wconf 93' lang='lat' dir='ltr'>i·</span> 
     </span>
     <span class='ocr_line' id='line_1_23' title="bbox 306 2119 2230 2268; baseline 0.001 -20"><span class='ocrx_word' id='word_1_304' title='bbox 306 2184 380 2249; x_wconf 91' lang='lat' dir='ltr'>Iam</span> <span class='ocrx_word' id='word_1_305' title='bbox 402 2181 444 2249; x_wconf 90' lang='lat' dir='ltr'>ad</span> <span class='ocrx_word' id='word_1_306' title='bbox 466 2183 616 2249; x_wconf 89' lang='lat' dir='ltr'>nltimam</span> <span class='ocrx_word' id='word_1_307' title='bbox 638 2183 867 2250; x_wconf 87' lang='lat' dir='ltr'>scandalorum</span> <span class='ocrx_word' id='word_1_308' title='bbox 890 2183 1029 2249; x_wconf 90' lang='lat' dir='ltr'>classem</span> <span class='ocrx_word' id='word_1_309' title='bbox 1051 2191 1199 2247; x_wconf 88' lang='lat' dir='ltr'>transea·</span> <span class='ocrx_word' id='word_1_310' title='bbox 1251 2191 1326 2248; x_wconf 86' lang='lat' dir='ltr'>tum</span> <span class='ocrx_word' id='word_1_311' title='bbox 1348 2192 1399 2248; x_wconf 92' lang='lat' dir='ltr'>est</span> <span class='ocrx_word' id='word_1_312' title='bbox 1419 2183 1537 2266; x_wconf 90' lang='lat' dir='ltr'>quovis</span> <span class='ocrx_word' id='word_1_313' title='bbox 1560 2181 1656 2249; x_wconf 92' lang='lat' dir='ltr'>modo</span> <span class='ocrx_word' id='word_1_314' title='bbox 1677 2205 1737 2248; x_wconf 90' lang='lat' dir='ltr'>nos</span> <span class='ocrx_word' id='word_1_315' title='bbox 1764 2203 1971 2266; x_wconf 84' lang='lat' dir='ltr'>oppugnare,</span> <span class='ocrx_word' id='word_1_316' title='bbox 2001 2119 2230 2268; x_wconf 60' lang='lat' dir='ltr'>quidquidoiu·</span> 
     </span>
     <span class='ocr_line' id='line_1_24' title="bbox 220 2265 2230 2352; baseline 0.002 -18"><span class='ocrx_word' id='word_1_317' title='bbox 220 2289 306 2347; x_wconf 90' lang='lat' dir='ltr'>mue,</span> <span class='ocrx_word' id='word_1_318' title='bbox 328 2288 428 2352; x_wconf 89' lang='lat' dir='ltr'>quam</span> <span class='ocrx_word' id='word_1_319' title='bbox 444 2269 568 2351; x_wconf 91' lang='lat' dir='ltr'>partim</span> <span class='ocrx_word' id='word_1_320' title='bbox 589 2290 631 2334; x_wconf 91' lang='lat' dir='ltr'>ex</span> <span class='ocrx_word' id='word_1_321' title='bbox 653 2269 739 2334; x_wconf 73' lang='lat' dir='ltr'>ficus</span> <span class='ocrx_word' id='word_1_322' title='bbox 756 2268 931 2334; x_wconf 86' lang='lat' dir='ltr'>calumniis</span> <span class='ocrx_word' id='word_1_323' title='bbox 950 2275 1099 2335; x_wconf 76' lang='lat' dir='ltr'>constare</span> <span class='ocrx_word' id='word_1_324' title='bbox 1121 2265 1199 2344; x_wconf 87' lang='lat' dir='ltr'>dixi,</span> <span class='ocrx_word' id='word_1_325' title='bbox 1251 2268 1377 2334; x_wconf 85' lang='lat' dir='ltr'>vidiam</span> <span class='ocrx_word' id='word_1_326' title='bbox 1405 2269 1547 2335; x_wconf 89' lang='lat' dir='ltr'>conflare</span> <span class='ocrx_word' id='word_1_327' title='bbox 1575 2269 1671 2335; x_wconf 90' lang='lat' dir='ltr'>nobis</span> <span class='ocrx_word' id='word_1_328' title='bbox 1698 2277 1820 2352; x_wconf 89' lang='lat' dir='ltr'>potest,</span> <span class='ocrx_word' id='word_1_329' title='bbox 1855 2268 1918 2334; x_wconf 88' lang='lat' dir='ltr'>sibi</span> <span class='ocrx_word' id='word_1_330' title='bbox 1946 2268 1983 2332; x_wconf 92' lang='lat' dir='ltr'>in</span> <span class='ocrx_word' id='word_1_331' title='bbox 2010 2290 2073 2336; x_wconf 90' lang='lat' dir='ltr'>nos</span> <span class='ocrx_word' id='word_1_332' title='bbox 2101 2269 2230 2337; x_wconf 81' lang='lat' dir='ltr'>effutire</span> 
     </span>
     <span class='ocr_line' id='line_1_25' title="bbox 220 2352 2231 2452; baseline 0.001 -34"><span class='ocrx_word' id='word_1_333' title='bbox 220 2355 343 2438; x_wconf 86' lang='lat' dir='ltr'>partim</span> <span class='ocrx_word' id='word_1_334' title='bbox 371 2373 413 2419; x_wconf 90' lang='lat' dir='ltr'>ex</span> <span class='ocrx_word' id='word_1_335' title='bbox 447 2353 602 2452; x_wconf 80' lang='lat' dir='ltr'>malignis</span> <span class='ocrx_word' id='word_1_336' title='bbox 635 2353 899 2420; x_wconf 72' lang='lat' dir='ltr'>cavillmionibus</span> <span class='ocrx_word' id='word_1_337' title='bbox 932 2352 1079 2438; x_wconf 91' lang='lat' dir='ltr'>prodire,</span> <span class='ocrx_word' id='word_1_338' title='bbox 1118 2372 1200 2435; x_wconf 88' lang='lat' dir='ltr'>quas</span> <span class='ocrx_word' id='word_1_339' title='bbox 1252 2355 1302 2420; x_wconf 88' lang='lat' dir='ltr'>fas</span> <span class='ocrx_word' id='word_1_340' title='bbox 1314 2375 1386 2420; x_wconf 88' lang='lat' dir='ltr'>esse</span> <span class='ocrx_word' id='word_1_341' title='bbox 1407 2362 1537 2438; x_wconf 91' lang='lat' dir='ltr'>putant.</span> <span class='ocrx_word' id='word_1_342' title='bbox 1546 2354 1576 2438; x_wconf 83' lang='lat'>⁸)</span> <span class='ocrx_word' id='word_1_343' title='bbox 1611 2355 1658 2420; x_wconf 79' lang='lat' dir='ltr'>Et</span> <span class='ocrx_word' id='word_1_344' title='bbox 1679 2374 1769 2432; x_wconf 90' lang='lat' dir='ltr'>sane,</span> <span class='ocrx_word' id='word_1_345' title='bbox 1792 2354 1922 2437; x_wconf 91' lang='lat' dir='ltr'>quando</span> <span class='ocrx_word' id='word_1_346' title='bbox 1944 2355 2011 2419; x_wconf 92' lang='lat' dir='ltr'>iam</span> <span class='ocrx_word' id='word_1_347' title='bbox 2032 2356 2161 2439; x_wconf 90' lang='lat' dir='ltr'>optime</span> <span class='ocrx_word' id='word_1_348' title='bbox 2176 2377 2231 2421; x_wconf 89' lang='lat' dir='ltr'>no·</span> 
     </span>
     <span class='ocr_line' id='line_1_26' title="bbox 220 2438 2231 2538; baseline 0.002 -33"><span class='ocrx_word' id='word_1_349' title='bbox 220 2439 424 2538; x_wconf 83' lang='lat' dir='ltr'>praeposteri</span> <span class='ocrx_word' id='word_1_350' title='bbox 457 2438 608 2504; x_wconf 86' lang='lat' dir='ltr'>hommes</span> <span class='ocrx_word' id='word_1_351' title='bbox 639 2439 737 2524; x_wconf 90' lang='lat' dir='ltr'>longe</span> <span class='ocrx_word' id='word_1_352' title='bbox 769 2440 888 2523; x_wconf 89' lang='lat' dir='ltr'>petitas</span> <span class='ocrx_word' id='word_1_353' title='bbox 920 2441 956 2504; x_wconf 91' lang='lat' dir='ltr'>in</span> <span class='ocrx_word' id='word_1_354' title='bbox 990 2438 1200 2523; x_wconf 86' lang='lat' dir='ltr'>evangelium</span> <span class='ocrx_word' id='word_1_355' title='bbox 1252 2448 1374 2505; x_wconf 88' lang='lat' dir='ltr'>verunt</span> <span class='ocrx_word' id='word_1_356' title='bbox 1394 2441 1484 2506; x_wconf 92' lang='lat' dir='ltr'>omni</span> <span class='ocrx_word' id='word_1_357' title='bbox 1500 2462 1536 2506; x_wconf 92' lang='lat' dir='ltr'>se</span> <span class='ocrx_word' id='word_1_358' title='bbox 1550 2440 1832 2519; x_wconf 89' lang='lat' dir='ltr'>rationedestitni,</span> <span class='ocrx_word' id='word_1_359' title='bbox 1854 2440 1919 2506; x_wconf 91' lang='lat' dir='ltr'>nisi</span> <span class='ocrx_word' id='word_1_360' title='bbox 1932 2440 2090 2506; x_wconf 91' lang='lat' dir='ltr'>miseram</span> <span class='ocrx_word' id='word_1_361' title='bbox 2103 2441 2231 2527; x_wconf 86' lang='lat' dir='ltr'>plebem</span> 
     </span>
     <span class='ocr_line' id='line_1_27' title="bbox 220 2523 2231 2607; baseline 0 -15"><span class='ocrx_word' id='word_1_362' title='bbox 220 2525 345 2592; x_wconf 77' lang='lat' dir='ltr'>iniuste</span> <span class='ocrx_word' id='word_1_363' title='bbox 366 2532 528 2607; x_wconf 89' lang='lat' dir='ltr'>torquent</span> <span class='ocrx_word' id='word_1_364' title='bbox 572 2524 625 2590; x_wconf 91' lang='lat' dir='ltr'>De</span> <span class='ocrx_word' id='word_1_365' title='bbox 646 2525 820 2591; x_wconf 90' lang='lat' dir='ltr'>calumniis</span> <span class='ocrx_word' id='word_1_366' title='bbox 846 2524 908 2591; x_wconf 91' lang='lat' dir='ltr'>hoc</span> <span class='ocrx_word' id='word_1_367' title='bbox 934 2525 1078 2607; x_wconf 82' lang='lat' dir='ltr'>praefari</span> <span class='ocrx_word' id='word_1_368' title='bbox 1104 2523 1200 2590; x_wconf 87' lang='lat' dir='ltr'>libet:</span> <span class='ocrx_word' id='word_1_369' title='bbox 1253 2547 1363 2593; x_wconf 89' lang='lat' dir='ltr'>secum</span> <span class='ocrx_word' id='word_1_370' title='bbox 1383 2525 1558 2604; x_wconf 84' lang='lat' dir='ltr'>infatuant,</span> <span class='ocrx_word' id='word_1_371' title='bbox 1577 2547 1645 2591; x_wconf 91' lang='lat' dir='ltr'>non</span> <span class='ocrx_word' id='word_1_372' title='bbox 1663 2527 1784 2591; x_wconf 88' lang='lat' dir='ltr'>mimm</span> <span class='ocrx_word' id='word_1_373' title='bbox 1805 2533 1863 2603; x_wconf 89' lang='lat' dir='ltr'>est,</span> <span class='ocrx_word' id='word_1_374' title='bbox 1886 2527 2072 2592; x_wconf 87' lang='lat' dir='ltr'>necessario</span> <span class='ocrx_word' id='word_1_375' title='bbox 2089 2546 2149 2594; x_wconf 88' lang='lat' dir='ltr'>eos</span> <span class='ocrx_word' id='word_1_376' title='bbox 2166 2526 2231 2595; x_wconf 83' lang='lat' dir='ltr'>suf·</span> 
     </span>
     <span class='ocr_line' id='line_1_28' title="bbox 221 2608 2231 2697; baseline 0.002 -21"><span class='ocrx_word' id='word_1_377' title='bbox 221 2630 290 2677; x_wconf 91' lang='lat' dir='ltr'>non</span> <span class='ocrx_word' id='word_1_378' title='bbox 316 2610 438 2675; x_wconf 91' lang='lat' dir='ltr'>mirum</span> <span class='ocrx_word' id='word_1_379' title='bbox 466 2630 552 2688; x_wconf 91' lang='lat' dir='ltr'>esse,</span> <span class='ocrx_word' id='word_1_380' title='bbox 587 2611 614 2675; x_wconf 91' lang='lat' dir='ltr'>si</span> <span class='ocrx_word' id='word_1_381' title='bbox 643 2630 699 2676; x_wconf 90' lang='lat' dir='ltr'>eas</span> <span class='ocrx_word' id='word_1_382' title='bbox 726 2610 868 2694; x_wconf 90' lang='lat' dir='ltr'>improbi</span> <span class='ocrx_word' id='word_1_383' title='bbox 901 2611 1051 2676; x_wconf 91' lang='lat' dir='ltr'>homines</span> <span class='ocrx_word' id='word_1_384' title='bbox 1083 2608 1201 2693; x_wconf 86' lang='lat' dir='ltr'>procul</span> <span class='ocrx_word' id='word_1_385' title='bbox 1252 2611 1342 2696; x_wconf 84' lang='lat' dir='ltr'>fugio</span> <span class='ocrx_word' id='word_1_386' title='bbox 1370 2611 1469 2677; x_wconf 91' lang='lat' dir='ltr'>abuti.</span> <span class='ocrx_word' id='word_1_387' title='bbox 1515 2610 1684 2695; x_wconf 78' lang='lat' dir='ltr'>Quidquid</span> <span class='ocrx_word' id='word_1_388' title='bbox 1719 2621 1830 2677; x_wconf 88' lang='lat' dir='ltr'>autem</span> <span class='ocrx_word' id='word_1_389' title='bbox 1855 2612 1951 2695; x_wconf 89' lang='lat' dir='ltr'>ipsis,</span> <span class='ocrx_word' id='word_1_390' title='bbox 1979 2612 2082 2677; x_wconf 88' lang='lat' dir='ltr'>etiam</span> <span class='ocrx_word' id='word_1_391' title='bbox 2109 2614 2231 2697; x_wconf 87' lang='lat' dir='ltr'>absque</span> 
     </span>
     <span class='ocr_line' id='line_1_29' title="bbox 222 2694 2231 2781; baseline 0.002 -20"><span class='ocrx_word' id='word_1_392' title='bbox 222 2695 408 2781; x_wconf 89' lang='lat' dir='ltr'>spargendo</span> <span class='ocrx_word' id='word_1_393' title='bbox 440 2695 540 2761; x_wconf 88' lang='lat' dir='ltr'>fidem</span> <span class='ocrx_word' id='word_1_394' title='bbox 567 2694 735 2762; x_wconf 90' lang='lat' dir='ltr'>doctrinae</span> <span class='ocrx_word' id='word_1_395' title='bbox 760 2704 893 2763; x_wconf 88' lang='lat' dir='ltr'>nostrae</span> <span class='ocrx_word' id='word_1_396' title='bbox 920 2696 1007 2779; x_wconf 89' lang='lat' dir='ltr'>apud</span> <span class='ocrx_word' id='word_1_397' title='bbox 1035 2695 1200 2778; x_wconf 88' lang='lat' dir='ltr'>simplices</span> <span class='ocrx_word' id='word_1_398' title='bbox 1253 2697 1369 2774; x_wconf 88' lang='lat' dir='ltr'>colore,</span> <span class='ocrx_word' id='word_1_399' title='bbox 1390 2698 1516 2781; x_wconf 89' lang='lat' dir='ltr'>fingere</span> <span class='ocrx_word' id='word_1_400' title='bbox 1538 2697 1687 2774; x_wconf 92' lang='lat' dir='ltr'>libuerit,</span> <span class='ocrx_word' id='word_1_401' title='bbox 1716 2695 1816 2763; x_wconf 90' lang='lat' dir='ltr'>fidem</span> <span class='ocrx_word' id='word_1_402' title='bbox 1838 2697 1886 2762; x_wconf 88' lang='lat' dir='ltr'>ita</span> <span class='ocrx_word' id='word_1_403' title='bbox 1913 2699 2063 2780; x_wconf 89' lang='lat' dir='ltr'>protinus</span> <span class='ocrx_word' id='word_1_404' title='bbox 2084 2699 2231 2766; x_wconf 87' lang='lat' dir='ltr'>obtinere</span> 
     </span>
     <span class='ocr_line' id='line_1_30' title="bbox 222 2780 2230 2868; baseline 0 -20"><span class='ocrx_word' id='word_1_405' title='bbox 222 2783 412 2849; x_wconf 87' lang='lat' dir='ltr'>subvertere</span> <span class='ocrx_word' id='word_1_406' title='bbox 432 2780 619 2847; x_wconf 89' lang='lat' dir='ltr'>moliantur.</span> <span class='ocrx_word' id='word_1_407' title='bbox 653 2782 723 2849; x_wconf 89' lang='lat' dir='ltr'>Nee</span> <span class='ocrx_word' id='word_1_408' title='bbox 745 2803 824 2849; x_wconf 89' lang='lat' dir='ltr'>vero</span> <span class='ocrx_word' id='word_1_409' title='bbox 846 2781 1012 2849; x_wconf 87' lang='lat' dir='ltr'>communi</span> <span class='ocrx_word' id='word_1_410' title='bbox 1029 2801 1200 2846; x_wconf 83' lang='lat' dir='ltr'>servorum</span> <span class='ocrx_word' id='word_1_411' title='bbox 1252 2804 1320 2848; x_wconf 91' lang='lat' dir='ltr'>non</span> <span class='ocrx_word' id='word_1_412' title='bbox 1342 2782 1513 2847; x_wconf 89' lang='lat' dir='ltr'>debuerat:</span> <span class='ocrx_word' id='word_1_413' title='bbox 1538 2793 1588 2849; x_wconf 87' lang='lat' dir='ltr'>est</span> <span class='ocrx_word' id='word_1_414' title='bbox 1610 2793 1721 2848; x_wconf 90' lang='lat' dir='ltr'>tamen</span> <span class='ocrx_word' id='word_1_415' title='bbox 1744 2783 1825 2847; x_wconf 89' lang='lat' dir='ltr'>adeo</span> <span class='ocrx_word' id='word_1_416' title='bbox 1847 2784 2021 2860; x_wconf 88' lang='lat' dir='ltr'>usitatum,</span> <span class='ocrx_word' id='word_1_417' title='bbox 2050 2793 2090 2848; x_wconf 90' lang='lat' dir='ltr'>ut</span> <span class='ocrx_word' id='word_1_418' title='bbox 2111 2804 2173 2868; x_wconf 90' lang='lat' dir='ltr'>pro</span> <span class='ocrx_word' id='word_1_419' title='bbox 2192 2784 2230 2849; x_wconf 93' lang='lat' dir='ltr'>li-</span> 
     </span>
     <span class='ocr_line' id='line_1_31' title="bbox 221 2866 2232 2954; baseline 0.002 -22"><span class='ocrx_word' id='word_1_420' title='bbox 221 2866 288 2932; x_wconf 93' lang='lat' dir='ltr'>Dei</span> <span class='ocrx_word' id='word_1_421' title='bbox 308 2867 382 2951; x_wconf 88' lang='lat' dir='ltr'>lege</span> <span class='ocrx_word' id='word_1_422' title='bbox 403 2888 463 2933; x_wconf 89' lang='lat' dir='ltr'>nos</span> <span class='ocrx_word' id='word_1_423' title='bbox 484 2866 586 2932; x_wconf 87' lang='lat' dir='ltr'>eximi</span> <span class='ocrx_word' id='word_1_424' title='bbox 608 2868 778 2933; x_wconf 85' lang='lat' dir='ltr'>convenit·</span> <span class='ocrx_word' id='word_1_425' title='bbox 813 2867 890 2932; x_wconf 89' lang='lat' dir='ltr'>Non</span> <span class='ocrx_word' id='word_1_426' title='bbox 912 2877 984 2932; x_wconf 90' lang='lat' dir='ltr'>orat</span> <span class='ocrx_word' id='word_1_427' title='bbox 1004 2875 1093 2932; x_wconf 88' lang='lat' dir='ltr'>certe</span> <span class='ocrx_word' id='word_1_428' title='bbox 1110 2866 1200 2932; x_wconf 92' lang='lat' dir='ltr'>Pau·</span> <span class='ocrx_word' id='word_1_429' title='bbox 1253 2869 1317 2934; x_wconf 89' lang='lat' dir='ltr'>cito</span> <span class='ocrx_word' id='word_1_430' title='bbox 1339 2868 1439 2933; x_wconf 86' lang='lat' dir='ltr'>etiam</span> <span class='ocrx_word' id='word_1_431' title='bbox 1461 2867 1608 2934; x_wconf 88' lang='lat' dir='ltr'>ducatur.</span> <span class='ocrx_word' id='word_1_432' title='bbox 1647 2867 1701 2934; x_wconf 91' lang='lat' dir='ltr'>De</span> <span class='ocrx_word' id='word_1_433' title='bbox 1722 2889 1775 2932; x_wconf 88' lang='lat' dir='ltr'>me</span> <span class='ocrx_word' id='word_1_434' title='bbox 1797 2869 1825 2934; x_wconf 90' lang='lat' dir='ltr'>si</span> <span class='ocrx_word' id='word_1_435' title='bbox 1848 2888 2113 2947; x_wconf 90' lang='lat' dir='ltr'>commemorem,</span> <span class='ocrx_word' id='word_1_436' title='bbox 2135 2889 2232 2954; x_wconf 85' lang='lat' dir='ltr'>quam</span> 
     </span>
     <span class='ocr_line' id='line_1_32' title="bbox 220 2951 2231 3038; baseline 0.002 -20"><span class='ocrx_word' id='word_1_437' title='bbox 220 2953 273 3019; x_wconf 88' lang='lat' dir='ltr'>lus</span> <span class='ocrx_word' id='word_1_438' title='bbox 290 2960 359 3017; x_wconf 90' lang='lat' dir='ltr'>tam</span> <span class='ocrx_word' id='word_1_439' title='bbox 376 2973 535 3031; x_wconf 86' lang='lat' dir='ltr'>morosus,</span> <span class='ocrx_word' id='word_1_440' title='bbox 557 2963 596 3018; x_wconf 91' lang='lat' dir='ltr'>ut</span> <span class='ocrx_word' id='word_1_441' title='bbox 613 2954 835 3035; x_wconf 90' lang='lat' dir='ltr'>querimonias</span> <span class='ocrx_word' id='word_1_442' title='bbox 853 2952 926 3019; x_wconf 91' lang='lat' dir='ltr'>illas</span> <span class='ocrx_word' id='word_1_443' title='bbox 943 2955 1067 3018; x_wconf 85' lang='lat' dir='ltr'>frustra</span> <span class='ocrx_word' id='word_1_444' title='bbox 1077 2951 1199 3029; x_wconf 91' lang='lat' dir='ltr'>ederet,</span> <span class='ocrx_word' id='word_1_445' title='bbox 1252 2953 1358 3018; x_wconf 90' lang='lat' dir='ltr'>multa</span> <span class='ocrx_word' id='word_1_446' title='bbox 1375 2951 1516 3018; x_wconf 90' lang='lat' dir='ltr'>absurda</span> <span class='ocrx_word' id='word_1_447' title='bbox 1533 2963 1568 3018; x_wconf 92' lang='lat' dir='ltr'>et</span> <span class='ocrx_word' id='word_1_448' title='bbox 1585 2953 1724 3020; x_wconf 89' lang='lat' dir='ltr'>ridicule</span> <span class='ocrx_word' id='word_1_449' title='bbox 1740 2955 1856 3038; x_wconf 87' lang='lat' dir='ltr'>nugati</span> <span class='ocrx_word' id='word_1_450' title='bbox 1875 2955 1951 3033; x_wconf 91' lang='lat' dir='ltr'>sint,</span> <span class='ocrx_word' id='word_1_451' title='bbox 1969 2954 2157 3036; x_wconf 89' lang='lat' dir='ltr'>periculum</span> <span class='ocrx_word' id='word_1_452' title='bbox 2174 2966 2231 3037; x_wconf 86' lang='lat' dir='ltr'>eat,</span> 
     </span>
     <span class='ocr_line' id='line_1_33' title="bbox 219 3037 2232 3122; baseline 0.002 -18"><span class='ocrx_word' id='word_1_453' title='bbox 219 3057 304 3121; x_wconf 88' lang='lat' dir='ltr'>quae</span> <span class='ocrx_word' id='word_1_454' title='bbox 330 3042 454 3120; x_wconf 85' lang='lat' dir='ltr'>passim</span> <span class='ocrx_word' id='word_1_455' title='bbox 483 3046 616 3104; x_wconf 88' lang='lat' dir='ltr'>exstant</span> <span class='ocrx_word' id='word_1_456' title='bbox 648 3040 685 3103; x_wconf 92' lang='lat' dir='ltr'>in</span> <span class='ocrx_word' id='word_1_457' title='bbox 713 3040 783 3104; x_wconf 91' lang='lat' dir='ltr'>eius</span> <span class='ocrx_word' id='word_1_458' title='bbox 815 3040 953 3122; x_wconf 89' lang='lat' dir='ltr'>scriptis.</span> <span class='ocrx_word' id='word_1_459' title='bbox 998 3037 1109 3103; x_wconf 85' lang='lat' dir='ltr'>Multa</span> <span class='ocrx_word' id='word_1_460' title='bbox 1141 3058 1200 3120; x_wconf 90' lang='lat' dir='ltr'>pro</span> <span class='ocrx_word' id='word_1_461' title='bbox 1252 3060 1294 3104; x_wconf 91' lang='lat' dir='ltr'>ne</span> <span class='ocrx_word' id='word_1_462' title='bbox 1315 3060 1432 3104; x_wconf 90' lang='lat' dir='ltr'>eorum</span> <span class='ocrx_word' id='word_1_463' title='bbox 1458 3039 1593 3121; x_wconf 89' lang='lat' dir='ltr'>ineptiis</span> <span class='ocrx_word' id='word_1_464' title='bbox 1621 3061 1674 3104; x_wconf 91' lang='lat' dir='ltr'>me</span> <span class='ocrx_word' id='word_1_465' title='bbox 1696 3039 1874 3105; x_wconf 86' lang='lat' dir='ltr'>involvam.</span> <span class='ocrx_word' id='word_1_466' title='bbox 1917 3040 2064 3105; x_wconf 74' lang='lat' dir='ltr'>&#39;fantum</span> <span class='ocrx_word' id='word_1_467' title='bbox 2085 3040 2176 3108; x_wconf 88' lang='lat' dir='ltr'>dico:</span> <span class='ocrx_word' id='word_1_468' title='bbox 2203 3041 2232 3108; x_wconf 86' lang='lat' dir='ltr'>si</span> 
     </span>
     <span class='ocr_line' id='line_1_34' title="bbox 220 3121 2232 3209; baseline 0.002 -20"><span class='ocrx_word' id='word_1_469' title='bbox 220 3145 283 3190; x_wconf 91' lang='lat' dir='ltr'>sua</span> <span class='ocrx_word' id='word_1_470' title='bbox 309 3121 488 3207; x_wconf 89' lang='lat' dir='ltr'>prudentia</span> <span class='ocrx_word' id='word_1_471' title='bbox 522 3124 666 3201; x_wconf 88' lang='lat' dir='ltr'>tacebat,</span> <span class='ocrx_word' id='word_1_472' title='bbox 699 3123 806 3190; x_wconf 89' lang='lat' dir='ltr'>multa</span> <span class='ocrx_word' id='word_1_473' title='bbox 832 3123 1022 3209; x_wconf 82' lang='lat' dir='ltr'>ignoscebat</span> <span class='ocrx_word' id='word_1_474' title='bbox 1050 3143 1111 3207; x_wconf 90' lang='lat' dir='ltr'>pro</span> <span class='ocrx_word' id='word_1_475' title='bbox 1140 3143 1200 3188; x_wconf 89' lang='lat' dir='ltr'>sua</span> <span class='ocrx_word' id='word_1_476' title='bbox 1253 3123 1314 3190; x_wconf 91' lang='lat' dir='ltr'>hoo</span> <span class='ocrx_word' id='word_1_477' title='bbox 1335 3125 1418 3190; x_wconf 89' lang='lat' dir='ltr'>iuris</span> <span class='ocrx_word' id='word_1_478' title='bbox 1443 3125 1479 3188; x_wconf 91' lang='lat' dir='ltr'>in</span> <span class='ocrx_word' id='word_1_479' title='bbox 1507 3146 1568 3190; x_wconf 88' lang='lat' dir='ltr'>nos</span> <span class='ocrx_word' id='word_1_480' title='bbox 1596 3131 1671 3206; x_wconf 80' lang='lat' dir='ltr'>[pas.</span> <span class='ocrx_word' id='word_1_481' title='bbox 1690 3130 1745 3204; x_wconf 82' lang='lat'>83]</span> <span class='ocrx_word' id='word_1_482' title='bbox 1775 3126 1944 3204; x_wconf 90' lang='lat' dir='ltr'>statuitur,</span> <span class='ocrx_word' id='word_1_483' title='bbox 1975 3134 2012 3189; x_wconf 92' lang='lat' dir='ltr'>ut</span> <span class='ocrx_word' id='word_1_484' title='bbox 2039 3145 2106 3209; x_wconf 94' lang='lat' dir='ltr'>quo</span> <span class='ocrx_word' id='word_1_485' title='bbox 2134 3136 2232 3193; x_wconf 87' lang='lat' dir='ltr'>erunt</span> 
     </span>
     <span class='ocr_line' id='line_1_35' title="bbox 218 3209 2232 3295; baseline 0.002 -21"><span class='ocrx_word' id='word_1_486' title='bbox 218 3209 390 3288; x_wconf 88' lang='lat' dir='ltr'>modestia,</span> <span class='ocrx_word' id='word_1_487' title='bbox 417 3209 522 3274; x_wconf 86' lang='lat' dir='ltr'>multa</span> <span class='ocrx_word' id='word_1_488' title='bbox 567 3229 604 3273; x_wconf 92' lang='lat' dir='ltr'>ro</span> <span class='ocrx_word' id='word_1_489' title='bbox 628 3210 730 3275; x_wconf 91' lang='lat' dir='ltr'>animi</span> <span class='ocrx_word' id='word_1_490' title='bbox 753 3209 806 3275; x_wconf 89' lang='lat' dir='ltr'>sui</span> <span class='ocrx_word' id='word_1_491' title='bbox 827 3209 1059 3294; x_wconf 88' lang='lat' dir='ltr'>magnitudine</span> <span class='ocrx_word' id='word_1_492' title='bbox 1080 3209 1200 3276; x_wconf 85' lang='lat' dir='ltr'>tacitus</span> <span class='ocrx_word' id='word_1_493' title='bbox 1252 3210 1363 3276; x_wconf 89' lang='lat' dir='ltr'>hostes</span> <span class='ocrx_word' id='word_1_494' title='bbox 1384 3211 1488 3275; x_wconf 88' lang='lat' dir='ltr'>nostri</span> <span class='ocrx_word' id='word_1_495' title='bbox 1510 3209 1552 3275; x_wconf 90' lang='lat' dir='ltr'>ad</span> <span class='ocrx_word' id='word_1_496' title='bbox 1569 3210 1795 3275; x_wconf 89' lang='lat' dir='ltr'>mentiendum</span> <span class='ocrx_word' id='word_1_497' title='bbox 1816 3212 1921 3295; x_wconf 85' lang='lat' dir='ltr'>magis</span> <span class='ocrx_word' id='word_1_498' title='bbox 1943 3211 2107 3278; x_wconf 87' lang='lat' dir='ltr'>effraenes</span> <span class='ocrx_word' id='word_1_499' title='bbox 2129 3221 2164 3279; x_wconf 92' lang='lat' dir='ltr'>et</span> <span class='ocrx_word' id='word_1_500' title='bbox 2182 3213 2232 3279; x_wconf 92' lang='lat' dir='ltr'>in·</span> 
     </span>
     <span class='ocr_line' id='line_1_36' title="bbox 221 3230 2232 3379; baseline 0.003 -20"><span class='ocrx_word' id='word_1_501' title='bbox 221 3294 414 3360; x_wconf 87' lang='lat' dir='ltr'>devorabat:</span> <span class='ocrx_word' id='word_1_502' title='bbox 445 3302 480 3359; x_wconf 93' lang='lat' dir='ltr'>et</span> <span class='ocrx_word' id='word_1_503' title='bbox 499 3230 652 3360; x_wconf 81' lang='lat' dir='ltr'>videmus</span> <span class='ocrx_word' id='word_1_504' title='bbox 674 3306 785 3360; x_wconf 90' lang='lat' dir='ltr'>tamen</span> <span class='ocrx_word' id='word_1_505' title='bbox 808 3296 936 3378; x_wconf 90' lang='lat' dir='ltr'>quoties</span> <span class='ocrx_word' id='word_1_506' title='bbox 958 3316 994 3360; x_wconf 93' lang='lat' dir='ltr'>se</span> <span class='ocrx_word' id='word_1_507' title='bbox 1015 3314 1076 3377; x_wconf 92' lang='lat' dir='ltr'>per</span> <span class='ocrx_word' id='word_1_508' title='bbox 1097 3294 1200 3360; x_wconf 90' lang='lat' dir='ltr'>ecole-</span> <span class='ocrx_word' id='word_1_509' title='bbox 1253 3294 1443 3374; x_wconf 88' lang='lat' dir='ltr'>verecundi,</span> <span class='ocrx_word' id='word_1_510' title='bbox 1472 3316 1510 3360; x_wconf 93' lang='lat' dir='ltr'>eo</span> <span class='ocrx_word' id='word_1_511' title='bbox 1532 3296 1577 3360; x_wconf 92' lang='lat' dir='ltr'>sit</span> <span class='ocrx_word' id='word_1_512' title='bbox 1598 3296 1762 3379; x_wconf 86' lang='lat' dir='ltr'>evangelii</span> <span class='ocrx_word' id='word_1_513' title='bbox 1784 3316 1884 3363; x_wconf 87' lang='lat' dir='ltr'>causa</span> <span class='ocrx_word' id='word_1_514' title='bbox 1911 3296 2067 3377; x_wconf 88' lang='lat' dir='ltr'>deterior,</span> <span class='ocrx_word' id='word_1_515' title='bbox 2098 3317 2139 3364; x_wconf 88' lang='lat' dir='ltr'>ac</span> <span class='ocrx_word' id='word_1_516' title='bbox 2159 3306 2232 3365; x_wconf 86' lang='lat' dir='ltr'>tan·</span> 
     </span>
     <span class='ocr_line' id='line_1_37' title="bbox 221 3378 2232 3466; baseline 0.002 -20"><span class='ocrx_word' id='word_1_517' title='bbox 221 3382 288 3446; x_wconf 90' lang='lat' dir='ltr'>sias</span> <span class='ocrx_word' id='word_1_518' title='bbox 309 3378 419 3446; x_wconf 89' lang='lat' dir='ltr'>odiose</span> <span class='ocrx_word' id='word_1_519' title='bbox 436 3380 539 3446; x_wconf 89' lang='lat' dir='ltr'>fuisse</span> <span class='ocrx_word' id='word_1_520' title='bbox 560 3379 747 3446; x_wconf 87' lang='lat' dir='ltr'>traductum</span> <span class='ocrx_word' id='word_1_521' title='bbox 769 3390 934 3463; x_wconf 88' lang='lat' dir='ltr'>queratur.</span> <span class='ocrx_word' id='word_1_522' title='bbox 978 3381 1031 3445; x_wconf 92' lang='lat' dir='ltr'>De</span> <span class='ocrx_word' id='word_1_523' title='bbox 1056 3380 1201 3445; x_wconf 90' lang='lat' dir='ltr'>sinistris</span> <span class='ocrx_word' id='word_1_524' title='bbox 1253 3378 1390 3445; x_wconf 86' lang='lat' dir='ltr'>tundam</span> <span class='ocrx_word' id='word_1_525' title='bbox 1412 3402 1453 3446; x_wconf 89' lang='lat' dir='ltr'>ex</span> <span class='ocrx_word' id='word_1_526' title='bbox 1476 3383 1547 3446; x_wconf 90' lang='lat' dir='ltr'>eius</span> <span class='ocrx_word' id='word_1_527' title='bbox 1568 3381 1633 3446; x_wconf 91' lang='lat' dir='ltr'>fide</span> <span class='ocrx_word' id='word_1_528' title='bbox 1655 3381 1803 3448; x_wconf 87' lang='lat' dir='ltr'>decedat:</span> <span class='ocrx_word' id='word_1_529' title='bbox 1827 3401 1895 3446; x_wconf 92' lang='lat' dir='ltr'>non</span> <span class='ocrx_word' id='word_1_530' title='bbox 1917 3380 2072 3465; x_wconf 87' lang='lat' dir='ltr'>estquod</span> <span class='ocrx_word' id='word_1_531' title='bbox 2089 3404 2232 3466; x_wconf 84' lang='lat' dir='ltr'>queran-</span> 
     </span>
     <span class='ocr_line' id='line_1_38' title="bbox 222 3463 2232 3554; baseline 0.003 -24"><span class='ocrx_word' id='word_1_532' title='bbox 222 3464 513 3531; x_wconf 86' lang='lat' dir='ltr'>obtrectationibus</span> <span class='ocrx_word' id='word_1_533' title='bbox 540 3464 671 3547; x_wconf 90' lang='lat' dir='ltr'>loquor,</span> <span class='ocrx_word' id='word_1_534' title='bbox 699 3464 817 3548; x_wconf 89' lang='lat' dir='ltr'>quibus</span> <span class='ocrx_word' id='word_1_535' title='bbox 845 3466 1001 3532; x_wconf 81' lang='lat' dir='ltr'>malevoli</span> <span class='ocrx_word' id='word_1_536' title='bbox 1029 3463 1200 3531; x_wconf 89' lang='lat' dir='ltr'>absentem</span> <span class='ocrx_word' id='word_1_537' title='bbox 1252 3476 1308 3531; x_wconf 87' lang='lat' dir='ltr'>tur</span> <span class='ocrx_word' id='word_1_538' title='bbox 1328 3474 1399 3530; x_wconf 88' lang='lat' dir='ltr'>tam</span> <span class='ocrx_word' id='word_1_539' title='bbox 1421 3466 1526 3549; x_wconf 90' lang='lat' dir='ltr'>iniqui</span> <span class='ocrx_word' id='word_1_540' title='bbox 1553 3467 1677 3532; x_wconf 90' lang='lat' dir='ltr'>iudices</span> <span class='ocrx_word' id='word_1_541' title='bbox 1699 3467 1891 3532; x_wconf 89' lang='lat' dir='ltr'>scandulum</span> <span class='ocrx_word' id='word_1_542' title='bbox 1919 3467 1981 3532; x_wconf 92' lang='lat' dir='ltr'>sibi</span> <span class='ocrx_word' id='word_1_543' title='bbox 2004 3466 2118 3548; x_wconf 91' lang='lat' dir='ltr'>obiici,</span> <span class='ocrx_word' id='word_1_544' title='bbox 2146 3468 2232 3554; x_wconf 89' lang='lat' dir='ltr'>quod</span> 
     </span>
     <span class='ocr_line' id='line_1_39' title="bbox 223 3549 2232 3635; baseline 0.003 -20"><span class='ocrx_word' id='word_1_545' title='bbox 223 3558 257 3615; x_wconf 91' lang='lat' dir='ltr'>et</span> <span class='ocrx_word' id='word_1_546' title='bbox 277 3550 419 3615; x_wconf 89' lang='lat' dir='ltr'>inscium</span> <span class='ocrx_word' id='word_1_547' title='bbox 440 3549 527 3632; x_wconf 91' lang='lat' dir='ltr'>apud</span> <span class='ocrx_word' id='word_1_548' title='bbox 548 3551 689 3614; x_wconf 93' lang='lat' dir='ltr'>nimium</span> <span class='ocrx_word' id='word_1_549' title='bbox 710 3549 860 3616; x_wconf 90' lang='lat' dir='ltr'>credulos</span> <span class='ocrx_word' id='word_1_550' title='bbox 881 3571 1056 3634; x_wconf 87' lang='lat' dir='ltr'>rerumque</span> <span class='ocrx_word' id='word_1_551' title='bbox 1074 3564 1107 3615; x_wconf 93' lang='lat' dir='ltr'>et</span> <span class='ocrx_word' id='word_1_552' title='bbox 1128 3553 1201 3616; x_wconf 86' lang='lat' dir='ltr'>veri</span> <span class='ocrx_word' id='word_1_553' title='bbox 1251 3551 1339 3616; x_wconf 87' lang='lat' dir='ltr'>ultro</span> <span class='ocrx_word' id='word_1_554' title='bbox 1372 3573 1408 3616; x_wconf 93' lang='lat' dir='ltr'>se</span> <span class='ocrx_word' id='word_1_555' title='bbox 1439 3560 1594 3635; x_wconf 90' lang='lat' dir='ltr'>appetere</span> <span class='ocrx_word' id='word_1_556' title='bbox 1626 3553 1813 3617; x_wconf 91' lang='lat' dir='ltr'>ostendunt.</span> <span class='ocrx_word' id='word_1_557' title='bbox 1869 3552 1973 3618; x_wconf 91' lang='lat' dir='ltr'>Nobis</span> <span class='ocrx_word' id='word_1_558' title='bbox 2005 3562 2119 3619; x_wconf 89' lang='lat' dir='ltr'>autem</span> <span class='ocrx_word' id='word_1_559' title='bbox 2157 3575 2232 3621; x_wconf 93' lang='lat' dir='ltr'>cum</span> 
     </span>
     <span class='ocr_line' id='line_1_40' title="bbox 222 3634 2233 3726; baseline 0.004 -26"><span class='ocrx_word' id='word_1_560' title='bbox 222 3636 356 3721; x_wconf 90' lang='lat' dir='ltr'>ignaros</span> <span class='ocrx_word' id='word_1_561' title='bbox 383 3634 575 3719; x_wconf 86' lang='lat' dir='ltr'>gravabant.</span> <span class='ocrx_word' id='word_1_562' title='bbox 620 3635 706 3700; x_wconf 88' lang='lat' dir='ltr'>Nam</span> <span class='ocrx_word' id='word_1_563' title='bbox 735 3636 858 3719; x_wconf 87' lang='lat' dir='ltr'>apertis</span> <span class='ocrx_word' id='word_1_564' title='bbox 884 3636 1057 3702; x_wconf 89' lang='lat' dir='ltr'>calumniis</span> <span class='ocrx_word' id='word_1_565' title='bbox 1090 3636 1200 3718; x_wconf 89' lang='lat' dir='ltr'>palam</span> <span class='ocrx_word' id='word_1_566' title='bbox 1252 3637 1357 3701; x_wconf 90' lang='lat' dir='ltr'>Paulo</span> <span class='ocrx_word' id='word_1_567' title='bbox 1390 3657 1502 3703; x_wconf 89' lang='lat' dir='ltr'>secure</span> <span class='ocrx_word' id='word_1_568' title='bbox 1535 3638 1642 3704; x_wconf 91' lang='lat' dir='ltr'>dicere</span> <span class='ocrx_word' id='word_1_569' title='bbox 1674 3638 1784 3704; x_wconf 88' lang='lat' dir='ltr'>liceat:</span> <span class='ocrx_word' id='word_1_570' title='bbox 1818 3636 1885 3718; x_wconf 78' lang='lat' dir='ltr'>Qui</span> <span class='ocrx_word' id='word_1_571' title='bbox 1917 3639 2066 3723; x_wconf 86' lang='lat' dir='ltr'>ignorat,</span> <span class='ocrx_word' id='word_1_572' title='bbox 2101 3640 2233 3726; x_wconf 82' lang='lat' dir='ltr'>ignoret</span> 
     </span>
     <span class='ocr_line' id='line_1_41' title="bbox 222 3719 1537 3806; baseline 0.001 -20"><span class='ocrx_word' id='word_1_573' title='bbox 222 3721 390 3803; x_wconf 89' lang='lat' dir='ltr'>impetitos</span> <span class='ocrx_word' id='word_1_574' title='bbox 409 3720 511 3786; x_wconf 84' lang='lat' dir='ltr'>fuisse</span> <span class='ocrx_word' id='word_1_575' title='bbox 533 3719 598 3784; x_wconf 93' lang='lat' dir='ltr'>Dei</span> <span class='ocrx_word' id='word_1_576' title='bbox 619 3740 748 3797; x_wconf 85' lang='lat' dir='ltr'>servos,</span> <span class='ocrx_word' id='word_1_577' title='bbox 777 3720 921 3804; x_wconf 90' lang='lat' dir='ltr'>adeoque</span> <span class='ocrx_word' id='word_1_578' title='bbox 948 3720 1053 3785; x_wconf 89' lang='lat' dir='ltr'>filium</span> <span class='ocrx_word' id='word_1_579' title='bbox 1081 3723 1198 3803; x_wconf 89' lang='lat' dir='ltr'>ipsum,</span> <span class='ocrx_word' id='word_1_580' title='bbox 1254 3725 1284 3805; x_wconf 89' lang='lat' dir='ltr'>(l</span> <span class='ocrx_word' id='word_1_581' title='bbox 1307 3721 1381 3787; x_wconf 85' lang='lat' dir='ltr'>Oor.</span> <span class='ocrx_word' id='word_1_582' title='bbox 1404 3728 1452 3800; x_wconf 83' lang='grc'>14,</span> <span class='ocrx_word' id='word_1_583' title='bbox 1472 3723 1537 3806; x_wconf 81' lang='grc'>38).</span> 
     </span>
     <span class='ocr_line' id='line_1_42' title="bbox 222 3805 2233 3896; baseline 0.003 -24"><span class='ocrx_word' id='word_1_584' title='bbox 222 3807 299 3890; x_wconf 91' lang='lat' dir='ltr'>plus</span> <span class='ocrx_word' id='word_1_585' title='bbox 328 3807 409 3872; x_wconf 89' lang='lat' dir='ltr'>satis</span> <span class='ocrx_word' id='word_1_586' title='bbox 438 3811 552 3870; x_wconf 89' lang='lat' dir='ltr'>notum</span> <span class='ocrx_word' id='word_1_587' title='bbox 582 3816 640 3870; x_wconf 82' lang='lat' dir='ltr'>est</span> <span class='ocrx_word' id='word_1_588' title='bbox 690 3805 816 3871; x_wconf 86' lang='lat' dir='ltr'>Verum</span> <span class='ocrx_word' id='word_1_589' title='bbox 845 3805 966 3883; x_wconf 83' lang='lat' dir='ltr'>Satan,</span> <span class='ocrx_word' id='word_1_590' title='bbox 998 3805 1053 3870; x_wconf 94' lang='lat' dir='ltr'>ubi</span> <span class='ocrx_word' id='word_1_591' title='bbox 1087 3816 1199 3888; x_wconf 91' lang='lat' dir='ltr'>aperto</span> <span class='ocrx_word' id='word_1_592' title='bbox 1338 3809 1446 3874; x_wconf 89' lang='lat' dir='ltr'>Venio</span> <span class='ocrx_word' id='word_1_593' title='bbox 1465 3808 1507 3873; x_wconf 93' lang='lat' dir='ltr'>ad</span> <span class='ocrx_word' id='word_1_594' title='bbox 1525 3809 1664 3874; x_wconf 89' lang='lat' dir='ltr'>alteram</span> <span class='ocrx_word' id='word_1_595' title='bbox 1681 3810 1955 3875; x_wconf 89' lang='lat' dir='ltr'>obtrectationum</span> <span class='ocrx_word' id='word_1_596' title='bbox 1974 3811 2129 3893; x_wconf 88' lang='lat' dir='ltr'>speeiem,</span> <span class='ocrx_word' id='word_1_597' title='bbox 2149 3832 2233 3896; x_wconf 88' lang='lat' dir='ltr'>quae</span> 
     </span>
     <span class='ocr_line' id='line_1_43' title="bbox 222 3889 2237 3979; baseline 0.004 -22"><span class='ocrx_word' id='word_1_598' title='bbox 222 3900 330 3957; x_wconf 87' lang='lat' dir='ltr'>marte</span> <span class='ocrx_word' id='word_1_599' title='bbox 351 3890 435 3956; x_wconf 89' lang='lat' dir='ltr'>nihil</span> <span class='ocrx_word' id='word_1_600' title='bbox 457 3912 493 3956; x_wconf 89' lang='lat' dir='ltr'>se</span> <span class='ocrx_word' id='word_1_601' title='bbox 513 3892 672 3972; x_wconf 87' lang='lat' dir='ltr'>proficere</span> <span class='ocrx_word' id='word_1_602' title='bbox 692 3889 790 3968; x_wconf 91' lang='lat' dir='ltr'>videt,</span> <span class='ocrx_word' id='word_1_603' title='bbox 813 3893 941 3974; x_wconf 90' lang='lat' dir='ltr'>piorum</span> <span class='ocrx_word' id='word_1_604' title='bbox 963 3892 1085 3956; x_wconf 79' lang='lat' dir='ltr'>famam</span> <span class='ocrx_word' id='word_1_605' title='bbox 1107 3892 1201 3973; x_wconf 92' lang='lat' dir='ltr'>quasi</span> <span class='ocrx_word' id='word_1_606' title='bbox 1252 3914 1318 3958; x_wconf 92' lang='lat' dir='ltr'>non</span> <span class='ocrx_word' id='word_1_607' title='bbox 1345 3893 1442 3958; x_wconf 91' lang='lat' dir='ltr'>modo</span> <span class='ocrx_word' id='word_1_608' title='bbox 1472 3914 1514 3958; x_wconf 90' lang='lat' dir='ltr'>ex</span> <span class='ocrx_word' id='word_1_609' title='bbox 1543 3894 1658 3959; x_wconf 91' lang='lat' dir='ltr'>eadem</span> <span class='ocrx_word' id='word_1_610' title='bbox 1685 3894 1828 3960; x_wconf 79' lang='lat' dir='ltr'>Satanae</span> <span class='ocrx_word' id='word_1_611' title='bbox 1857 3897 1989 3961; x_wconf 89' lang='lat' dir='ltr'>officina</span> <span class='ocrx_word' id='word_1_612' title='bbox 2015 3894 2144 3979; x_wconf 90' lang='lat' dir='ltr'>prodit,</span> <span class='ocrx_word' id='word_1_613' title='bbox 2177 3896 2237 3965; x_wconf 88' lang='lat' dir='ltr'>sed</span> 
     </span>
     <span class='ocr_line' id='line_1_44' title="bbox 222 3975 2237 4062; baseline 0.004 -19"><span class='ocrx_word' id='word_1_614' title='bbox 222 3998 283 4062; x_wconf 92' lang='lat' dir='ltr'>per</span> <span class='ocrx_word' id='word_1_615' title='bbox 305 3976 473 4042; x_wconf 90' lang='lat' dir='ltr'>cuniculos</span> <span class='ocrx_word' id='word_1_616' title='bbox 496 3975 581 4040; x_wconf 89' lang='lat' dir='ltr'>olam</span> <span class='ocrx_word' id='word_1_617' title='bbox 609 3975 764 4041; x_wconf 89' lang='lat' dir='ltr'>adoritur.</span> <span class='ocrx_word' id='word_1_618' title='bbox 810 3975 922 4057; x_wconf 79' lang='lat' dir='ltr'>Quum</span> <span class='ocrx_word' id='word_1_619' title='bbox 949 3978 1059 4058; x_wconf 86' lang='lat' dir='ltr'>itaque</span> <span class='ocrx_word' id='word_1_620' title='bbox 1087 3977 1199 4058; x_wconf 90' lang='lat' dir='ltr'>procul</span> <span class='ocrx_word' id='word_1_621' title='bbox 1253 3998 1352 4061; x_wconf 90' lang='lat' dir='ltr'>super</span> <span class='ocrx_word' id='word_1_622' title='bbox 1374 3978 1488 4044; x_wconf 90' lang='lat' dir='ltr'>eadem</span> <span class='ocrx_word' id='word_1_623' title='bbox 1522 4001 1650 4062; x_wconf 91' lang='lat' dir='ltr'>quoque</span> <span class='ocrx_word' id='word_1_624' title='bbox 1680 3981 1747 4045; x_wconf 89' lang='lat' dir='ltr'>fere</span> <span class='ocrx_word' id='word_1_625' title='bbox 1775 3980 1893 4045; x_wconf 88' lang='lat' dir='ltr'>incude</span> <span class='ocrx_word' id='word_1_626' title='bbox 1927 3979 2117 4048; x_wconf 84' lang='lat' dir='ltr'>fabricatur.</span> <span class='ocrx_word' id='word_1_627' title='bbox 2162 3983 2237 4050; x_wconf 87' lang='lat' dir='ltr'>Hoc</span> 
     </span>
     <span class='ocr_line' id='line_1_45' title="bbox 222 4062 2236 4153; baseline 0.004 -25"><span class='ocrx_word' id='word_1_628' title='bbox 222 4063 260 4128; x_wconf 88' lang='lat' dir='ltr'>in</span> <span class='ocrx_word' id='word_1_629' title='bbox 292 4063 482 4147; x_wconf 90' lang='lat' dir='ltr'>longinquis</span> <span class='ocrx_word' id='word_1_630' title='bbox 516 4062 704 4146; x_wconf 90' lang='lat' dir='ltr'>regionibus</span> <span class='ocrx_word' id='word_1_631' title='bbox 738 4062 855 4127; x_wconf 90' lang='lat' dir='ltr'>duram</span> <span class='ocrx_word' id='word_1_632' title='bbox 887 4062 1040 4126; x_wconf 89' lang='lat' dir='ltr'>militiam</span> <span class='ocrx_word' id='word_1_633' title='bbox 1073 4062 1200 4127; x_wconf 88' lang='lat' dir='ltr'>Paulus</span> <span class='ocrx_word' id='word_1_634' title='bbox 1252 4062 1358 4127; x_wconf 92' lang='lat' dir='ltr'>solum</span> <span class='ocrx_word' id='word_1_635' title='bbox 1380 4072 1432 4128; x_wconf 89' lang='lat' dir='ltr'>est</span> <span class='ocrx_word' id='word_1_636' title='bbox 1454 4063 1670 4143; x_wconf 89' lang='lat' dir='ltr'>discriminis,</span> <span class='ocrx_word' id='word_1_637' title='bbox 1701 4065 1787 4147; x_wconf 94' lang='lat' dir='ltr'>quod</span> <span class='ocrx_word' id='word_1_638' title='bbox 1810 4067 1935 4148; x_wconf 87' lang='lat' dir='ltr'>priores</span> <span class='ocrx_word' id='word_1_639' title='bbox 1956 4066 2022 4145; x_wconf 93' lang='lat' dir='ltr'>illi,</span> <span class='ocrx_word' id='word_1_640' title='bbox 2052 4066 2236 4153; x_wconf 88' lang='lat' dir='ltr'>dequibus</span> 
     </span>
     <span class='ocr_line' id='line_1_46' title="bbox 223 4147 1200 4299; baseline -0.002 -85"><span class='ocrx_word' id='word_1_641' title='bbox 223 4147 338 4228; x_wconf 89' lang='lat' dir='ltr'>obiret,</span> <span class='ocrx_word' id='word_1_642' title='bbox 357 4169 460 4231; x_wconf 92' lang='lat' dir='ltr'>quum</span> <span class='ocrx_word' id='word_1_643' title='bbox 475 4167 545 4299; x_wconf 50' lang='lat' dir='ltr'>{g}</span> <span class='ocrx_word' id='word_1_644' title='bbox 564 4148 655 4213; x_wconf 90' lang='lat' dir='ltr'>millo</span> <span class='ocrx_word' id='word_1_645' title='bbox 677 4147 868 4213; x_wconf 85' lang='lat' dir='ltr'>discrimina</span> <span class='ocrx_word' id='word_1_646' title='bbox 889 4147 1041 4212; x_wconf 90' lang='lat' dir='ltr'>tenderet</span> <span class='ocrx_word' id='word_1_647' title='bbox 1062 4148 1104 4212; x_wconf 93' lang='lat' dir='ltr'>ad</span> <span class='ocrx_word' id='word_1_648' title='bbox 1125 4169 1200 4230; x_wconf 90' lang='lat' dir='ltr'>pro·</span> 
     </span>
     <span class='ocr_line' id='line_1_47' title="bbox 222 4232 1199 4317; baseline 0 -19"><span class='ocrx_word' id='word_1_649' title='bbox 222 4233 424 4300; x_wconf 86' lang='lat' dir='ltr'>movendum</span> <span class='ocrx_word' id='word_1_650' title='bbox 447 4232 474 4299; x_wconf 85' lang='lat' dir='ltr'>O</span> <span class='ocrx_word' id='word_1_651' title='bbox 520 4234 572 4296; x_wconf 89' lang='lat' dir='ltr'>&#39;ti</span> <span class='ocrx_word' id='word_1_652' title='bbox 600 4254 756 4317; x_wconf 87' lang='lat' dir='ltr'>regnum,</span> <span class='ocrx_word' id='word_1_653' title='bbox 784 4233 933 4299; x_wconf 86' lang='lat' dir='ltr'>assiduos</span> <span class='ocrx_word' id='word_1_654' title='bbox 960 4233 1096 4299; x_wconf 92' lang='lat' dir='ltr'>haberet</span> <span class='ocrx_word' id='word_1_655' title='bbox 1122 4254 1199 4298; x_wconf 93' lang='lat' dir='ltr'>cum</span> 
     </span>
     <span class='ocr_line' id='line_1_48' title="bbox 222 4317 2237 4425; baseline 0.001 -41"><span class='ocrx_word' id='word_1_656' title='bbox 222 4321 324 4384; x_wconf 87' lang='lat' dir='ltr'>variis</span> <span class='ocrx_word' id='word_1_657' title='bbox 350 4319 500 4385; x_wconf 89' lang='lat' dir='ltr'>hostibus</span> <span class='ocrx_word' id='word_1_658' title='bbox 528 4319 713 4396; x_wconf 88' lang='lat' dir='ltr'>conflictus,</span> <span class='ocrx_word' id='word_1_659' title='bbox 748 4319 815 4384; x_wconf 91' lang='lat' dir='ltr'>huc</span> <span class='ocrx_word' id='word_1_660' title='bbox 843 4327 877 4382; x_wconf 93' lang='lat' dir='ltr'>et</span> <span class='ocrx_word' id='word_1_661' title='bbox 904 4318 982 4384; x_wconf 89' lang='lat' dir='ltr'>illuc</span> <span class='ocrx_word' id='word_1_662' title='bbox 1010 4317 1199 4385; x_wconf 89' lang='lat' dir='ltr'>cursitando</span> <span class='ocrx_word' id='word_1_663' title='bbox 1322 4353 1694 4419; x_wconf 52' lang='lat' dir='ltr'>1)1;pa„„3„„,p,·„„0„</span> <span class='ocrx_word' id='word_1_664' title='bbox 1715 4355 2237 4425; x_wconf 27' lang='lat' dir='ltr'>ffiwdadglssermmufimo,</span> 
     </span>
    </p>
   </div>
   <div class='ocr_carea' id='block_1_5' title="bbox 223 4403 2236 4575">
    <p class='ocr_par' dir='ltr' id='par_1_5' title="bbox 223 4403 2236 4575">
     <span class='ocr_line' id='line_1_49' title="bbox 223 4403 2236 4505; baseline 0.009 -38"><span class='ocrx_word' id='word_1_665' title='bbox 223 4411 337 4502; x_wconf 74' lang='lat' dir='ltr'>gentos</span> <span class='ocrx_word' id='word_1_666' title='bbox 359 4404 504 4470; x_wconf 82' lang='lat' dir='ltr'>locorum</span> <span class='ocrx_word' id='word_1_667' title='bbox 523 4405 638 4486; x_wconf 80' lang='lat' dir='ltr'>spatiis</span> <span class='ocrx_word' id='word_1_668' title='bbox 659 4404 755 4487; x_wconf 83' lang='lat' dir='ltr'>longe</span> <span class='ocrx_word' id='word_1_669' title='bbox 774 4403 1068 4503; x_wconf 28' lang='lat' dir='ltr'>divisaslcoluligere</span> <span class='ocrx_word' id='word_1_670' title='bbox 1087 4403 1199 4469; x_wconf 71' lang='lat' dir='ltr'>stude·</span> <span class='ocrx_word' id='word_1_671' title='bbox 1252 4422 1376 4477; x_wconf 89' lang='lat' dir='ltr'>durensis</span> <span class='ocrx_word' id='word_1_672' title='bbox 1392 4423 1527 4503; x_wconf 85' lang='lat' dir='ltr'>decanus,</span> <span class='ocrx_word' id='word_1_673' title='bbox 1552 4424 1706 4503; x_wconf 85' lang='lat' dir='ltr'>theologiae</span> <span class='ocrx_word' id='word_1_674' title='bbox 1725 4424 1830 4505; x_wconf 72' lang='lat' dir='ltr'>doctor,</span> <span class='ocrx_word' id='word_1_675' title='bbox 1849 4425 2025 4479; x_wconf 86' lang='lat' dir='ltr'>concionator</span> <span class='ocrx_word' id='word_1_676' title='bbox 2043 4426 2118 4494; x_wconf 87' lang='lat' dir='ltr'>plebi</span> <span class='ocrx_word' id='word_1_677' title='bbox 2185 4430 2236 4485; x_wconf 87' lang='lat' dir='ltr'>tio·</span> 
     </span>
     <span class='ocr_line' id='line_1_50' title="bbox 223 4445 2234 4575; baseline 0.006 -37"><span class='ocrx_word' id='word_1_678' title='bbox 223 4498 275 4554; x_wconf 68' lang='lat' dir='ltr'>ret</span> <span class='ocrx_word' id='word_1_679' title='bbox 302 4511 338 4553; x_wconf 76' lang='lat' dir='ltr'>m</span> <span class='ocrx_word' id='word_1_680' title='bbox 365 4490 441 4555; x_wconf 73' lang='lat' dir='ltr'>fidei</span> <span class='ocrx_word' id='word_1_681' title='bbox 469 4491 645 4554; x_wconf 64' lang='lat' dir='ltr'>unitatem:</span> <span class='ocrx_word' id='word_1_682' title='bbox 680 4491 791 4575; x_wconf 73' lang='lat' dir='ltr'>ignavi</span> <span class='ocrx_word' id='word_1_683' title='bbox 819 4501 852 4555; x_wconf 71' lang='lat' dir='ltr'>st</span> <span class='ocrx_word' id='word_1_684' title='bbox 880 4490 975 4554; x_wconf 82' lang='lat' dir='ltr'>nlhrll</span> <span class='ocrx_word' id='word_1_685' title='bbox 1006 4510 1200 4555; x_wconf 77' lang='lat' dir='ltr'>susurrones</span> <span class='ocrx_word' id='word_1_686' title='bbox 1253 4509 1299 4546; x_wconf 91' lang='lat' dir='ltr'>sus</span> <span class='ocrx_word' id='word_1_687' title='bbox 1327 4491 1488 4546; x_wconf 88' lang='lat' dir='ltr'>lesurtarum</span> <span class='ocrx_word' id='word_1_688' title='bbox 1506 4491 1677 4546; x_wconf 83' lang='lat' dir='ltr'>adversarius</span> <span class='ocrx_word' id='word_1_689' title='bbox 1696 4492 1865 4547; x_wconf 86' lang='lat' dir='ltr'>sedCalvruo</span> <span class='ocrx_word' id='word_1_690' title='bbox 1884 4445 2234 4564; x_wconf 63' lang='lat' dir='ltr'>ethrusrmismdiiior,</span> 
     </span>
    </p>
   </div>
   <div class='ocr_carea' id='block_1_6' title="bbox 225 4533 2234 4660">
    <p class='ocr_par' dir='ltr' id='par_1_6' title="bbox 225 4533 2234 4660">
     <span class='ocr_line' id='line_1_51' title="bbox 225 4533 2234 4660; baseline 0.01 -22"><span class='ocrx_word' id='word_1_691' title='bbox 225 4593 301 4639; x_wconf 91' lang='lat' dir='ltr'>eum</span> <span class='ocrx_word' id='word_1_692' title='bbox 321 4573 397 4639; x_wconf 90' lang='lat' dir='ltr'>alibi</span> <span class='ocrx_word' id='word_1_693' title='bbox 419 4574 565 4660; x_wconf 87' lang='lat' dir='ltr'>indignis</span> <span class='ocrx_word' id='word_1_694' title='bbox 583 4576 775 4642; x_wconf 84' lang='lat' dir='ltr'>criminibus</span> <span class='ocrx_word' id='word_1_695' title='bbox 797 4576 987 4641; x_wconf 89' lang='lat' dir='ltr'>onerabant.</span> <span class='ocrx_word' id='word_1_696' title='bbox 1022 4573 1106 4656; x_wconf 79' lang='lat' dir='ltr'>Quis</span> <span class='ocrx_word' id='word_1_697' title='bbox 1124 4596 1199 4640; x_wconf 92' lang='lat' dir='ltr'>nos·</span> <span class='ocrx_word' id='word_1_698' title='bbox 1252 4576 1277 4614; x_wconf 68' lang='lat'>³·</span> <span class='ocrx_word' id='word_1_699' title='bbox 1296 4533 1365 4612; x_wconf 52' lang='lat'>1542</span> <span class='ocrx_word' id='word_1_700' title='bbox 1384 4560 1499 4629; x_wconf 63' lang='lat' dir='ltr'>⁰⁰¹¹⁰ssi⁰</span> <span class='ocrx_word' id='word_1_701' title='bbox 1517 4560 1703 4628; x_wconf 81' lang='lat' dir='ltr'>inquisitorum</span> <span class='ocrx_word' id='word_1_702' title='bbox 1722 4560 1875 4630; x_wconf 69' lang='lat' dir='ltr'>adsumptus</span> <span class='ocrx_word' id='word_1_703' title='bbox 1912 4562 1983 4616; x_wconf 82' lang='lat' dir='ltr'>inter</span> <span class='ocrx_word' id='word_1_704' title='bbox 2000 4562 2057 4617; x_wconf 74' lang='lat' dir='ltr'>alia</span> <span class='ocrx_word' id='word_1_705' title='bbox 2074 4564 2163 4620; x_wconf 57' lang='lat' dir='ltr'>“fidit</span> <span class='ocrx_word' id='word_1_706' title='bbox 2180 4581 2234 4622; x_wconf 51' lang='grc' dir='ltr'>Ψ·</span> 
     </span>
    </p>
   </div>
   <div class='ocr_carea' id='block_1_7' title="bbox 224 4603 2233 4769">
    <p class='ocr_par' dir='ltr' id='par_1_7' title="bbox 224 4603 2233 4769">
     <span class='ocr_line' id='line_1_52' title="bbox 224 4603 2233 4769; baseline 0.004 -23"><span class='ocrx_word' id='word_1_707' title='bbox 224 4658 1200 4743; x_wconf 48' lang='lat' dir='ltr'>amosias...].1‚........,..b.....</span> <span class='ocrx_word' id='word_1_708' title='bbox 1253 4603 2007 4764; x_wconf 46' lang='lat' dir='ltr'>masersualclriu·..rc</span> <span class='ocrx_word' id='word_1_709' title='bbox 2023 4628 2233 4769; x_wconf 67' lang='lat' dir='ltr'>tutus</span> 
     </span>
    </p>
   </div>
   <div class='ocr_carea' id='block_1_8' title="bbox 224 4745 2232 4916">
    <p class='ocr_par' dir='ltr' id='par_1_8' title="bbox 224 4745 2232 4916">
     <span class='ocr_line' id='line_1_53' title="bbox 224 4745 2232 4885; baseline 0.009 -78"><span class='ocrx_word' id='word_1_710' title='bbox 224 4764 336 4842; x_wconf 79' lang='lat' dir='ltr'>morsu</span> <span class='ocrx_word' id='word_1_711' title='bbox 364 4745 487 4844; x_wconf 81' lang='lat' dir='ltr'>famam</span> <span class='ocrx_word' id='word_1_712' title='bbox 508 4747 665 4847; x_wconf 81' lang='lat' dir='ltr'>postulet,</span> <span class='ocrx_word' id='word_1_713' title='bbox 695 4768 795 4846; x_wconf 83' lang='lat' dir='ltr'>quum</span> <span class='ocrx_word' id='word_1_714' title='bbox 822 4768 863 4811; x_wconf 90' lang='lat' dir='ltr'>ne</span> <span class='ocrx_word' id='word_1_715' title='bbox 891 4747 1033 4812; x_wconf 91' lang='lat' dir='ltr'>Paulum</span> <span class='ocrx_word' id='word_1_716' title='bbox 1068 4746 1201 4844; x_wconf 84' lang='lat' dir='ltr'>quidem</span> <span class='ocrx_word' id='word_1_717' title='bbox 1253 4762 1270 4817; x_wconf 82' lang='lat'><strong>5</strong></span> <span class='ocrx_word' id='word_1_718' title='bbox 1300 4781 1374 4885; x_wconf 49' lang='lat' dir='ltr'>segg.</span> <span class='ocrx_word' id='word_1_719' title='bbox 1401 4765 1480 4819; x_wconf 82' lang='lat' dir='ltr'>Hune</span> <span class='ocrx_word' id='word_1_720' title='bbox 1498 4764 1580 4844; x_wconf 79' lang='lat' dir='ltr'>talen</span> <span class='ocrx_word' id='word_1_721' title='bbox 1597 4767 1688 4846; x_wconf 77' lang='lat' dir='ltr'>virum¹</span> <span class='ocrx_word' id='word_1_722' title='bbox 1701 4764 1841 4846; x_wconf 75' lang='lat' dir='ltr'>designare</span> <span class='ocrx_word' id='word_1_723' title='bbox 1860 4766 2232 4853; x_wconf 74' lang='lat' dir='ltr'>voluisseOalvinumsupra</span> 
     </span>
     <span class='ocr_line' id='line_1_54' title="bbox 224 4831 2230 4916; baseline 0.01 -41"><span class='ocrx_word' id='word_1_724' title='bbox 224 4849 286 4895; x_wconf 60' lang='lat' dir='ltr'>gua</span> <span class='ocrx_word' id='word_1_725' title='bbox 306 4835 479 4912; x_wconf 50' lang='lat' dir='ltr'>magns„</span> <span class='ocrx_word' id='word_1_726' title='bbox 501 4838 600 4897; x_wconf 59' lang='lat' dir='ltr'><strong>tutan</strong></span> <span class='ocrx_word' id='word_1_727' title='bbox 622 4832 785 4914; x_wconf 50' lang='lat' dir='ltr'>pomosa?</span> <span class='ocrx_word' id='word_1_728' title='bbox 817 4832 898 4909; x_wconf 90' lang='lat' dir='ltr'>Imo,</span> <span class='ocrx_word' id='word_1_729' title='bbox 922 4831 1007 4916; x_wconf 71' lang='lat' dir='ltr'>quod</span> <span class='ocrx_word' id='word_1_730' title='bbox 1030 4853 1066 4897; x_wconf 71' lang='lat' dir='ltr'>ss</span> <span class='ocrx_word' id='word_1_731' title='bbox 1087 4832 1202 4898; x_wconf 69' lang='lat' dir='ltr'>fsfflsss</span> <span class='ocrx_word' id='word_1_732' title='bbox 1254 4849 1316 4901; x_wconf 87' lang='lat' dir='ltr'>pag.</span> <span class='ocrx_word' id='word_1_733' title='bbox 1390 4832 1579 4902; x_wconf 85' lang='lat' dir='ltr'>praecedentis</span> <span class='ocrx_word' id='word_1_734' title='bbox 1588 4833 1740 4903; x_wconf 81' lang='lat' dir='ltr'>voluminis,</span> <span class='ocrx_word' id='word_1_735' title='bbox 1758 4834 1880 4904; x_wconf 85' lang='lat' dir='ltr'>adeoque</span> <span class='ocrx_word' id='word_1_736' title='bbox 1889 4843 1983 4891; x_wconf 78' lang='lat' dir='ltr'>notam</span> <span class='ocrx_word' id='word_1_737' title='bbox 2000 4844 2124 4893; x_wconf 69' lang='lat' dir='ltr'>normam</span> <span class='ocrx_word' id='word_1_738' title='bbox 2132 4841 2170 4896; x_wconf 78' lang='lat' dir='ltr'>rbi</span> <span class='ocrx_word' id='word_1_739' title='bbox 2186 4856 2230 4908; x_wconf 82' lang='lat' dir='ltr'>ap·</span> 
     </span>
    </p>
   </div>
   <div class='ocr_carea' id='block_1_9' title="bbox 224 4902 1933 5040">
    <p class='ocr_par' dir='ltr' id='par_1_9' title="bbox 224 4902 1933 5040">
     <span class='ocr_line' id='line_1_55' title="bbox 224 4902 1933 5040; baseline 0.002 -60"><span class='ocrx_word' id='word_1_740' title='bbox 224 4920 367 4980; x_wconf 85' lang='lat' dir='ltr'>testatur</span> <span class='ocrx_word' id='word_1_741' title='bbox 388 4915 422 4998; x_wconf 88' lang='grc'>(2</span> <span class='ocrx_word' id='word_1_742' title='bbox 445 4913 519 4981; x_wconf 76' lang='lat' dir='ltr'>(lor.</span> <span class='ocrx_word' id='word_1_743' title='bbox 540 4923 568 4995; x_wconf 86' lang='lat'>6,</span> <span class='ocrx_word' id='word_1_744' title='bbox 590 4917 636 5000; x_wconf 87' lang='grc'>8),</span> <span class='ocrx_word' id='word_1_745' title='bbox 658 4939 834 5002; x_wconf 85' lang='lat' dir='ltr'>pergamus</span> <span class='ocrx_word' id='word_1_746' title='bbox 856 4919 993 4986; x_wconf 75' lang='lat' dir='ltr'>infracto</span> <span class='ocrx_word' id='word_1_747' title='bbox 1015 4919 1124 4982; x_wconf 91' lang='lat' dir='ltr'>animo</span> <span class='ocrx_word' id='word_1_748' title='bbox 1142 4938 1202 5000; x_wconf 88' lang='lat' dir='ltr'>per</span> <span class='ocrx_word' id='word_1_749' title='bbox 1251 4902 1933 5040; x_wconf 46' lang='grc' dir='ltr'>Ρθῦῑξζῃᾳξιῖξῃξξὲξξῗοῗῦῐῗίἐξξῖζέξξέῗὲἓέ·</span> 
     </span>
    </p>
   </div>
   <div class='ocr_carea' id='block_1_10' title="bbox 295 5036 2224 5178">
    <p class='ocr_par' dir='ltr' id='par_1_10' title="bbox 295 5036 2224 5178">
     <span class='ocr_line' id='line_1_56' title="bbox 1323 5036 2224 5113; baseline 0.008 -22"><span class='ocrx_word' id='word_1_750' title='bbox 1323 5036 1353 5102; x_wconf 88' lang='grc'>3)</span> <span class='ocrx_word' id='word_1_751' title='bbox 1373 5038 1445 5092; x_wconf 74' lang='grc' dir='ltr'>ΔΜ.</span> <span class='ocrx_word' id='word_1_752' title='bbox 1465 5039 1538 5092; x_wconf 84' lang='lat' dir='ltr'>Briel</span> <span class='ocrx_word' id='word_1_753' title='bbox 1558 5039 1590 5092; x_wconf 89' lang='lat' dir='ltr'>ils</span> <span class='ocrx_word' id='word_1_754' title='bbox 1613 5039 1673 5091; x_wconf 84' lang='lat' dir='ltr'>tout</span> <span class='ocrx_word' id='word_1_755' title='bbox 1695 5056 1747 5093; x_wconf 83' lang='lat' dir='ltr'>uns</span> <span class='ocrx_word' id='word_1_756' title='bbox 1765 5039 1892 5093; x_wconf 86' lang='lat' dir='ltr'>devotion</span> <span class='ocrx_word' id='word_1_757' title='bbox 1912 5041 1945 5096; x_wconf 83' lang='lat' dir='ltr'>de</span> <span class='ocrx_word' id='word_1_758' title='bbox 1964 5043 2062 5097; x_wconf 77' lang='lat' dir='ltr'>mentis</span> <span class='ocrx_word' id='word_1_759' title='bbox 2079 5060 2150 5113; x_wconf 92' lang='lat' dir='ltr'>pour</span> <span class='ocrx_word' id='word_1_760' title='bbox 2167 5044 2224 5098; x_wconf 85' lang='lat' dir='ltr'>hieu</span> 
     </span>
     <span class='ocr_line' id='line_1_57' title="bbox 295 5100 1977 5178; baseline 0.007 -26"><span class='ocrx_word' id='word_1_761' title='bbox 295 5100 324 5168; x_wconf 95' lang='lat' dir='ltr'>l)</span> <span class='ocrx_word' id='word_1_762' title='bbox 343 5108 538 5171; x_wconf 86' lang='lat' dir='ltr'>attrompanoe.</span> <span class='ocrx_word' id='word_1_763' title='bbox 1255 5108 1395 5163; x_wconf 88' lang='lat' dir='ltr'>maintenir</span> <span class='ocrx_word' id='word_1_764' title='bbox 1413 5107 1472 5162; x_wconf 87' lang='lat' dir='ltr'>leur</span> <span class='ocrx_word' id='word_1_765' title='bbox 1490 5107 1535 5176; x_wconf 86' lang='lat' dir='ltr'>foy</span> <span class='ocrx_word' id='word_1_766' title='bbox 1554 5106 1717 5177; x_wconf 73' lang='lat' dir='ltr'>carnotique,</span> <span class='ocrx_word' id='word_1_767' title='bbox 1734 5107 1811 5178; x_wconf 83' lang='lat' dir='ltr'>qu&#39;ils</span> <span class='ocrx_word' id='word_1_768' title='bbox 1830 5108 1977 5178; x_wconf 76' lang='lat' dir='ltr'>appellent.</span> 
     </span>
    </p>
   </div>
   <div class='ocr_carea' id='block_1_11' title="bbox 0 0 2323 5892">
    <p class='ocr_par' dir='ltr' id='par_1_11' title="bbox 0 0 2323 5892">
     <span class='ocr_line' id='line_1_58' title="bbox 0 0 2323 5892; baseline 0 0"><span class='ocrx_word' id='word_1_769' title='bbox 0 0 2323 5892; x_wconf 95' lang='lat' dir='ltr'> </span> 
     </span>
    </p>
   </div>
  </div>
 </body>
</html>
