4620 5894
891 208 1160 277 Ruruuaulo
1182 208 1418 279 ussaoauu

210 603 513 674 CLARISSIMIS
536 600 774 681 SYNDIOIS,
804 602 864 668 ΕΤ
885 599 1182 669 AMPLISSIMO
1211 601 1416 688 suanum
1440 600 1740 669 GENEVENSIS
1762 600 2101 685 summonte,

717 686 920 755 DOMINIS
943 686 1143 754 noerius
1166 686 1582 771 conunnlssrulsa)

233 920 310 995 [pag.
325 919 396 992 tae]
420 911 455 979 S.
469 913 508 978 P.
522 912 719 994 Accepimus
730 932 788 994 per
809 911 898 978 bunc
915 911 1125 977 tabellionem
1175 910 1298 990 lorum,
1326 912 1393 977 imo
1422 918 1456 977 et
1482 911 1766 995 prophetarum)
1793 912 1960 979 catholiea
1986 922 2024 978 et
2049 914 2157 979 ortbo-

145 1001 258 1068 literas
280 997 520 1083 Amplitudinis
541 1006 671 1063 vestrae
698 1018 863 1064 unacum
885 998 969 1063 libro
991 995 1124 1064 Serveti
1176 995 1263 1063 doxa
1285 998 1467 1063 retinuerat
1487 998 1633 1064 ccclesia.
1679 997 1778 1087 qud
1806 1019 1886 1083 crgo
1909 997 2077 1065 Servatus
2097 999 2157 1065 Hi·

146 1096 182 1153 et
213 1086 362 1153 articulis
393 1106 437 1151 ex
475 1084 547 1167 ipso
580 1084 798 1166 consignatis,
838 1104 914 1149 cum
952 1083 1124 1150 collatione
1175 1105 1300 1167 spanus
1316 1083 1499 1148 trinitatem
1517 1094 1724 1149 coaeternam
1736 1082 1800 1148 Dei
1818 1085 1944 1167 triceps
1961 1094 2156 1163 monstrum,

145 1172 269 1255 scripta
308 1191 369 1255 per
396 1168 669 1254 Amplitudinisb)
702 1176 833 1235 vestrae
866 1169 1123 1247 concionatores,
1176 1191 1214 1235 ac
1236 1168 1420 1235 Cerberum
1448 1168 1614 1252 quendem
1648 1170 1867 1252 tripartitum,
1904 1170 2054 1254 denique
2082 1170 2156 1237 deos

146 1259 265 1325 fratros
291 1266 422 1323 nostros
451 1255 658 1321 venerabiles
679 1263 713 1319 et
733 1274 841 1333 caros,
871 1264 905 1321 ct
925 1254 1122 1321 Michaelem
1175 1255 1403 1339 imaginarios,
1431 1254 1613 1334 illusiones,
1643 1275 1681 1320 ac
1707 1264 1777 1321 tres
1804 1256 1942 1339 spiritus
1970 1256 2158 1322 daemonio-

147 1343 335 1411 Servetum.
379 1346 429 1408 Ac
449 1341 607 1424 quoniam
628 1340 687 1404 illa
706 1343 816 1407 omnia
838 1362 858 1404 a
878 1340 973 1405 nobis
995 1340 1122 1421 inspici,
1175 1361 1251 1404 rum
1279 1340 1465 1423 appellitat,
1496 1350 1665 1406 aeternam
1686 1340 1751 1406 Dei
1780 1342 1991 1407 maiestatem
2021 1341 2159 1408 nefande

146 1428 323 1515 diligenter
344 1426 572 1511 expendereni
601 1434 635 1491 ct
654 1434 806 1491 nostrum
828 1426 869 1491 de
892 1426 944 1490 bis
966 1426 1123 1491 iudicium
1175 1436 1209 1491 et
1252 1426 1453 1492 horribiliter
1502 1426 1716 1510 blasphemat
1779 1426 1877 1507 Quod
1921 1426 2156 1507 Athanasium,

147 1514 289 1582 adiicere
306 1514 411 1597 pietas
429 1512 738 1595 vestrapostularit,
761 1511 1123 1596 Amplitudinivestrae
1174 1512 1416 1596 Augustinnm,
1441 1518 1475 1577 ct
1495 1512 1576 1578 alios
1598 1513 1661 1577 Dei
1685 1533 1798 1578 servos
1819 1513 1974 1593 eximios,
1998 1513 2157 1579 illustria-

146 1622 274 1667 morom
295 1604 460 1685 gerentes,
488 1598 567 1681 quid
593 1597 633 1663 de
660 1605 727 1662 toto
750 1598 812 1663 hoc
833 1598 964 1682 negotio
986 1597 1123 1663 unitatis
1175 1618 1239 1680 qne
1261 1597 1417 1663 ecclesiae
1437 1597 1580 1678 lumina,
1609 1598 1792 1663 trinitarios
1813 1608 1913 1681 atque
1935 1597 2022 1664 adeo
2043 1600 2156 1665 atheos

147 1695 182 1752 et
202 1686 361 1752 trinitatis
382 1682 457 1763 Dei,
480 1684 619 1767 denique
641 1684 682 1749 de
704 1684 763 1748 tilii
780 1685 845 1749 Dei
866 1684 1026 1768 mysterio
1048 1704 1122 1748 son·
1175 1692 1344 1767 nuncupat
1371 1684 1434 1767 (ita
1462 1684 1692 1750 enimomnes
1725 1684 1910 1749 trinitatem
1938 1694 2157 1769 agnescentes

146 1774 271 1838 tiamue
306 1778 341 1837 et
371 1770 558 1847 doceamus,
589 1790 627 1835 ac
654 1770 734 1852 quid
764 1770 805 1835 de
838 1770 1061 1835 controversia
1089 1776 1149 1833 et.
1176 1769 1369 1852 appellant)
1400 1790 1466 1834 non
1502 1769 1576 1835 illos
1609 1778 1754 1849 tantum,
1786 1770 1845 1835 sed
1875 1777 1987 1835 totum
2021 1770 2156 1837 chorum

147 1858 277 1941 scriptis
311 1856 540 1921 ministrorum
573 1855 728 1921 ccclesiae
762 1864 890 1921 vostrae
925 1864 959 1921 ct
991 1853 1124 1920 Servati
1146 1854 1149 1899 ÷
1174 1864 1380 1934 sanctornm,
1403 1854 1549 1938 adeoque
1578 1862 1681 1920 totam
1699 1856 1825 1922 Christi
1852 1856 2030 1922 ecclesiam
2051 1858 2156 1922 infan-

146 1942 343 2017 iudioemus,
365 1949 490 2026 quanta
510 1963 683 2024 possumus
705 1943 868 2007 brevitate
888 1950 923 2006 ct
942 1941 1122 2024 perspicui·
1175 1941 1258 2016 disc)
1280 1960 1313 2007 ct
1331 1963 1396 2005 non
1418 1940 1562 2006 ferendis
1582 1942 1739 2008 conviciis
1760 1942 1994 2026 indignissime
2011 1944 2157 2025 prosein-

145 2038 224 2110 tate,
247 2027 470 2112 Amplitudini
492 2034 634 2103 vestrae,
664 2027 737 2092 Deo
765 2029 914 2105 iuvante,
945 2027 1122 2109 explicabi·
1175 2025 1231 2091 dit.
1277 2026 1544 2092 Abominandum
1574 2049 1652 2091 vero
1678 2027 1761 2091 illud
1789 2049 1860 2093 esse
1882 2028 2020 2093 videtur
2040 2030 2080 2093 in
2103 2029 2158 2093 ho·

145 2138 230 2181 mus.
275 2115 475 2199 Mysterium
504 2112 708 2177 adorandum
740 2115 876 2179 unitatis
902 2122 937 2177 et
964 2113 1123 2177 trinitatis
1147 2180 1150 2189 ,
1174 2113 1264 2177 mine
1285 2113 1423 2191 infelici,
1452 2113 1538 2196 quod
1560 2112 1759 2177 Iudaeorum
1782 2134 1910 2196 quoque
1932 2114 2157 2197 blasphemias

146 2202 212 2268 Dei
229 2200 392 2267 benedicti
409 2202 445 2264 in
463 2199 604 2277 saecula,
622 2200 707 2263 nihil
724 2198 913 2264 dubitamus
930 2198 971 2263 ab
989 2197 1124 2263 exordio
1147 2216 1150 2261 ἱ
1174 2198 1209 2262 in
1231 2198 1446 2264 christianam
1468 2198 1662 2283 religionem
1689 2200 1810 2264 offusae
1832 2208 1981 2280 excusat,
2012 2208 2048 2265 ct
2068 2199 2157 2266 foeda

147 2286 264 2353 mundi
285 2287 326 2351 ab
344 2286 496 2350 omnibus
514 2286 638 2350 sanctis
655 2297 689 2350 et
706 2284 868 2350 creditum
886 2306 958 2350 csso
975 2284 1124 2363 firmiter,
1147 2280 1151 2351 i
1176 2284 1256 2349 haee
1278 2284 1481 2349 Mahumetis
1507 2283 1623 2361 verba,
1651 2293 1719 2350 tres
1746 2286 1782 2349 in
1810 2286 1963 2350 trinitate
1990 2306 2155 2369 personas,

147 2384 182 2438 et
203 2373 343 2455 postoris
365 2370 565 2436 credendum
590 2370 730 2435 fideliter
751 2368 926 2449 traditum,
955 2368 1013 2435 sed
1034 2370 1124 2434 etin
1148 2382 1151 2451 ζ
1175 2369 1244 2449 vel,
1267 2380 1306 2435 ut
1326 2371 1396 2453 ipsc
1416 2370 1477 2448 ait,
1501 2380 1568 2435 tres
1591 2370 1668 2435 deos
1689 2372 1838 2453 patribus
1860 2376 1873 2449 l
1894 2397 1934 2449 ag.
1961 2376 2038 2451 127]
2061 2374 2156 2438 fuisse

148 2460 329 2541 scripturas
347 2457 520 2521 manifeste
538 2456 687 2533 relatum,
711 2456 866 2539 aspiritu
888 2464 999 2521 sancto
1021 2455 1123 2538 inspi·
1148 2458 1151 2541 j
1175 2457 1368 2541 incognitos,
1378 2463 1406 2531 d)
1437 2464 1470 2521 ot
1502 2476 1574 2521 esse
1601 2456 1685 2521 filios
1706 2398 1906 2533 Beelzebub,
1941 2458 2110 2540 approbat
2129 2470 2156 2522 et

149 2544 231 2610 ratis
266 2541 439 2608 veracibus
479 2540 656 2624 prophetis.
717 2542 790 2606 Hoc
825 2563 903 2626 crgo
940 2541 1124 2625 theologiae
1148 2544 1151 2639 ξ
1176 2543 1311 2608 extollit.
1357 2542 1447 2623 Quid
1463 2562 1544 2606 vcro
1566 2541 1726 2624 potuisset
1747 2542 1787 2606 ab
1809 2543 1872 2607 boc
1893 2543 2033 2609 homine
2056 2544 2156 2627 magis

149 2650 249 2697 verae
270 2628 469 2712 principium
491 2636 525 2691 ct
547 2636 646 2709 caput
666 2628 713 2690 ita
731 2638 781 2691 est
802 2628 1049 2710 comprobatum
1059 2628 1124 2693 Dei
1148 2650 1151 2699 ῑ
1175 2631 1313 2713 impirmr
1346 2630 1381 2693 in
1412 2627 1538 2707 Deum,
1577 2636 1611 2691 et
1648 2627 1815 2710 indignius
1852 2630 1888 2692 in
1924 2629 2156 2694 intemeratam

148 2716 300 2793 oraculis,
322 2715 371 2779 ita
392 2715 623 2779 confirmatum
640 2714 848 2778 evidentibus
870 2714 983 2797 signis,
1005 2714 1124 2777 unani·
1148 2704 1151 2751 Ι
1175 2714 1274 2779 fidem
1303 2716 1517 2780 christianam
1549 2713 1688 2797 exspui?
1740 2713 1851 2794 Quae,
1879 2715 2034 2792 obsecro,
2067 2737 2156 2781 aures

149 2802 261 2885 mique
289 2801 503 2865 consensione
531 2807 700 2882 receptum
727 2822 748 2863 a
774 2799 934 2865 catholica
958 2811 991 2864 ct
1012 2799 1123 2864 ortho·
1148 2808 1151 2823 '
1176 2801 1376 2866 christianae
1399 2802 1463 2865 ista
1483 2800 1646 2883 patienter
1668 2798 1826 2863 audiant?

149 2887 281 2966 donat)
302 2894 371 2951 tam
393 2887 514 2951 veteris
541 2907 642 2969 quam
665 2888 743 2951 novi
764 2886 955 2950 testamenti
978 2885 1123 2964 ccclesia,
1148 2868 1151 2941 ἷ
1262 2885 1315 2951 De
1341 2886 1409 2950 filio
1431 2884 1496 2950 Dei
1526 2884 1731 2950 concorditer
1757 2883 1896 2951 credidit
1917 2892 1954 2949 et
1977 2884 2092 2951 docuit
2111 2908 2155 2952 ee·

148 2983 188 3039 ut
208 2975 316 3056 ipsum
347 2972 403 3037 vel
430 2972 467 3035 in
494 2972 719 3053 quaestionem
742 2992 860 3037 vocare
881 2971 973 3036 nefas
995 2992 1125 3053 semper
1148 2990 1152 3139 Ι
1176 2972 1276 3037 clesia
1297 2973 1378 3051 Dei,
1409 2972 1449 3036 ab
1471 2971 1565 3034 initio
1588 2968 1765 3035 subsistere
1786 2971 1882 3035 illum
1904 2972 1947 3036 ab
1971 2984 2110 3037 aeterno
2127 2972 2155 3036 in

147 3060 248 3125 fuerit
274 3058 464 3123 iudicatum.
508 3059 669 3123 Fatemur
698 3059 809 3141 itaque
842 3078 916 3122 cum
949 3062 1063 3121 sancta
1091 3066 1125 3122 et
1175 3059 1308 3141 propria
1329 3058 1508 3144 hypostasi.
1553 3055 1626 3121 Hoc
1649 3057 1736 3120 enim
1754 3055 1850 3122 docta
1870 3058 1983 3121 fuerat
2001 3078 2046 3122 ex
2064 3058 2155 3123 verbo

150 3145 330 3211 universali
352 3145 416 3209 Dei
436 3143 589 3222 ecclesia,
621 3164 722 3208 unam
749 3165 821 3209 esse
842 3142 909 3208 Dei
937 3144 1123 3223 essentiam,
1175 3144 1249 3223 Dei,
1272 3144 1417 3210 Domino
1438 3145 1510 3227 ipso
1532 3142 1737 3225 apertissime
1759 3143 1794 3205 in
1816 3143 1993 3225 cvangelio
2016 3142 2154 3210 dicente:

148 3247 216 3297 tres
237 3251 395 3314 personas
417 3229 598 3309 distinctas,
621 3252 688 3295 non
710 3230 870 3296 confusas.
911 3229 1014 3294 Pater
1035 3229 1124 3294 enim
1175 3232 1364 3314 Antequam
1386 3228 1555 3295 Abraham
1578 3236 1671 3307 esset,
1696 3248 1757 3312 ego
1780 3249 1869 3292 sum:
1894 3228 2031 3307 (Ioann.
2057 3235 2087 3308 8,
2106 3230 2154 3311 58)

150 3317 190 3383 de
212 3317 311 3383 ocche
332 3316 511 3381 testificans
535 3322 607 3395 [pag.
635 3322 709 3396 126]
733 3315 773 3380 do
794 3316 862 3381 filio
884 3337 956 3381 suo:
986 3314 1052 3381 Hic
1075 3326 1125 3381 est
1175 3318 1288 3399 utique
1307 3315 1492 3381 substantia
1509 3335 1575 3378 non
1593 3314 1701 3379 carnis
1720 3311 1862 3396 quidem,
1886 3313 1945 3379 sed
1965 3314 2153 3381 divinitatis

145 3405 234 3468 filius
262 3423 356 3466 meus
385 3401 533 3480 dilectus,
562 3403 678 3485 inquit,
711 3403 746 3465 in
769 3423 833 3485 quo
861 3402 1010 3484 placatus
1038 3423 1121 3465 sum.
1175 3403 1275 3467 quta
1293 3423 1392 3485 quam
1413 3400 1579 3484 apostolus
1601 3399 1717 3475 (Hebr.
1742 3404 1766 3477 l,
1787 3404 1821 3477 3)
1839 3399 1936 3464 illum
1956 3398 2076 3476 dixite)
2093 3420 2155 3466 csse

146 3490 254 3554 Filius
283 3489 312 3552 is
340 3494 390 3552 cst
417 3489 468 3551 eui
497 3488 574 3552 tulit
601 3497 696 3570 pater
717 3490 956 3553 testimonium:
986 3489 1122 3570 spiritus
1175 3510 1364 3571 expressam
1409 3487 1589 3570 imaginem
1634 3485 1838 3550 substantiae
1883 3494 2064 3567 paternae:
2108 3486 2154 3551 nbi

147 3584 282 3640 sanctus
304 3594 382 3637 vero
403 3574 438 3637 in
460 3574 568 3656 specie
590 3575 742 3657 apparuit
763 3574 941 3652 columbae,
962 3584 1030 3637 tres
1051 3575 1122 3655 qui·
1174 3574 1273 3639 simul
1301 3572 1384 3638 illud
1413 3595 1454 3638 cx
1481 3572 1587 3637 veteri
1615 3571 1779 3653 scriptura
1808 3572 1887 3636 citat
1914 3573 2153 3638 testimonium:

145 3660 222 3725 dem
253 3658 425 3723 distinctae
453 3659 489 3722 in
517 3680 586 3723 una
612 3661 756 3724 essentia
788 3659 919 3723 <livinae
953 3680 1119 3741 personae.
1147 3700 1150 3761 Ι
1174 3661 1280 3724 Filius
1308 3682 1401 3724 meus
1429 3682 1464 3723 es
1492 3666 1546 3737 tu,
1576 3677 1637 3740 ogo
1659 3657 1756 3721 hodie
1777 3657 1877 3740 genui
1900 3664 1934 3721 te
1959 3656 2054 3742 (ibid.
2079 3681 2107 3722 r.
2130 3662 2152 3721 5.

143 3747 365 3811 Emerserunt
415 3743 547 3826 quidem
600 3754 676 3808 ante
731 3746 903 3809 concilium
958 3745 1121 3809 Niccnnm
1146 3770 1149 3817 ι
1174 3746 1262 3811 Psal.
1298 3750 1327 3823 2,
1358 3746 1402 3829 7).
1457 3744 1523 3807 Hic
1556 3743 1643 3807 filius
1677 3744 1733 3824 qui
1766 3754 1817 3807 eet
1849 3743 1890 3807 ab
1924 3753 2066 3810 aeterno
2098 3742 2153 3810 Dei

144 3832 302 3906 Praxeae,
325 3830 475 3894 Noethus
498 3839 531 3893 et
553 3828 727 3908 Sabellius,
751 3831 917 3895 veteribus
939 3831 1121 3912 nuncupati
1146 3844 1150 3911 ς
1172 3831 1275 3909 filius,
1298 3833 1391 3913 Deus
1424 3851 1537 3907 verus,
1572 3830 1608 3893 in
1630 3837 1777 3911 temporo
1799 3830 1904 3893 lactus
1935 3840 1988 3894 est
2018 3831 2154 3896 hominis

143 3917 429 4000 Patripassiani,e)
450 3916 507 3998 qui
525 3915 769 3981 distinctionem
787 3937 1000 3999 personarum
1023 3937 1121 3999 prop·
1147 3914 1149 3923 '
1173 3918 1277 3996 filius,
1311 3918 1409 3980 homo
1438 3937 1550 3981 verus:
1586 3922 1685 3979 natus
1713 3935 1778 3978 non
1806 3935 1846 3978 cx
1881 3915 2073 3981 substantia
2099 3916 2152 3982 Dei

144 4012 196 4069 ter
217 4004 380 4067 unitatem
403 4001 468 4065 Dei
490 4001 749 4066 conservandam
772 4002 1024 4067 confundebant.
1054 4001 1122 4067 Sed
1146 4020 1149 4025 '
1175 4005 1290 4086 patris,
1324 4002 1381 4067 scd
1413 4025 1456 4068 cx
1488 4001 1671 4066 substantia
1699 4000 1826 4065 Mariae
1857 4001 2000 4082 virginis
2036 4003 2152 4075 matris,

144 4090 239 4155 docte
261 4098 294 4153 ct
315 4087 587 4171 irrefragabiliter
609 4087 799 4171 evigilibus
822 4089 976 4153 ecclesiae
998 4090 1121 4171 praesi-
1146 4104 1149 4171 ξ
1173 4110 1270 4172 quam
1292 4090 1385 4154 Deus
1413 4088 1530 4170 spiritu
1558 4108 1616 4150 suo
1644 4086 1837 4151 foecundam
1860 4085 2048 4165 reddidit-,c
2077 4087 2153 4154 unde

144 4175 241 4241 dibus
263 4182 342 4240 sunt
363 4174 533 4251 confutati,
558 4173 793 4256 scripturisque
811 4182 1065 4257 propugnatum,
1089 4184 1122 4238 ct
1146 4176 1149 4205 ²
1172 4175 1261 4240 filius
1283 4175 1348 4253 illc,
1372 4182 1406 4237 et
1427 4193 1541 4239 semen
1560 4171 1768 4237 benedictum
1785 4171 1948 4249 mulieris,
1972 4184 2008 4237 et
2025 4195 2151 4258 germen

143 4263 180 4326 in
200 4260 338 4327 ecclesia
365 4270 597 4324 conservatum
625 4259 830 4324 adorandum
856 4261 964 4325 trinae
987 4262 1122 4324 unitatis
1173 4261 1321 4338 Davidis,
1345 4267 1379 4324 et
1397 4260 1485 4324 filius
1507 4258 1650 4322 bominis
1674 4257 1865 4339 appellatur.
1907 4259 2029 4324 Manet
2052 4272 2152 4325 autem

143 4348 209 4413 Dei
231 4346 438 4431 mysterium.
483 4345 581 4410 Unde
609 4352 735 4410 certum
763 4354 814 4411 cst
841 4347 876 4409 in
904 4346 1040 4411 concilio
1063 4347 1122 4410 Ni·
1174 4349 1209 4411 in
1238 4368 1306 4411 una
1335 4346 1478 4411 indivisa
1505 4364 1658 4427 porsena,
1695 4344 1842 4407 retinens
1873 4352 1988 4409 tamen
2024 4356 2151 4410 naturas

143 4454 223 4498 ceno
253 4432 408 4499 ecclcsiae
436 4430 604 4515 praesides
637 4454 702 4496 non
731 4432 819 4496 aliud
855 4431 948 4497 nobis
976 4432 1123 4517 symbolo
1177 4432 1259 4497 duas
1287 4432 1529 4514 impermixtae,
1558 4438 1616 4494 aut
1637 4429 1843 4507 inconfusas,
1868 4429 2021 4496 divinam
2045 4442 2079 4497 ct
2099 4433 2151 4495 bn·

144 4519 274 4585 condito
296 4518 481 4595 tradidisse,
504 4538 603 4600 quam
621 4518 708 4600 quod
730 4538 749 4581 a
771 4517 973 4600 temporibus
992 4528 1120 4601 aposto·
1175 4526 1352 4595 manamg)
1395 4518 1435 4581 Id
1464 4515 1549 4599 quod
1579 4514 1658 4579 adeo
1680 4515 1863 4598 perspicuis
1896 4524 1930 4581 et
1953 4517 2151 4585 evidentibus

1246 4725 1275 4783 a)
1294 4725 1347 4776 imo
1366 4728 1394 4774 ct
1412 4722 1608 4789 prophetarum
1625 4737 1676 4773 om.
1698 4720 1804 4775 Gallae.

213 4792 243 4851 a)
265 4790 397 4844 Collatum
416 4808 476 4845 cum
493 4793 664 4860 autographo
682 4793 713 4845 ia
727 4792 810 4846 Areb.
827 4808 918 4860 peace.
938 4798 1087 4847 macrore.
1148 4832 1152 4845 .
1246 4794 1277 4857 b)
1299 4791 1486 4844 Perentbcaim
1503 4789 1575 4844 banc
1593 4806 1643 4844 om.
1663 4789 1769 4844 Gallae.

213 4859 245 4921 bl
264 4875 313 4925 per
331 4868 437 4913 vestros
455 4862 659 4916 concionatores
677 4861 738 4916 edd.
1148 4852 1153 4953 j
1246 4864 1274 4924 c)
1292 4859 1415 4913 nefandis
1433 4858 1494 4911 edd.

214 4928 242 4991 c)
261 4928 376 4993 expendi
394 4929 454 4982 edd.
1248 4929 1304 4992 d)i
1344 4936 1404 4983 ctos
1421 4927 1481 4981 edd.

214 4995 245 5059 d)
265 5002 293 5048 et
311 4996 463 5050 orthodoxa
481 5012 532 5051 om.
551 4997 622 5052 Gall.
641 4999 686 5052 bic
701 5007 727 5053 et
745 4999 830 5065 infra.
1247 5000 1276 5062 e)
1321 4995 1371 5050 'dd
1390 4997 1461 5049 dicit.

215 5069 243 5129 e]
264 5062 336 5116 Actu.
356 5063 476 5119 d'autant
499 5082 551 5133 que
575 5068 651 5121 selon
668 5068 728 5122 leur
746 5069 888 5136 phantasia
913 5068 938 5122 le
957 5067 1025 5122 Pare
1052 5068 1125 5121 croit
1247 5066 1272 5131 f)
1291 5082 1308 5119 a
1325 5065 1410 5118 rende
1429 5064 1517 5119 fertile
1536 5081 1606 5133 pour
1624 5065 1774 5119 coneevoir.

145 5131 260 5189 eouffert
277 5148 379 5187 comme
398 5133 423 5186 le
442 5134 510 5188 l'ils.
1247 5139 1277 5199 g)
1296 5135 1412 5187 divinam
1430 5140 1458 5188 ct
1474 5134 1616 5187 humanam
1634 5149 1684 5187 om.
1706 5132 1777 5186 Gali
