4620 5894
143 238 210 307 5¹19
896 228 1167 299 REFUTATIO
1188 229 1423 299 ERRORU'M
2111 229 2172 295 ose

142 426 192 495 lis
219 424 264 491 sit
289 421 428 489 solutio:
452 418 680 489 Tertullianus
715 418 806 485 enim
838 414 982 505 perfecte
1016 426 1134 484 natum
1187 420 1228 487 ab
1249 420 1321 503 ipso
1342 418 1549 504 intelligitur,
1571 419 1600 485 si
1621 418 1711 483 tilius
1732 438 1809 483 eum
1829 422 1930 517 patre
1951 416 2121 495 miscetur,
2140 426 2171 483 et

145 532 218 579 esse
241 528 429 576 sermonem
450 506 582 583 assent,
605 504 760 589 quiante
782 524 902 573 aream
923 503 1021 571 modo
1041 504 1133 588 geni·
1184 512 1279 591 pater
1297 526 1371 571 eum
1388 506 1518 589 spiritu,
1531 508 1557 589 ¹)
1576 512 1616 569 ut
1631 502 1724 569 nulla
1743 504 1789 569 sit
1804 500 1986 579 distinctio,
2006 500 2067 567 sed
2082 502 2171 569 Deus

145 606 203 663 tus
230 604 318 663 erat:
351 592 450 659 sicuti
482 592 610 657 Paulus
642 590 819 657 (lhristum
851 592 1002 676 genitum
1032 590 1134 655 fuisse
1186 614 1222 659 ee
1250 592 1286 656 in
1316 592 1412 655 varia
1444 592 1580 656 nomina
1614 588 1842 675 transfiguret
1886 579 1965 655 Hoe
1994 608 2065 653 une
2091 586 2172 655 dieto

147 680 243 762 dicit,
279 701 380 765 quum
414 677 546 744 coelesti
574 678 723 761 potentia
754 676 942 743 declaratus
976 677 1040 741 luit
1067 674 1134 743 Dei
1186 676 1357 744 coniicitur
1379 674 1553 743 Servatus:
1575 697 1611 743 se
1632 682 1746 741 tamen
1767 673 1891 759 attingi
1912 682 2029 759 negat.
2039 676 2069 751 α)
2096 674 2172 741 Ter·

145 766 246 835 filius.
290 764 420 833 Sensus
449 772 500 831 est
524 762 629 849 igitur
668 784 868 843 sermonem,
897 762 953 846 qui
987 762 1134 829 occultus
1186 762 1344 829 tullianus
1365 762 1454 829 clare
1474 763 1593 828 asserit·
1613 768 1741 845 patrem
1763 782 1829 827 non
1851 760 1928 825 fieri
1949 758 2118 827 visibilem
2138 760 2173 827 in

145 850 275 921 latebat
301 850 390 935 apud
410 848 537 929 Deum,
560 850 681 916 effectu
701 850 773 933 ipso
792 857 873 915 tunc
894 848 1005 933 palam
1027 868 1133 913 emer·
1185 850 1252 915 filio
1275 869 1432 933 personae
1453 848 1809 931 repraesentationez⁸l
1830 867 1868 913 aa
1887 846 2013 911 deinde
2030 846 2172 931 exponit,

147 938 241 1007 sisse
285 935 361 1018 Quo
393 934 479 1001 nihil
504 932 547 1001 ad
580 934 658 1000 lidci
688 942 822 1001 nostrae
852 935 1134 1001 confirmationem
1185 956 1255 1001 non
1276 934 1379 1001 oculis
1402 933 1460 999 scd
1481 954 1581 999 sensu
1602 942 1733 1017 patrem
1754 932 1868 999 videri.
1914 930 2099 1011 Servatus,
2120 932 2172 1017 qui

148 1024 257 1108 aptius
280 1022 345 1089 diei
373 1020 489 1107 potuit.
533 1020 694 1086 Affirmat
713 1020 940 1086 Tertullianus
964 1026 1037 1098 [pag.
1058 1022 1132 1097 162]
1186 1022 1306 1103 ubique
1327 1020 1449 1085 furiose
1471 1020 1617 1085 clamitat
1634 1040 1700 1083 non
1721 1040 1792 1085 esse
1807 1036 1992 1102 persenam
2009 1019 2076 1083 nisi
2093 1038 2174 1101 quae

147 1118 278 1194 patrem
299 1129 319 1173 a
340 1106 408 1173 filio
430 1128 561 1190 semper
589 1106 690 1173 husae
712 1106 919 1173 distinctum:
949 1106 1027 1189 quia
1048 1104 1134 1170 rela·
1186 1106 1289 1173 oculis
1315 1106 1529 1188 conspicitur,
1562 1104 1692 1169 nullum
1718 1124 1791 1171 esse
1823 1102 1965 1171 verbum
1994 1104 2062 1171 nisi
2091 1104 2175 1189 quod

147 1197 216 1263 tivo
242 1194 332 1259 inter
360 1214 396 1259 se
422 1192 558 1259 habent.
602 1192 669 1258 Hic
696 1192 825 1260 larvam
850 1214 945 1257 suam
966 1212 1134 1275 opponens
1187 1192 1297 1259 Deum
1319 1194 1355 1257 in
1377 1211 1516 1274 persona
1547 1192 1819 1274 repraesentat,⁴)
1847 1196 1964 1255 manet
1991 1190 2105 1257 adhue
2126 1190 2174 1257 sui

148 1279 327 1359 Servatus,
355 1284 507 1345 mutuam
532 1276 726 1343 relationem
754 1278 858 1361 patris
885 1286 919 1343 et
940 1278 1001 1343 filii
1024 1276 1134 1341 delere
1188 1278 1314 1355 similis,
1334 1297 1395 1343 nec
1423 1298 1521 1343 suum
1543 1276 1666 1343 vulnus
1689 1277 1807 1341 sentit:
1828 1284 2008 1341 notamen
2024 1276 2175 1343 videatur

147 1388 184 1433 se
206 1374 310 1451 putat.
354 1364 447 1431 Dicit
464 1364 692 1430 Tertullianus
714 1385 900 1429 sermonem
917 1362 984 1427 Dei
1007 1362 1047 1428 ab
1070 1362 1134 1426 ini·
1187 1364 1288 1429 nimis
1320 1360 1487 1447 stupidus,
1520 1361 1562 1427 de
1593 1383 1735 1446 persona
1766 1370 1918 1445 separata
1951 1360 2018 1428 hoc
2053 1362 2175 1429 dictum

146 1452 194 1519 tio
222 1452 325 1518 fuisse
352 1450 470 1516 filium.
515 1450 703 1516 Cavillutur
724 1450 888 1517 Servatus
916 1447 1135 1533 personaliter
1187 1472 1258 1517 esse
1280 1450 1423 1533 exponit.
1468 1446 1574 1529 Quasi
1590 1470 1669 1515 vero
1686 1448 1910 1513 Tertullianus
1932 1446 2084 1515 virtutes
2105 1471 2174 1533 per·

146 1538 210 1604 hoe
239 1536 358 1603 debere
385 1534 541 1621 intelligi:
570 1537 663 1619 quasi
691 1556 879 1601 sermonem
898 1535 935 1599 in
954 1534 1065 1601 locum
1086 1534 1134 1597 roi
1187 1556 1287 1603 sonae
1308 1555 1475 1619 opponens
1497 1554 1563 1599 non
1585 1534 1673 1600 clare
1690 1532 1893 1599 demonstret
1908 1553 2096 1616 personam
2117 1536 2174 1603 sibi

148 1622 349 1691 substituere
380 1622 488 1700 liceat,
522 1622 650 1705 quoties
681 1622 729 1687 ita
760 1622 870 1687 visum
904 1628 964 1688 est.
1024 1620 1135 1703 Negat
1188 1644 1259 1689 csse
1287 1622 1448 1689 occultam
1474 1620 1684 1706 hypostasin,
1713 1639 1798 1702 quae
1827 1639 1888 1703 per
1912 1640 1950 1685 se
1977 1620 2087 1687 oculis
2113 1642 2174 1687 nou

147 1708 375 1776 Tertullianus
403 1728 589 1773 sermonem
620 1727 695 1773 cum
724 1716 818 1793 patre
845 1706 986 1773 eundem
1016 1724 1132 1773 essee
1188 1716 1239 1774 cst
1260 1709 1417 1791 exposita.
1462 1707 1575 1790 Atque
1599 1706 1661 1772 hoc
1689 1705 1758 1771 loco
1781 1702 1943 1771 Servatus
1970 1706 2048 1789 ipse
2075 1714 2174 1773 totam

170 1816 213 1861 uo
241 1792 378 1878 prodiit:
415 1793 474 1859 sed
503 1792 580 1858 iude
613 1794 739 1878 colligit
771 1814 844 1859 esse
876 1793 988 1857 alium.
1033 1791 1136 1857 Ridet
1187 1814 1282 1861 suam
1304 1814 1437 1859 causam
1459 1794 1593 1859 evertit:
1620 1812 1777 1876 personas
1798 1792 1889 1855 enim
1908 1792 2039 1859 fatetur
2062 1792 2173 1859 dishn-

148 1814 320 1958 larvatus,
344 1880 430 1963 qued
453 1879 507 1945 his
528 1880 640 1945 verbis
658 1878 791 1945 doceam
813 1879 947 1944 realiter
965 1877 1133 1962 distingui.
1187 1880 1253 1965 gui.
1299 1878 1389 1960 Quid
1411 1879 1474 1944 hoc
1495 1878 1565 1945 est?
1609 1878 1712 1943 Nulla
1729 1874 1911 1943 secundum
1933 1898 2012 1942 eum
2034 1900 2172 1963 persona

146 1966 239 2033 Dicit
261 1966 487 2032 Tertullianus
513 1986 781 2049 unamquamque
808 1986 984 2049 personam
1010 1966 1046 2029 iu
1074 1982 1135 2028 sua
1187 1974 1238 2033 est
1255 1966 1320 2030 nisi
1339 1965 1487 2032 visibilis.
1525 1962 1599 2045 Quo
1616 1964 1717 2047 igitur
1734 1962 1844 2029 colore
1861 1964 1970 2047 patris
1986 1984 2171 2047 personam,

145 2052 348 2137 proprietate
366 2050 532 2129 constitui,
551 2052 681 2133 quot-ies
698 2060 793 2133 pater
811 2050 971 2116 adfilium
988 2050 1133 2134 loquens,
1187 2072 1272 2135 quae
1299 2058 1373 2129 lpag.
1399 2054 1473 2129 164]
1502 2050 1675 2115 invisibilis
1703 2056 1767 2127 est,
1796 2049 1892 2114 nobis
1918 2050 2063 2133 pinget?
2109 2052 2172 2117 Neo

145 2137 202 2209 vel
225 2137 267 2202 ad
289 2139 444 2221 spiritum
466 2148 630 2215 sanctum,
653 2136 830 2203 inducitur.
877 2135 1037 2203 Servatus
1058 2157 1133 2219 pro·
1186 2138 1228 2205 de
1249 2138 1314 2202 alia
1335 2159 1371 2202 re
1392 2138 1501 2203 aerius
1528 2137 1697 2201 nobiscum
1719 2136 1861 2209 rixatur.
1891 2156 1993 2219 quam
2023 2138 2089 2202 soli
2109 2138 2172 2203 filio

145 2222 277 2307 photiae
299 2245 372 2290 csse
393 2232 547 2289 causatur
569 2222 609 2287 de
631 2223 742 2287 futtuo
760 2223 902 2289 homine.
939 2221 1046 2304 Quasi
1067 2243 1134 2287 non
1187 2232 1370 2306 competere
1392 2242 1575 2305 personam.
1611 2221 1701 2285 Hinc
1723 2230 1860 2304 apparet
1881 2242 1982 2304 quam
2004 2222 2093 2289 bene
2115 2224 2172 2290 sibi

147 2320 266 2374 mutua
287 2309 354 2374 illic
376 2318 509 2374 notetur
538 2308 655 2373 relatio
677 2310 766 2373 inter
788 2316 855 2374 tres
900 2328 1043 2373 ersonas.
1087 2308 1135 2371 Et
1186 2317 1313 2375 constet
1340 2310 1376 2373 in
1399 2310 1468 2375 suis
1494 2308 1669 2390 figmentis.
1680 2308 1708 2379 15)
1754 2307 1930 2371 Caeterum
1957 2328 2001 2372 ne
2033 2310 2171 2376 astutiae

148 2395 310 2478 quomodo
344 2394 407 2457 hoc
420 2396 444 2477 ¹)
472 2402 542 2459 tam
577 2393 672 2457 facile
704 2391 840 2459 devorat
868 2330 1043 2473 derectus,
1077 2394 1133 2476 qui
1187 2416 1265 2461 suae
1284 2396 1440 2460 foetorem
1458 2393 1520 2458 hoc
1537 2393 1714 2475 emplastro
1733 2398 1832 2476 tegat,
1851 2393 2000 2458 breviter
2018 2394 2170 2461 monendi

147 2500 323 2563 personam
355 2479 469 2545 vocari
497 2500 564 2543 non
593 2478 734 2561 patitur,
761 2482 826 2544 nisi
857 2480 1019 2545 visibilem
1039 2479 1133 2543 verbi
1187 2490 1265 2547 sunt
1297 2482 1437 2546 lectores
1466 2480 1608 2562 qualiter
1635 2478 1817 2562 distinguat
1842 2499 2020 2561 personas,
2056 2484 2171 2567 pagina

147 2566 300 2649 speciem,
324 2586 406 2647 quac
430 2564 613 2630 seeundum
634 2565 745 2647 ipsum
771 2566 876 2630 futuri
898 2566 1042 2630 hominis
1062 2574 1134 2630 erat
1187 2572 1259 2632 274.
1305 2563 1467 2645 Realiter·,
1498 2565 1619 2647 inquit,
1650 2564 1761 2628 differt
1786 2563 1875 2631 filias
1903 2586 1924 2629 a
1952 2578 2069 2649 pat-re,
2098 2586 2169 2633 eta

146 2650 357 2737 hypostasis?
398 2651 515 2715 Multis
531 2650 614 2715 loeis
632 2651 787 2717 atrociter
808 2673 861 2717 mc
884 2652 1038 2735 vexant)
1057 2651 1134 2799 quia
1185 2653 1254 2720 filio
1278 2654 1415 2737 spiritus
1438 2664 1580 2729 sanctus,
1604 2672 1670 2714 uon
1693 2649 1926 2715 essentialiter:
1955 2652 2039 2733 quia
2062 2652 2169 2719 eadem

147 2738 236 2821 patri
266 2738 431 2821 assignem
459 2756 553 2801 suam
582 2758 767 2820 personam.
812 2737 1018 2803 Tertulliano
1041 2735 1134 2802 aiud
1157 2814 1160 2823 ⁴
1186 2750 1237 2805 cst
1259 2738 1390 2805 deitatis
1413 2737 1561 2803 essentia.
1598 2738 1700 2801 Pater
1722 2742 1773 2801 est
1793 2734 1893 2800 totius
1916 2734 2169 2821 dispensationis

147 2831 250 2907 negat
267 2824 375 2887 notari
391 2842 552 2905 personae
569 2842 660 2899 voce,
678 2823 920 2905 quamvultum
937 2824 1131 2901 increatum,
1185 2832 1220 2892 ct
1248 2823 1379 2891 deitatis
1406 2825 1512 2907 origo,
1548 2822 1741 2904 simpliciter
1761 2822 1868 2899 Deus,
1899 2822 1973 2889 sine
2000 2834 2169 2891 creaturae

146 2908 201 2974 vel
220 2907 329 2973 ideam
348 2908 454 2973 futuri
472 2907 664 2991 hominis.⁸)
696 2908 826 2974 Locum
843 2908 933 2974 hune
951 2917 1020 2973 tam
1038 2930 1132 2991 aper·
1185 2911 1388 2977 admixtione
1410 2911 1463 2976 vel
1485 2909 1734 2991 participatione
1755 2906 1877 2989 aliqua,
1904 2909 1942 2973 in
1965 2929 2003 2976 se
2026 2910 2168 2977 conside·

146 3004 220 3060 tum
249 3015 364 3060 secure
391 2994 553 3059 transsilit
583 2994 624 3059 de
652 2993 758 3060 tribus
788 2993 952 3061 distinctis
973 2995 1131 3077 personia.
1185 3005 1295 3077 ratus,
1332 2991 1680 3078 incomprehensibilis.
1730 2992 1838 3058 Filius
1875 2993 2038 3060 deitatem
2079 2996 2170 3064 habet

147 3080 373 3145 Tertullianus
400 3080 506 3144 filium
534 3079 628 3146 docet
650 3079 791 3145 eundem
820 3101 891 3147 esso
912 3080 1076 3146 visibilem
1100 3088 1133 3145 et
1184 3084 1289 3167 patris
1316 3103 1391 3147 cum
1413 3081 1573 3163 corporali
1599 3079 1845 3162 participatione
1867 3090 2053 3147 creaturae.
2099 3082 2168 3168 Spi-

146 3166 357 3232 invisibilem.
366 3166 397 3245 ⁴)
439 3164 514 3231 Hoc
536 3166 571 3230 in
591 3167 757 3232 Prarcum
778 3164 887 3233 reiicit
904 3164 1075 3245 Servatus,
1099 3175 1133 3232 et
1185 3171 1269 3234 ritus
1291 3178 1425 3235 sanetus
1447 3167 1603 3232 deitatem
1621 3165 1720 3231 habet
1736 3165 1839 3248 patris
1857 3174 1892 3230 et
1908 3166 1980 3243 filii,
2003 3177 2169 3235 creaturae

145 3271 200 3316 me
218 3251 302 3315 nihil
319 3250 506 3335 intelligere
523 3253 729 3334 pronunciat.
776 3254 877 3335 Atqui
895 3252 1132 3331 Tertullianus,
1185 3276 1311 3339 quoque
1329 3255 1615 3339 participationem
1633 3274 1653 3317 a
1670 3250 1738 3317 filio
1759 3252 1933 3334 accipiens.
1969 3252 2015 3319 In
2035 3276 2168 3335 summa,

146 3344 323 3421 postquam
345 3334 387 3402 ab
410 3337 549 3403 adversa
569 3346 664 3420 parte
692 3336 810 3404 obiecit
830 3338 937 3404 filium
958 3340 1059 3405 fuisse
1080 3340 1132 3403 in·
1185 3342 1284 3407 realis
1306 3348 1365 3419 est,
1387 3340 1505 3423 inquit,
1529 3337 1705 3416 distinctio,
1728 3334 1902 3404 adiunctae
1924 3348 2103 3407 creaturae
2122 3344 2168 3407 in·

146 3422 327 3502 visibilem,
355 3424 431 3507 quia
452 3424 628 3489 invisibilis
649 3422 713 3488 fuit
733 3431 829 3506 pater
849 3425 884 3489 in
907 3424 968 3489 filii
990 3426 1131 3505 nomine,
1185 3430 1283 3492 tuitu.
1327 3428 1452 3491 Annon
1486 3423 1540 3489 hic
1568 3432 1619 3487 est
1646 3423 1701 3487 ille
1730 3423 1912 3506 versipellis
1935 3424 2048 3507 Deus,
2079 3450 2168 3511 quem

148 3529 191 3573 ex
213 3529 272 3573 suo
295 3530 394 3573 sensu
416 3506 533 3573 deindo
556 3508 735 3593 respondet
755 3510 792 3574 in
814 3532 890 3576 eum
913 3532 1010 3593 quem
1032 3510 1131 3575 retuli
1185 3522 1356 3595 tantopere
1389 3511 1545 3576 exhorret
1574 3509 1813 3585 Tertullianus,
1855 3516 1894 3573 ut
1928 3510 2030 3576 malit
2063 3515 2168 3597 plures

147 3590 291 3657 modum.
335 3594 471 3659 Interea
492 3592 654 3659 Servatus
689 3616 787 3659 suum
816 3594 856 3661 dc
882 3597 983 3662 verbo
1010 3597 1131 3661 visibili
1185 3599 1337 3665 fabricari
1373 3597 1471 3663 deos?
1531 3594 1751 3678 Quaecunque
1786 3596 1874 3659 enim
1907 3595 2001 3663 fucos
2039 3598 2168 3665 inducat

147 3678 346 3761 phantasma
377 3678 501 3743 oraculi
535 3681 603 3745 vice
637 3680 732 3745 nobis
763 3686 837 3760 [pag.
870 3686 943 3759 163]
976 3681 1130 3746 obtrudit.
1185 3684 1357 3762 Servatus,
1391 3705 1445 3748 res
1477 3696 1590 3747 tamen
1620 3702 1658 3747 eo
1686 3680 1785 3759 cadit,
1819 3702 1924 3745 unum
1958 3703 2037 3749 esse
2064 3687 2167 3752 Deum

149 3763 374 3829 Tertullianus
382 3767 411 3849 ὁ)
434 3765 555 3829 diserte
578 3765 679 3830 alium
702 3765 803 3830 luisse
822 3767 1021 3913 pronunciat
1039 3788 1058 3831 a
1075 3789 1132 3850 pa·
1184 3778 1326 3853 patrem,
1356 3770 1411 3852 qui
1434 3790 1469 3835 se
1491 3768 1651 3832 creaturis
1672 3768 1813 3833 miscens
1840 3765 1991 3833 diversae
2014 3791 2167 3852 personas

147 3857 209 3927 tre,
232 3850 287 3932 qui
306 3849 346 3913 ab
364 3850 458 3914 initio
477 3852 541 3915 luit
558 3851 645 3933 apud
663 3860 801 3933 patrem,
835 3852 900 3917 icet
915 3853 1008 3918 Deus
1026 3873 1133 3917 sermo
1185 3856 1245 3922 sibi
1268 3855 1397 3921 asciscit
1405 3874 1420 3919 t·
1441 3874 1625 3919 sermonem
1648 3874 1713 3916 nou
1739 3852 1933 3934 simpliciter
1955 3874 2031 3920 csse
2054 3858 2166 3935 Deum,

146 3936 256 4013 fuerit,
279 3936 381 4001 fuisse
399 3946 511 4001 tamen
529 3937 648 4017 Deum,
670 3958 738 4001 non
758 3943 922 4019 quatenus
939 3945 1011 4003 erat
1027 3949 1132 4020 pater,
1185 3941 1242 4008 sed
1264 3940 1400 4006 dimidia
1419 3962 1461 4005 er
1480 3950 1586 4023 parte:
1610 3940 1687 4021 quia
1705 3938 1863 4003 admixtio
1880 3947 2058 4009 creaturae
2079 3944 2166 4008 illum

147 4021 205 4087 scd
239 4030 400 4103 quatenus
434 4023 531 4086 filius.
584 4020 724 4089 Ser-veto
755 4044 823 4087 non
854 4024 920 4088 ista
952 4038 1002 4089 est
1035 4024 1133 4089 realis
1185 4038 1320 4110 apatre
1346 4027 1524 4091 discernat:
1554 4025 1710 4089 deitatem
1737 4044 1867 4107 quoque
1895 4024 2036 4107 spiritus
2068 4028 2164 4094 nihilo

148 4105 329 4185 distinctio,
351 4107 408 4173 sed
432 4106 602 4190 dispositio
630 4108 760 4191 qualem
781 4109 932 4174 somniat.
976 4109 1023 4173 Et
1045 4117 1133 4175 certe
1185 4113 1291 4195 magis
1336 4133 1431 4177 uram
1454 4132 1541 4189 csse,
1564 4110 1621 4175 sed
1654 4119 1823 4176 creaturae
1851 4110 1942 4176 faece
1964 4112 2164 4195 infectam.⁸)

147 4193 253 4257 fateor
292 4191 514 4275 dispositionis
555 4215 676 4258 nomen
716 4192 783 4259 illie
818 4195 947 4269 haberi,
983 4195 1039 4259 sed
1073 4215 1132 4278 pro
1185 4196 1268 4278 Quis
1291 4135 1334 4261 ad
1365 4198 1448 4262 tales
1468 4196 1690 4279 blasphemias
1718 4217 1784 4260 non
1812 4198 2072 4264 contremiscat?
2112 4201 2165 4265 Iu·

148 4279 309 4344 essentiae
326 4279 433 4356 modo,
452 4301 494 4344 ne
505 4278 672 4345 distinctio
690 4280 779 4343 inter
795 4300 953 4363 personas
971 4281 1133 4345 essentiae
1184 4292 1276 4348 terea
1296 4284 1502 4348 convincitur
1524 4280 1686 4347 Servatus
1708 4302 1802 4348 caeco
1829 4282 1940 4346 furore
1960 4284 2058 4350 litem
2078 4285 2165 4351 notis

147 4365 312 4429 unitatem
333 4364 465 4430 laceret.
510 4363 578 4430 Sed
607 4364 684 4448 quid
710 4362 773 4430 sibi
800 4364 873 4431 vult
899 4365 963 4431 ista
983 4367 1131 4450 pervica-
1185 4371 1328 4433 movisse
1357 4368 1397 4434 de
1419 4368 1524 4433 tribus
1546 4370 1703 4450 personis.
1748 4366 1839 4431 Dicit
1860 4368 2090 4437 Tertullianus
2110 4392 2164 4436 nos

149 4450 219 4514 cia?
249 4448 338 4514 nolle
362 4450 520 4534 distingui
543 4472 620 4516 vere
650 4460 684 4516 et
706 4451 848 4532 reipsa,
878 4451 934 4533 qui
958 4450 1021 4516 duo
1043 4451 1132 4518 clare
1185 4464 1237 4520 ter
1258 4458 1293 4519 in
1314 4455 1463 4539 singulas
1480 4474 1637 4536 personas
1660 4452 1744 4536 tingi
1765 4452 1801 4516 in
1822 4453 2002 4536 baptismo:
2051 4456 2164 4523 Serve·

148 4543 317 4611 vocantur,
341 4558 478 4618 quorum
503 4536 588 4601 alter
605 4536 647 4601 ab
669 4535 773 4601 altero
792 4536 910 4601 differt.
956 4537 1131 4602 Tertullia·
1186 4549 1239 4606 tus
1262 4542 1390 4605 fumum
1413 4540 1566 4623 aspergit.
1591 4538 1676 4621 quod
1698 4546 1825 4621 patrem
1848 4560 1916 4604 non
1937 4552 2042 4627 neget
2063 4543 2164 4609 atilio

147 4639 212 4686 nus
245 4622 359 4685 mallet
391 4622 565 4688 admittere
593 4621 732 4687 deorum
765 4621 999 4704 pluralitatem,
1032 4644 1132 4705 quam
1186 4627 1318 4692 realiter
1346 4625 1518 4710 distingui,
1550 4626 1657 4691 filium
1689 4645 1768 4690 vero
1797 4624 1968 4691 hominem
1995 4630 2162 4714 intelligat

148 4725 251 4769 unum
279 4708 487 4790 versipellem
516 4709 635 4774 Deum.
684 4709 791 4773 Porro
823 4708 1006 4791 versipellis
1039 4710 1131 4775 Deus
1185 4766 1390 4776 ----.-

147 4824 239 4834 ·--
1254 4814 1283 4877 1)
1303 4814 1412 4868 avecle
1432 4813 1498 4868 Fils.

219 4873 250 4936 1)
268 4883 343 4929 ceste
361 4877 451 4942 pilule.
1253 4880 1284 4943 2)
1302 4883 1320 4935 il
1339 4883 1390 4935 tait
1407 4883 1548 4936 semblent.

218 4942 248 5007 2)
267 4944 286 4995 il
304 4943 509 5001 m’ecorcberoit
525 4948 684 5003 volonticrs.
1254 4950 1285 5015 3)
1305 4967 1338 5005 sn
1356 4951 1384 5004 la
1401 4966 1537 5017 personne
1556 4952 1592 5005 du
1610 4951 1669 5006 Fila
1686 4967 1737 5020 par
1753 4954 1985 5019 representation.

218 5010 249 5077 3)
267 5028 319 5065 une
338 5013 398 5067 ides
417 5014 450 5068 de
468 5014 594 5070 l’homme
611 5014 704 5072 Christ
721 5016 769 5087 qui
786 5015 878 5073 devoit
894 5020 967 5071 estre
985 5014 1059 5071 iaiet.
1255 5021 1286 5082 4)
1307 5020 1352 5087 qui
1370 5036 1387 5072 a
1404 5035 1455 5073 une
1474 5019 1534 5074 face
1553 5021 1649 5075 visible
1666 5036 1737 5089 pour
1754 5037 1783 5073 re
1794 5030 1929 5076 ›resenter
1947 5022 2026 5078 Dieu.

218 5079 235 5132 4
268 5080 343 5134 Aua.
361 5081 438 5136 selon
455 5084 545 5138 divers
562 5084 682 5165 regards.
1256 5087 1286 5151 5)
1307 5094 1441 5142 comment
1458 5088 1477 5141 il
1495 5089 1610 5143 accorde
1629 5089 1691 5143 bien
1710 5104 1754 5143 ses
1772 5038 1877 5143 ilustes.

218 5148 237 5201 5
268 5147 359 5216 eunt
375 5152 393 5205 t
409 5149 438 5206 la
455 5152 561 5219 parolle
577 5152 672 5209 usrble
690 5157 739 5209 ea.
1254 5156 1284 5221 6)
1304 5171 1406 5211 comme
1423 5173 1460 5211 un
1477 5158 1521 5211 vin
1540 5157 1647 5213 trouble
1666 5173 1699 5212 en
1717 5174 1749 5213 aa
1765 5158 1811 5212 lie.
