<?xml version="1.0" encoding="UTF-8"?>
<!DOCTYPE html PUBLIC "-//W3C//DTD XHTML 1.0 Transitional//EN"
    "http://www.w3.org/TR/xhtml1/DTD/xhtml1-transitional.dtd">
<html xmlns="http://www.w3.org/1999/xhtml" xml:lang="en" lang="en">
 <head>
  <title>
</title>
<meta http-equiv="Content-Type" content="text/html;charset=utf-8" />
  <meta name='ocr-system' content='tesseract 3.04.00' />
  <meta name='ocr-capabilities' content='ocr_page ocr_carea ocr_par ocr_line ocrx_word'/>
</head>
<body>
  <div class='ocr_page' id='page_1' title='image "./ioanniscalvinio14calvgoog_0032.png"; bbox 0 0 4620 5894; ppageno 0'>
   <div class='ocr_carea' id='block_1_1' title="bbox 974 240 2165 313">
    <p class='ocr_par' dir='ltr' id='par_1_1' title="bbox 974 240 2165 313">
     <span class='ocr_line' id='line_1_1' title="bbox 974 240 2165 313; baseline 0.004 -5"><span class='ocrx_word' id='word_1_1' title='bbox 974 240 1344 310; x_wconf 79' lang='lat' dir='ltr'><strong>PROLEGOMENA.</strong></span> <span class='ocrx_word' id='word_1_2' title='bbox 1590 286 1591 290; x_wconf 58' lang='lat'><em>=</em></span> <span class='ocrx_word' id='word_1_3' title='bbox 2057 245 2165 313; x_wconf 79' lang='lat' dir='ltr'><strong>XXV</strong></span> 
     </span>
    </p>
   </div>
   <div class='ocr_carea' id='block_1_2' title="bbox 144 426 2165 736">
    <p class='ocr_par' dir='ltr' id='par_1_2' title="bbox 144 426 2165 736">
     <span class='ocr_line' id='line_1_2' title="bbox 302 426 2164 520; baseline 0.006 -28"><span class='ocrx_word' id='word_1_4' title='bbox 302 426 427 493; x_wconf 82' lang='lat' dir='ltr'><strong>Forma</strong></span> <span class='ocrx_word' id='word_1_5' title='bbox 446 435 483 494; x_wconf 89' lang='lat' dir='ltr'><strong>et</strong></span> <span class='ocrx_word' id='word_1_6' title='bbox 504 427 667 495; x_wconf 88' lang='lat' dir='ltr'><strong>emblema</strong></span> <span class='ocrx_word' id='word_1_7' title='bbox 688 435 728 495; x_wconf 89' lang='lat' dir='ltr'><strong>ut</strong></span> <span class='ocrx_word' id='word_1_8' title='bbox 748 451 859 514; x_wconf 88' lang='lat' dir='ltr'><strong>supra.</strong></span> <span class='ocrx_word' id='word_1_9' title='bbox 905 428 1150 512; x_wconf 82' lang='lat' dir='ltr'><strong>Quaterniones</strong></span> <span class='ocrx_word' id='word_1_10' title='bbox 1172 431 1421 514; x_wconf 87' lang='lat' dir='ltr'><strong>quatuordecim</strong></span> <span class='ocrx_word' id='word_1_11' title='bbox 1442 439 1476 498; x_wconf 91' lang='lat' dir='ltr'><strong>et</strong></span> <span class='ocrx_word' id='word_1_12' title='bbox 1497 433 1683 516; x_wconf 89' lang='lat' dir='ltr'><strong>quinternio</strong></span> <span class='ocrx_word' id='word_1_13' title='bbox 1705 455 1791 500; x_wconf 87' lang='lat' dir='ltr'><strong>unus</strong></span> <span class='ocrx_word' id='word_1_14' title='bbox 1817 435 1970 520; x_wconf 85' lang='lat' dir='ltr'><strong>(A—P).</strong></span> <span class='ocrx_word' id='word_1_15' title='bbox 2014 435 2164 520; x_wconf 88' lang='lat' dir='ltr'><strong>Paginae</strong></span> 
     </span>
     <span class='ocr_line' id='line_1_3' title="bbox 144 539 2165 631; baseline 0.003 -26"><span class='ocrx_word' id='word_1_16' title='bbox 144 544 343 605; x_wconf 76' lang='lat' dir='ltr'><strong>numeratae</strong></span> <span class='ocrx_word' id='word_1_17' title='bbox 365 541 444 618; x_wconf 86' lang='grc'><strong>243,</strong></span> <span class='ocrx_word' id='word_1_18' title='bbox 474 539 532 606; x_wconf 92' lang='lat' dir='ltr'><strong>sed</strong></span> <span class='ocrx_word' id='word_1_19' title='bbox 560 560 602 606; x_wconf 86' lang='lat' dir='ltr'><strong>ex</strong></span> <span class='ocrx_word' id='word_1_20' title='bbox 630 561 742 607; x_wconf 90' lang='lat' dir='ltr'><strong>errore</strong></span> <span class='ocrx_word' id='word_1_21' title='bbox 768 541 969 627; x_wconf 74' lang='lat' dir='ltr'><strong>typographi</strong></span> <span class='ocrx_word' id='word_1_22' title='bbox 992 545 1053 606; x_wconf 81' lang='lat'><strong>242</strong></span> <span class='ocrx_word' id='word_1_23' title='bbox 1077 549 1217 609; x_wconf 87' lang='lat' dir='ltr'><strong>tantum.</strong></span> <span class='ocrx_word' id='word_1_24' title='bbox 1262 543 1390 610; x_wconf 87' lang='lat' dir='ltr'><strong>Ultima</strong></span> <span class='ocrx_word' id='word_1_25' title='bbox 1416 543 1538 628; x_wconf 78' lang='lat' dir='ltr'><strong>pagina</strong></span> <span class='ocrx_word' id='word_1_26' title='bbox 1562 565 1674 612; x_wconf 78' lang='lat' dir='ltr'><strong>vacua.</strong></span> <span class='ocrx_word' id='word_1_27' title='bbox 1720 545 1806 631; x_wconf 69' lang='lat' dir='ltr'><strong>Typi</strong></span> <span class='ocrx_word' id='word_1_28' title='bbox 1834 547 1974 613; x_wconf 91' lang='lat' dir='ltr'><strong>maiores</strong></span> <span class='ocrx_word' id='word_1_29' title='bbox 2002 569 2100 631; x_wconf 86' lang='lat' dir='ltr'><strong>quam</strong></span> <span class='ocrx_word' id='word_1_30' title='bbox 2128 547 2165 612; x_wconf 92' lang='lat' dir='ltr'><strong>in</strong></span> 
     </span>
     <span class='ocr_line' id='line_1_4' title="bbox 144 649 928 736; baseline 0.015 -23"><span class='ocrx_word' id='word_1_31' title='bbox 144 652 256 735; x_wconf 89' lang='lat' dir='ltr'><strong>prima</strong></span> <span class='ocrx_word' id='word_1_32' title='bbox 276 649 421 715; x_wconf 89' lang='lat' dir='ltr'><strong>editione</strong></span> <span class='ocrx_word' id='word_1_33' title='bbox 442 651 520 717; x_wconf 89' lang='lat' dir='ltr'>libri</span> <span class='ocrx_word' id='word_1_34' title='bbox 541 660 657 719; x_wconf 88' lang='lat' dir='ltr'><strong>contra</strong></span> <span class='ocrx_word' id='word_1_35' title='bbox 678 652 928 736; x_wconf 71' lang='lat' dir='ltr'><strong>Anabaptistes.</strong></span> 
     </span>
    </p>
   </div>
   <div class='ocr_carea' id='block_1_3' title="bbox 144 791 2168 2680">
    <p class='ocr_par' dir='ltr' id='par_1_3' title="bbox 144 791 2167 1117">
     <span class='ocr_line' id='line_1_5' title="bbox 304 791 2167 898; baseline 0.001 -21"><span class='ocrx_word' id='word_1_36' title='bbox 304 791 550 878; x_wconf 76' lang='lat' dir='ltr'><strong>CONTRE</strong></span> <span class='ocrx_word' id='word_1_37' title='bbox 581 792 665 877; x_wconf 77' lang='lat' dir='ltr'><strong>LA</strong></span> <span class='ocrx_word' id='word_1_38' title='bbox 693 793 698 898; x_wconf 95' lang='grc'><strong>1</strong></span> <span class='ocrx_word' id='word_1_39' title='bbox 726 805 1301 895; x_wconf 71' lang='grc'><strong>666161116616611-1655</strong></span> <span class='ocrx_word' id='word_1_40' title='bbox 1322 819 1371 874; x_wconf 83' lang='lat' dir='ltr'><strong>nr</strong></span> <span class='ocrx_word' id='word_1_41' title='bbox 1392 810 1679 893; x_wconf 70' lang='grc'><strong>5555565166</strong></span> <span class='ocrx_word' id='word_1_42' title='bbox 1700 811 1886 890; x_wconf 69' lang='lat' dir='ltr'><strong>Libertina,</strong></span> <span class='ocrx_word' id='word_1_43' title='bbox 1915 813 1972 895; x_wconf 87' lang='lat' dir='ltr'><strong>qui</strong></span> <span class='ocrx_word' id='word_1_44' title='bbox 1992 833 2028 879; x_wconf 81' lang='lat' dir='ltr'><strong>se</strong></span> <span class='ocrx_word' id='word_1_45' title='bbox 2047 813 2050 897; x_wconf 94' lang='grc'><strong>1</strong></span> <span class='ocrx_word' id='word_1_46' title='bbox 2071 834 2167 878; x_wconf 85' lang='lat' dir='ltr'><strong>nom-</strong></span> 
     </span>
     <span class='ocr_line' id='line_1_6' title="bbox 144 916 2166 1007; baseline 0.003 -26"><span class='ocrx_word' id='word_1_47' title='bbox 144 916 501 1001; x_wconf 75' lang='grc'><strong>55651661-11115615.</strong></span> <span class='ocrx_word' id='word_1_48' title='bbox 531 916 537 1004; x_wconf 94' lang='grc'><strong>1</strong></span> <span class='ocrx_word' id='word_1_49' title='bbox 565 927 760 983; x_wconf 79' lang='grc'><strong>11661116</strong></span> <span class='ocrx_word' id='word_1_50' title='bbox 781 929 936 984; x_wconf 82' lang='grc'><strong>6616166</strong></span> <span class='ocrx_word' id='word_1_51' title='bbox 957 930 1008 984; x_wconf 78' lang='lat' dir='ltr'><strong>DE</strong></span> <span class='ocrx_word' id='word_1_52' title='bbox 1029 920 1247 1006; x_wconf 77' lang='grc'><strong>1611566156</strong></span> <span class='ocrx_word' id='word_1_53' title='bbox 1268 921 1414 1002; x_wconf 82' lang='lat' dir='ltr'><strong>metiore,</strong></span> <span class='ocrx_word' id='word_1_54' title='bbox 1433 932 1545 987; x_wconf 90' lang='lat' dir='ltr'><strong>contre</strong></span> <span class='ocrx_word' id='word_1_55' title='bbox 1567 943 1612 986; x_wconf 85' lang='lat' dir='ltr'><strong>vn</strong></span> <span class='ocrx_word' id='word_1_56' title='bbox 1632 923 1758 987; x_wconf 81' lang='lat' dir='ltr'><strong>certain</strong></span> <span class='ocrx_word' id='word_1_57' title='bbox 1779 920 1949 988; x_wconf 80' lang='lat' dir='ltr'><strong>Oordelier</strong></span> <span class='ocrx_word' id='word_1_58' title='bbox 1970 945 2047 1006; x_wconf 93' lang='lat' dir='ltr'><strong>sup·</strong></span> <span class='ocrx_word' id='word_1_59' title='bbox 2066 932 2071 1003; x_wconf 94' lang='grc'><strong>1</strong></span> <span class='ocrx_word' id='word_1_60' title='bbox 2092 931 2166 1007; x_wconf 88' lang='lat' dir='ltr'><strong>post</strong></span> 
     </span>
     <span class='ocr_line' id='line_1_7' title="bbox 145 1026 1685 1117; baseline 0.004 -25"><span class='ocrx_word' id='word_1_61' title='bbox 145 1026 187 1092; x_wconf 94' lang='lat' dir='ltr'><strong>de</strong></span> <span class='ocrx_word' id='word_1_62' title='bbox 208 1027 243 1092; x_wconf 90' lang='lat' dir='ltr'><strong>la</strong></span> <span class='ocrx_word' id='word_1_63' title='bbox 264 1038 369 1095; x_wconf 86' lang='lat' dir='ltr'><strong>secte:</strong></span> <span class='ocrx_word' id='word_1_64' title='bbox 389 1029 499 1113; x_wconf 90' lang='lat' dir='ltr'><strong>lequel</strong></span> <span class='ocrx_word' id='word_1_65' title='bbox 520 1039 571 1095; x_wconf 91' lang='lat' dir='ltr'><strong>est</strong></span> <span class='ocrx_word' id='word_1_66' title='bbox 591 1030 777 1114; x_wconf 90' lang='lat' dir='ltr'><strong>prisonnier</strong></span> <span class='ocrx_word' id='word_1_67' title='bbox 799 1038 819 1096; x_wconf 80' lang='lat' dir='ltr'><strong>a</strong></span> <span class='ocrx_word' id='word_1_68' title='bbox 840 1031 947 1096; x_wconf 91' lang='lat' dir='ltr'><strong>Roan.</strong></span> <span class='ocrx_word' id='word_1_69' title='bbox 978 1031 983 1117; x_wconf 96' lang='grc'><strong>1</strong></span> <span class='ocrx_word' id='word_1_70' title='bbox 1012 1033 1080 1098; x_wconf 88' lang='lat' dir='ltr'><strong>Par</strong></span> <span class='ocrx_word' id='word_1_71' title='bbox 1101 1032 1128 1097; x_wconf 91' lang='lat' dir='ltr'><strong>I.</strong></span> <span class='ocrx_word' id='word_1_72' title='bbox 1152 1031 1283 1098; x_wconf 83' lang='grc'><strong>051515.</strong></span> <span class='ocrx_word' id='word_1_73' title='bbox 1314 1030 1320 1117; x_wconf 95' lang='grc'><strong>1</strong></span> <span class='ocrx_word' id='word_1_74' title='bbox 1346 1039 1520 1108; x_wconf 68' lang='lat' dir='ltr'><strong>(mame.)</strong></span> <span class='ocrx_word' id='word_1_75' title='bbox 1555 1032 1560 1115; x_wconf 98' lang='grc'><strong>1</strong></span> <span class='ocrx_word' id='word_1_76' title='bbox 1595 1037 1685 1098; x_wconf 86' lang='grc'><strong>1547.</strong></span> 
     </span>
    </p>

    <p class='ocr_par' dir='ltr' id='par_1_4' title="bbox 144 1140 2165 1674">
     <span class='ocr_line' id='line_1_8' title="bbox 304 1140 2164 1231; baseline 0.005 -27"><span class='ocrx_word' id='word_1_77' title='bbox 304 1140 430 1205; x_wconf 79' lang='lat' dir='ltr'><strong>Forma</strong></span> <span class='ocrx_word' id='word_1_78' title='bbox 458 1141 588 1217; x_wconf 73' lang='lat' dir='ltr'><strong>eadem,</strong></span> <span class='ocrx_word' id='word_1_79' title='bbox 626 1141 802 1208; x_wconf 87' lang='lat' dir='ltr'><strong>Emblema</strong></span> <span class='ocrx_word' id='word_1_80' title='bbox 830 1145 904 1208; x_wconf 90' lang='lat' dir='ltr'><strong>sine</strong></span> <span class='ocrx_word' id='word_1_81' title='bbox 933 1145 1124 1228; x_wconf 84' lang='lat' dir='ltr'><strong>epigraphe.</strong></span> <span class='ocrx_word' id='word_1_82' title='bbox 1187 1142 1432 1224; x_wconf 81' lang='lat' dir='ltr'><strong>Quaterniones</strong></span> <span class='ocrx_word' id='word_1_83' title='bbox 1462 1144 1712 1226; x_wconf 85' lang='lat' dir='ltr'><strong>quatuordecim</strong></span> <span class='ocrx_word' id='word_1_84' title='bbox 1744 1167 1820 1210; x_wconf 89' lang='lat' dir='ltr'><strong>oum</strong></span> <span class='ocrx_word' id='word_1_85' title='bbox 1854 1145 1988 1212; x_wconf 91' lang='lat' dir='ltr'><strong>dimidio</strong></span> <span class='ocrx_word' id='word_1_86' title='bbox 2017 1147 2164 1231; x_wconf 85' lang='lat' dir='ltr'>(A—P)</span> 
     </span>
     <span class='ocr_line' id='line_1_9' title="bbox 145 1249 2162 1340; baseline 0.005 -25"><span class='ocrx_word' id='word_1_87' title='bbox 145 1249 296 1334; x_wconf 80' lang='lat' dir='ltr'><strong>Paginae</strong></span> <span class='ocrx_word' id='word_1_88' title='bbox 318 1259 513 1318; x_wconf 85' lang='lat' dir='ltr'><strong>numeratae</strong></span> <span class='ocrx_word' id='word_1_89' title='bbox 535 1256 608 1333; x_wconf 74' lang='lat'><strong>229,</strong></span> <span class='ocrx_word' id='word_1_90' title='bbox 632 1261 666 1318; x_wconf 92' lang='lat' dir='ltr'><strong>et</strong></span> <span class='ocrx_word' id='word_1_91' title='bbox 686 1263 754 1320; x_wconf 85' lang='lat' dir='ltr'><strong>tres</strong></span> <span class='ocrx_word' id='word_1_92' title='bbox 775 1276 905 1321; x_wconf 82' lang='lat' dir='ltr'><strong>vacuae.</strong></span> <span class='ocrx_word' id='word_1_93' title='bbox 951 1255 1038 1340; x_wconf 71' lang='lat' dir='ltr'><strong>Typi</strong></span> <span class='ocrx_word' id='word_1_94' title='bbox 1059 1255 1160 1320; x_wconf 88' lang='lat' dir='ltr'><strong>iidem</strong></span> <span class='ocrx_word' id='word_1_95' title='bbox 1182 1264 1280 1338; x_wconf 88' lang='lat' dir='ltr'><strong>atque</strong></span> <span class='ocrx_word' id='word_1_96' title='bbox 1301 1256 1337 1319; x_wconf 93' lang='lat' dir='ltr'><strong>in</strong></span> <span class='ocrx_word' id='word_1_97' title='bbox 1358 1254 1469 1321; x_wconf 91' lang='lat' dir='ltr'><strong>libello</strong></span> <span class='ocrx_word' id='word_1_98' title='bbox 1491 1261 1607 1321; x_wconf 85' lang='lat' dir='ltr'><strong>eontra</strong></span> <span class='ocrx_word' id='word_1_99' title='bbox 1628 1255 1865 1340; x_wconf 86' lang='lat' dir='ltr'><strong>Anabaptistas</strong></span> <span class='ocrx_word' id='word_1_100' title='bbox 1887 1278 1914 1322; x_wconf 90' lang='lat' dir='ltr'><strong>a.</strong></span> <span class='ocrx_word' id='word_1_101' title='bbox 1943 1262 2033 1322; x_wconf 88' lang='grc'><strong>1544.</strong></span> <span class='ocrx_word' id='word_1_102' title='bbox 2065 1257 2162 1326; x_wconf 92' lang='lat' dir='ltr'><strong>edito.</strong></span> 
     </span>
     <span class='ocr_line' id='line_1_10' title="bbox 146 1361 2163 1452; baseline 0.004 -25"><span class='ocrx_word' id='word_1_103' title='bbox 146 1361 325 1429; x_wconf 71' lang='grc'><strong>1156151156</strong></span> <span class='ocrx_word' id='word_1_104' title='bbox 350 1363 423 1446; x_wconf 91' lang='lat' dir='ltr'><strong>ipse</strong></span> <span class='ocrx_word' id='word_1_105' title='bbox 450 1366 595 1448; x_wconf 83' lang='lat' dir='ltr'><strong>pertinet</strong></span> <span class='ocrx_word' id='word_1_106' title='bbox 624 1365 666 1430; x_wconf 90' lang='lat' dir='ltr'><strong>ad</strong></span> <span class='ocrx_word' id='word_1_107' title='bbox 693 1386 767 1450; x_wconf 91' lang='lat' dir='ltr'><strong>pag.</strong></span> <span class='ocrx_word' id='word_1_108' title='bbox 795 1371 854 1430; x_wconf 87' lang='grc'><strong>194</strong></span> <span class='ocrx_word' id='word_1_109' title='bbox 861 1390 869 1446; x_wconf 87' lang='grc'><strong>;</strong></span> <span class='ocrx_word' id='word_1_110' title='bbox 902 1367 937 1432; x_wconf 88' lang='grc'><strong>15</strong></span> <span class='ocrx_word' id='word_1_111' title='bbox 966 1368 1116 1450; x_wconf 87' lang='lat' dir='ltr'><strong>sequenti</strong></span> <span class='ocrx_word' id='word_1_112' title='bbox 1145 1367 1261 1450; x_wconf 86' lang='lat' dir='ltr'><strong>incipit</strong></span> <span class='ocrx_word' id='word_1_113' title='bbox 1288 1366 1427 1449; x_wconf 83' lang='lat' dir='ltr'><strong>epistola</strong></span> <span class='ocrx_word' id='word_1_114' title='bbox 1453 1365 1495 1431; x_wconf 90' lang='lat' dir='ltr'><strong>ad</strong></span> <span class='ocrx_word' id='word_1_115' title='bbox 1521 1367 1792 1450; x_wconf 90' lang='lat' dir='ltr'><strong>Rotomagenses.</strong></span> <span class='ocrx_word' id='word_1_116' title='bbox 1842 1368 2024 1452; x_wconf 79' lang='lat' dir='ltr'><strong>Exemplar</strong></span> <span class='ocrx_word' id='word_1_117' title='bbox 2056 1392 2163 1452; x_wconf 90' lang='lat' dir='ltr'><strong>suum,</strong></span> 
     </span>
     <span class='ocr_line' id='line_1_11' title="bbox 144 1472 2165 1560; baseline 0.005 -23"><span class='ocrx_word' id='word_1_118' title='bbox 144 1472 243 1557; x_wconf 89' lang='lat' dir='ltr'><strong>idque</strong></span> <span class='ocrx_word' id='word_1_119' title='bbox 272 1474 342 1540; x_wconf 79' lang='lat' dir='ltr'><strong>fere</strong></span> <span class='ocrx_word' id='word_1_120' title='bbox 364 1475 502 1541; x_wconf 85' lang='lat' dir='ltr'><strong>unicum</strong></span> <span class='ocrx_word' id='word_1_121' title='bbox 528 1476 616 1560; x_wconf 91' lang='lat' dir='ltr'><strong>quod</strong></span> <span class='ocrx_word' id='word_1_122' title='bbox 649 1484 775 1557; x_wconf 86' lang='lat' dir='ltr'><strong>exstat,</strong></span> <span class='ocrx_word' id='word_1_123' title='bbox 809 1477 980 1544; x_wconf 89' lang='lat' dir='ltr'><strong>nobiseum</strong></span> <span class='ocrx_word' id='word_1_124' title='bbox 1001 1478 1255 1544; x_wconf 73' lang='lat' dir='ltr'><strong>communicavit</strong></span> <span class='ocrx_word' id='word_1_125' title='bbox 1287 1479 1341 1544; x_wconf 87' lang='lat' dir='ltr'><strong>vir</strong></span> <span class='ocrx_word' id='word_1_126' title='bbox 1372 1477 1631 1543; x_wconf 88' lang='lat' dir='ltr'><strong>humanissimus</strong></span> <span class='ocrx_word' id='word_1_127' title='bbox 1664 1487 1698 1542; x_wconf 90' lang='lat' dir='ltr'><strong>et</strong></span> <span class='ocrx_word' id='word_1_128' title='bbox 1723 1479 1791 1543; x_wconf 83' lang='lat' dir='ltr'><strong>iam</strong></span> <span class='ocrx_word' id='word_1_129' title='bbox 1820 1488 1917 1545; x_wconf 86' lang='lat' dir='ltr'><strong>antea</strong></span> <span class='ocrx_word' id='word_1_130' title='bbox 1943 1480 1984 1546; x_wconf 93' lang='lat' dir='ltr'><strong>de</strong></span> <span class='ocrx_word' id='word_1_131' title='bbox 2011 1482 2165 1548; x_wconf 88' lang='lat' dir='ltr'><strong>instituto</strong></span> 
     </span>
     <span class='ocr_line' id='line_1_12' title="bbox 146 1586 1638 1674; baseline 0.001 -24"><span class='ocrx_word' id='word_1_132' title='bbox 146 1594 261 1651; x_wconf 77' lang='lat' dir='ltr'><strong>noatm</strong></span> <span class='ocrx_word' id='word_1_133' title='bbox 283 1587 527 1667; x_wconf 84' lang='lat' dir='ltr'><strong>meritissimus,</strong></span> <span class='ocrx_word' id='word_1_134' title='bbox 551 1586 632 1654; x_wconf 90' lang='lat' dir='ltr'><strong>Otto</strong></span> <span class='ocrx_word' id='word_1_135' title='bbox 654 1587 789 1669; x_wconf 78' lang='lat' dir='ltr'><strong>(luvier,</strong></span> <span class='ocrx_word' id='word_1_136' title='bbox 811 1589 966 1656; x_wconf 88' lang='lat' dir='ltr'><strong>eeclesiae</strong></span> <span class='ocrx_word' id='word_1_137' title='bbox 989 1589 1199 1674; x_wconf 85' lang='lat' dir='ltr'><strong>evangelicae</strong></span> <span class='ocrx_word' id='word_1_138' title='bbox 1220 1589 1308 1672; x_wconf 86' lang='lat' dir='ltr'><strong>apud</strong></span> <span class='ocrx_word' id='word_1_139' title='bbox 1329 1591 1498 1655; x_wconf 85' lang='lat' dir='ltr'><strong>Metenses</strong></span> <span class='ocrx_word' id='word_1_140' title='bbox 1519 1599 1638 1672; x_wconf 87' lang='lat' dir='ltr'><strong>pastor.</strong></span> 
     </span>
    </p>

    <p class='ocr_par' dir='ltr' id='par_1_5' title="bbox 145 1698 2168 2680">
     <span class='ocr_line' id='line_1_13' title="bbox 303 1698 2166 1787; baseline 0.005 -25"><span class='ocrx_word' id='word_1_141' title='bbox 303 1698 456 1782; x_wconf 77' lang='lat' dir='ltr'><strong>Epistola</strong></span> <span class='ocrx_word' id='word_1_142' title='bbox 479 1698 539 1764; x_wconf 88' lang='lat' dir='ltr'><strong>illa</strong></span> <span class='ocrx_word' id='word_1_143' title='bbox 567 1721 650 1783; x_wconf 90' lang='lat' dir='ltr'><strong>quae</strong></span> <span class='ocrx_word' id='word_1_144' title='bbox 676 1700 753 1767; x_wconf 92' lang='lat' dir='ltr'><strong>huic</strong></span> <span class='ocrx_word' id='word_1_145' title='bbox 780 1700 915 1766; x_wconf 85' lang='lat' dir='ltr'><strong>editioni</strong></span> <span class='ocrx_word' id='word_1_146' title='bbox 943 1702 1135 1787; x_wconf 86' lang='lat' dir='ltr'><strong>appendicis</strong></span> <span class='ocrx_word' id='word_1_147' title='bbox 1163 1702 1234 1768; x_wconf 90' lang='lat' dir='ltr'><strong>loco</strong></span> <span class='ocrx_word' id='word_1_148' title='bbox 1263 1700 1376 1766; x_wconf 87' lang='lat' dir='ltr'><strong>addita</strong></span> <span class='ocrx_word' id='word_1_149' title='bbox 1400 1710 1451 1767; x_wconf 93' lang='lat' dir='ltr'><strong>est</strong></span> <span class='ocrx_word' id='word_1_150' title='bbox 1478 1722 1649 1784; x_wconf 84' lang='lat' dir='ltr'><strong>nunquam</strong></span> <span class='ocrx_word' id='word_1_151' title='bbox 1677 1702 1855 1783; x_wconf 85' lang='lat' dir='ltr'><strong>separatim</strong></span> <span class='ocrx_word' id='word_1_152' title='bbox 1882 1724 2004 1770; x_wconf 89' lang='lat' dir='ltr'><strong>excusa</strong></span> <span class='ocrx_word' id='word_1_153' title='bbox 2025 1705 2166 1772; x_wconf 81' lang='lat' dir='ltr'><strong>videtur.</strong></span> 
     </span>
     <span class='ocr_line' id='line_1_14' title="bbox 145 1807 2166 1897; baseline 0.003 -22"><span class='ocrx_word' id='word_1_154' title='bbox 145 1809 197 1875; x_wconf 84' lang='lat' dir='ltr'><strong>lle</strong></span> <span class='ocrx_word' id='word_1_155' title='bbox 214 1828 257 1875; x_wconf 84' lang='grc'><strong>65</strong></span> <span class='ocrx_word' id='word_1_156' title='bbox 285 1807 490 1877; x_wconf 84' lang='lat' dir='ltr'><strong>Oolladonus</strong></span> <span class='ocrx_word' id='word_1_157' title='bbox 517 1831 622 1894; x_wconf 85' lang='lat' dir='ltr'><strong>pauca</strong></span> <span class='ocrx_word' id='word_1_158' title='bbox 649 1832 728 1877; x_wconf 87' lang='lat' dir='ltr'><strong>suae</strong></span> <span class='ocrx_word' id='word_1_159' title='bbox 742 1813 895 1878; x_wconf 88' lang='lat' dir='ltr'><strong>inseruit</strong></span> <span class='ocrx_word' id='word_1_160' title='bbox 922 1815 1104 1879; x_wconf 84' lang='lat' dir='ltr'><strong>narrationi</strong></span> <span class='ocrx_word' id='word_1_161' title='bbox 1138 1814 1227 1897; x_wconf 86' lang='lat' dir='ltr'><strong>(pag.</strong></span> <span class='ocrx_word' id='word_1_162' title='bbox 1253 1816 1293 1878; x_wconf 87' lang='grc'><strong>65</strong></span> <span class='ocrx_word' id='word_1_163' title='bbox 1316 1813 1366 1878; x_wconf 89' lang='lat' dir='ltr'><strong>ed.</strong></span> <span class='ocrx_word' id='word_1_164' title='bbox 1389 1812 1544 1896; x_wconf 83' lang='lat' dir='ltr'><strong>Erankl.)</strong></span> <span class='ocrx_word' id='word_1_165' title='bbox 1576 1812 1629 1876; x_wconf 93' lang='lat' dir='ltr'><strong>his</strong></span> <span class='ocrx_word' id='word_1_166' title='bbox 1652 1811 1761 1879; x_wconf 86' lang='lat' dir='ltr'><strong>verbis</strong></span> <span class='ocrx_word' id='word_1_167' title='bbox 1789 1835 1885 1881; x_wconf 90' lang='lat' dir='ltr'><strong>usus:</strong></span> <span class='ocrx_word' id='word_1_168' title='bbox 1924 1816 1963 1881; x_wconf 96' lang='lat' dir='ltr'><strong>Il</strong></span> <span class='ocrx_word' id='word_1_169' title='bbox 1992 1817 2166 1883; x_wconf 88' lang='lat' dir='ltr'><strong>esurivit</strong></span> 
     </span>
     <span class='ocr_line' id='line_1_15' title="bbox 147 1921 2166 2010; baseline 0.005 -24"><span class='ocrx_word' id='word_1_170' title='bbox 147 1923 260 1987; x_wconf 83' lang='lat' dir='ltr'><strong>aussi</strong></span> <span class='ocrx_word' id='word_1_171' title='bbox 282 1921 477 2005; x_wconf 86' lang='lat' dir='ltr'><strong>l&#39;epistre</strong></span> <span class='ocrx_word' id='word_1_172' title='bbox 498 1944 575 1987; x_wconf 89' lang='lat' dir='ltr'><strong>aux</strong></span> <span class='ocrx_word' id='word_1_173' title='bbox 596 1922 747 1990; x_wconf 85' lang='lat' dir='ltr'><strong>fideles</strong></span> <span class='ocrx_word' id='word_1_174' title='bbox 770 1924 816 1990; x_wconf 94' lang='lat' dir='ltr'><strong>de</strong></span> <span class='ocrx_word' id='word_1_175' title='bbox 838 1925 997 2004; x_wconf 89' lang='lat' dir='ltr'><strong>Rouen,</strong></span> <span class='ocrx_word' id='word_1_176' title='bbox 1027 1926 1243 2007; x_wconf 77' lang='lat' dir='ltr'><strong>imprimes</strong></span> <span class='ocrx_word' id='word_1_177' title='bbox 1272 1936 1390 1990; x_wconf 87' lang='lat' dir='ltr'><strong>entre</strong></span> <span class='ocrx_word' id='word_1_178' title='bbox 1412 1945 1477 1989; x_wconf 92' lang='lat' dir='ltr'><strong>ses</strong></span> <span class='ocrx_word' id='word_1_179' title='bbox 1500 1924 1735 2008; x_wconf 84' lang='lat' dir='ltr'><strong>opusculea,</strong></span> <span class='ocrx_word' id='word_1_180' title='bbox 1759 1946 1831 2007; x_wconf 88' lang='lat' dir='ltr'><strong>par</strong></span> <span class='ocrx_word' id='word_1_181' title='bbox 1852 1927 2033 2010; x_wconf 85' lang='lat' dir='ltr'><strong>laquelle</strong></span> <span class='ocrx_word' id='word_1_182' title='bbox 2054 1929 2084 1993; x_wconf 92' lang='lat' dir='ltr'><strong>il</strong></span> <span class='ocrx_word' id='word_1_183' title='bbox 2104 1928 2166 1996; x_wconf 90' lang='lat' dir='ltr'><strong>les</strong></span> 
     </span>
     <span class='ocr_line' id='line_1_16' title="bbox 147 2032 2168 2122; baseline 0.003 -23"><span class='ocrx_word' id='word_1_184' title='bbox 147 2032 427 2100; x_wconf 83' lang='lat' dir='ltr'><strong>advertissoit</strong></span> <span class='ocrx_word' id='word_1_185' title='bbox 449 2033 496 2100; x_wconf 91' lang='lat' dir='ltr'><strong>de</strong></span> <span class='ocrx_word' id='word_1_186' title='bbox 517 2055 567 2099; x_wconf 91' lang='lat' dir='ltr'><strong>ne</strong></span> <span class='ocrx_word' id='word_1_187' title='bbox 589 2057 630 2101; x_wconf 93' lang='lat' dir='ltr'><strong>se</strong></span> <span class='ocrx_word' id='word_1_188' title='bbox 652 2035 801 2102; x_wconf 90' lang='lat' dir='ltr'><strong>laisser</strong></span> <span class='ocrx_word' id='word_1_189' title='bbox 822 2047 1004 2120; x_wconf 87' lang='lat' dir='ltr'><strong>tromper</strong></span> <span class='ocrx_word' id='word_1_190' title='bbox 1025 2057 1095 2120; x_wconf 89' lang='lat' dir='ltr'><strong>par</strong></span> <span class='ocrx_word' id='word_1_191' title='bbox 1116 2036 1178 2101; x_wconf 92' lang='lat' dir='ltr'><strong>les</strong></span> <span class='ocrx_word' id='word_1_192' title='bbox 1200 2057 1367 2102; x_wconf 88' lang='lat' dir='ltr'><strong>errours</strong></span> <span class='ocrx_word' id='word_1_193' title='bbox 1389 2034 1487 2100; x_wconf 91' lang='lat' dir='ltr'><strong>d&#39;un</strong></span> <span class='ocrx_word' id='word_1_194' title='bbox 1505 2037 1662 2102; x_wconf 89' lang='lat' dir='ltr'><strong>certain</strong></span> <span class='ocrx_word' id='word_1_195' title='bbox 1689 2036 1904 2118; x_wconf 88' lang='lat' dir='ltr'><strong>oordelier,</strong></span> <span class='ocrx_word' id='word_1_196' title='bbox 1926 2039 2168 2122; x_wconf 89' lang='lat' dir='ltr'><strong>prisonnier</strong></span> 
     </span>
     <span class='ocr_line' id='line_1_17' title="bbox 145 2145 2167 2243; baseline 0.003 -33"><span class='ocrx_word' id='word_1_197' title='bbox 145 2165 246 2228; x_wconf 87' lang='lat' dir='ltr'><strong>pour</strong></span> <span class='ocrx_word' id='word_1_198' title='bbox 272 2145 315 2210; x_wconf 93' lang='lat' dir='ltr'><strong>la</strong></span> <span class='ocrx_word' id='word_1_199' title='bbox 341 2146 487 2229; x_wconf 89' lang='lat' dir='ltr'><strong>parole</strong></span> <span class='ocrx_word' id='word_1_200' title='bbox 517 2145 562 2212; x_wconf 93' lang='lat' dir='ltr'><strong>de</strong></span> <span class='ocrx_word' id='word_1_201' title='bbox 589 2148 708 2227; x_wconf 91' lang='lat' dir='ltr'><strong>Dieu,</strong></span> <span class='ocrx_word' id='word_1_202' title='bbox 741 2168 894 2214; x_wconf 90' lang='lat' dir='ltr'><strong>comme</strong></span> <span class='ocrx_word' id='word_1_203' title='bbox 924 2167 1080 2214; x_wconf 87' lang='lat' dir='ltr'><strong>aucuns</strong></span> <span class='ocrx_word' id='word_1_204' title='bbox 1108 2146 1271 2213; x_wconf 87' lang='lat' dir='ltr'><strong>d&#39;entre</strong></span> <span class='ocrx_word' id='word_1_205' title='bbox 1300 2169 1376 2211; x_wconf 88' lang='lat' dir='ltr'><strong>eux</strong></span> <span class='ocrx_word' id='word_1_206' title='bbox 1405 2158 1651 2233; x_wconf 86' lang='lat' dir='ltr'><strong>pensoyent,</strong></span> <span class='ocrx_word' id='word_1_207' title='bbox 1685 2150 1788 2243; x_wconf 85' lang='lat' dir='ltr'><strong>mnis</strong></span> <span class='ocrx_word' id='word_1_208' title='bbox 1814 2150 1882 2232; x_wconf 89' lang='lat' dir='ltr'><strong>qui</strong></span> <span class='ocrx_word' id='word_1_209' title='bbox 1916 2150 2003 2215; x_wconf 85' lang='lat' dir='ltr'><strong>ala</strong></span> <span class='ocrx_word' id='word_1_210' title='bbox 2031 2152 2167 2218; x_wconf 79' lang='lat' dir='ltr'><strong>verite</strong></span> 
     </span>
     <span class='ocr_line' id='line_1_18' title="bbox 147 2257 2165 2346; baseline 0.003 -24"><span class='ocrx_word' id='word_1_211' title='bbox 147 2257 274 2323; x_wconf 87' lang='lat' dir='ltr'><strong>estoit</strong></span> <span class='ocrx_word' id='word_1_212' title='bbox 297 2279 350 2322; x_wconf 92' lang='lat' dir='ltr'><strong>un</strong></span> <span class='ocrx_word' id='word_1_213' title='bbox 371 2257 566 2338; x_wconf 91' lang='lat' dir='ltr'><strong>libertin,</strong></span> <span class='ocrx_word' id='word_1_214' title='bbox 589 2257 701 2342; x_wconf 92' lang='lat' dir='ltr'><strong>plein</strong></span> <span class='ocrx_word' id='word_1_215' title='bbox 721 2259 769 2325; x_wconf 92' lang='lat' dir='ltr'><strong>de</strong></span> <span class='ocrx_word' id='word_1_216' title='bbox 790 2261 996 2325; x_wconf 88' lang='lat' dir='ltr'><strong>resveries</strong></span> <span class='ocrx_word' id='word_1_217' title='bbox 1018 2259 1310 2343; x_wconf 88' lang='lat' dir='ltr'><strong>pernicieuses.</strong></span> <span class='ocrx_word' id='word_1_218' title='bbox 1345 2258 1477 2342; x_wconf 82' lang='lat' dir='ltr'><strong>Scripta</strong></span> <span class='ocrx_word' id='word_1_219' title='bbox 1494 2258 1555 2323; x_wconf 85' lang='lat' dir='ltr'><strong>fuit</strong></span> <span class='ocrx_word' id='word_1_220' title='bbox 1573 2258 1731 2325; x_wconf 84' lang='lat' dir='ltr'><strong>Genevae</strong></span> <span class='ocrx_word' id='word_1_221' title='bbox 1749 2260 1780 2326; x_wconf 88' lang='lat' dir='ltr'><strong>d.</strong></span> <span class='ocrx_word' id='word_1_222' title='bbox 1800 2264 1840 2324; x_wconf 86' lang='lat'><strong>20</strong></span> <span class='ocrx_word' id='word_1_223' title='bbox 1860 2262 2003 2346; x_wconf 77' lang='lat' dir='ltr'><strong>Augusti</strong></span> <span class='ocrx_word' id='word_1_224' title='bbox 2022 2285 2050 2328; x_wconf 92' lang='lat' dir='ltr'><strong>a.</strong></span> <span class='ocrx_word' id='word_1_225' title='bbox 2073 2268 2165 2329; x_wconf 87' lang='grc'><strong>1541.</strong></span> 
     </span>
     <span class='ocr_line' id='line_1_19' title="bbox 146 2368 2168 2457; baseline 0.002 -22"><span class='ocrx_word' id='word_1_226' title='bbox 146 2371 253 2435; x_wconf 70' lang='lat' dir='ltr'><strong>lutor</strong></span> <span class='ocrx_word' id='word_1_227' title='bbox 286 2369 323 2434; x_wconf 95' lang='lat' dir='ltr'><strong>in</strong></span> <span class='ocrx_word' id='word_1_228' title='bbox 356 2390 396 2434; x_wconf 87' lang='grc'><strong>65</strong></span> <span class='ocrx_word' id='word_1_229' title='bbox 427 2368 469 2434; x_wconf 89' lang='lat' dir='ltr'><strong>de</strong></span> <span class='ocrx_word' id='word_1_230' title='bbox 500 2369 611 2436; x_wconf 89' lang='lat' dir='ltr'><strong>libello</strong></span> <span class='ocrx_word' id='word_1_231' title='bbox 644 2392 704 2436; x_wconf 85' lang='lat' dir='ltr'><strong>suo</strong></span> <span class='ocrx_word' id='word_1_232' title='bbox 735 2371 893 2437; x_wconf 88' lang='lat' dir='ltr'><strong>adversus</strong></span> <span class='ocrx_word' id='word_1_233' title='bbox 925 2371 1116 2438; x_wconf 85' lang='lat' dir='ltr'><strong>Libertinos</strong></span> <span class='ocrx_word' id='word_1_234' title='bbox 1147 2372 1269 2454; x_wconf 87' lang='lat' dir='ltr'><strong>scripto</strong></span> <span class='ocrx_word' id='word_1_235' title='bbox 1301 2373 1349 2435; x_wconf 89' lang='lat' dir='ltr'><strong>ita</strong></span> <span class='ocrx_word' id='word_1_236' title='bbox 1375 2370 1521 2453; x_wconf 91' lang='lat' dir='ltr'><strong>loquitur</strong></span> <span class='ocrx_word' id='word_1_237' title='bbox 1549 2380 1585 2435; x_wconf 92' lang='grc'><strong>51</strong></span> <span class='ocrx_word' id='word_1_238' title='bbox 1612 2370 1767 2436; x_wconf 85' lang='lat' dir='ltr'><strong>facillime</strong></span> <span class='ocrx_word' id='word_1_239' title='bbox 1794 2374 1971 2456; x_wconf 86' lang='lat' dir='ltr'><strong>perspicias</strong></span> <span class='ocrx_word' id='word_1_240' title='bbox 1994 2374 2168 2457; x_wconf 88' lang='lat' dir='ltr'><strong>epistolam</strong></span> 
     </span>
     <span class='ocr_line' id='line_1_20' title="bbox 145 2479 2166 2567; baseline 0.002 -21"><span class='ocrx_word' id='word_1_241' title='bbox 145 2481 326 2564; x_wconf 83' lang='lat' dir='ltr'><strong>separatim</strong></span> <span class='ocrx_word' id='word_1_242' title='bbox 354 2479 397 2546; x_wconf 89' lang='lat' dir='ltr'><strong>ad</strong></span> <span class='ocrx_word' id='word_1_243' title='bbox 423 2480 685 2567; x_wconf 85' lang='lat' dir='ltr'><strong>Rotomagenses</strong></span> <span class='ocrx_word' id='word_1_244' title='bbox 714 2483 851 2549; x_wconf 84' lang='lat' dir='ltr'><strong>missum</strong></span> <span class='ocrx_word' id='word_1_245' title='bbox 878 2484 994 2561; x_wconf 88' lang='lat' dir='ltr'><strong>fuisse,</strong></span> <span class='ocrx_word' id='word_1_246' title='bbox 1024 2491 1058 2548; x_wconf 93' lang='lat' dir='ltr'><strong>et</strong></span> <span class='ocrx_word' id='word_1_247' title='bbox 1088 2481 1221 2566; x_wconf 89' lang='lat' dir='ltr'><strong>quidem</strong></span> <span class='ocrx_word' id='word_1_248' title='bbox 1243 2482 1369 2548; x_wconf 89' lang='lat' dir='ltr'><strong>calamo</strong></span> <span class='ocrx_word' id='word_1_249' title='bbox 1391 2490 1574 2561; x_wconf 83' lang='lat' dir='ltr'><strong>exaratam,</strong></span> <span class='ocrx_word' id='word_1_250' title='bbox 1606 2503 1684 2547; x_wconf 89' lang='lat' dir='ltr'><strong>mox</strong></span> <span class='ocrx_word' id='word_1_251' title='bbox 1707 2504 1784 2548; x_wconf 88' lang='lat' dir='ltr'><strong>vero</strong></span> <span class='ocrx_word' id='word_1_252' title='bbox 1807 2504 1911 2549; x_wconf 87' lang='lat' dir='ltr'><strong>novae</strong></span> <span class='ocrx_word' id='word_1_253' title='bbox 1932 2485 2068 2550; x_wconf 88' lang='lat' dir='ltr'><strong>editioni</strong></span> <span class='ocrx_word' id='word_1_254' title='bbox 2089 2487 2166 2552; x_wconf 88' lang='lat' dir='ltr'><strong>sub-</strong></span> 
     </span>
     <span class='ocr_line' id='line_1_21' title="bbox 145 2591 2167 2680; baseline 0.004 -25"><span class='ocrx_word' id='word_1_255' title='bbox 145 2591 309 2671; x_wconf 87' lang='lat' dir='ltr'><strong>iunctam,</strong></span> <span class='ocrx_word' id='word_1_256' title='bbox 337 2591 438 2657; x_wconf 89' lang='lat' dir='ltr'><strong>simul</strong></span> <span class='ocrx_word' id='word_1_257' title='bbox 466 2613 504 2658; x_wconf 88' lang='lat' dir='ltr'><strong>ac</strong></span> <span class='ocrx_word' id='word_1_258' title='bbox 528 2592 628 2660; x_wconf 91' lang='lat' dir='ltr'><strong>huius</strong></span> <span class='ocrx_word' id='word_1_259' title='bbox 655 2594 822 2677; x_wconf 88' lang='lat' dir='ltr'><strong>parandae</strong></span> <span class='ocrx_word' id='word_1_260' title='bbox 849 2594 974 2662; x_wconf 87' lang='lat' dir='ltr'><strong>occasio</strong></span> <span class='ocrx_word' id='word_1_261' title='bbox 996 2615 1032 2660; x_wconf 90' lang='lat' dir='ltr'><strong>se</strong></span> <span class='ocrx_word' id='word_1_262' title='bbox 1054 2594 1234 2660; x_wconf 89' lang='lat' dir='ltr'><strong>obtulisset.</strong></span> <span class='ocrx_word' id='word_1_263' title='bbox 1279 2594 1373 2660; x_wconf 90' lang='lat' dir='ltr'><strong>Haec</strong></span> <span class='ocrx_word' id='word_1_264' title='bbox 1397 2593 1499 2658; x_wconf 90' lang='lat' dir='ltr'><strong>etiam</strong></span> <span class='ocrx_word' id='word_1_265' title='bbox 1520 2593 1584 2658; x_wconf 87' lang='lat' dir='ltr'><strong>fuit</strong></span> <span class='ocrx_word' id='word_1_266' title='bbox 1605 2594 1716 2676; x_wconf 91' lang='lat' dir='ltr'><strong>opinio</strong></span> <span class='ocrx_word' id='word_1_267' title='bbox 1737 2594 1837 2674; x_wconf 82' lang='lat' dir='ltr'><strong>latini</strong></span> <span class='ocrx_word' id='word_1_268' title='bbox 1855 2597 2055 2680; x_wconf 88' lang='lat' dir='ltr'><strong>interpretis,</strong></span> <span class='ocrx_word' id='word_1_269' title='bbox 2078 2597 2167 2680; x_wconf 89' lang='lat' dir='ltr'><strong>apud</strong></span> 
     </span>
    </p>
   </div>
   <div class='ocr_carea' id='block_1_4' title="bbox 145 2703 2293 2791">
    <p class='ocr_par' dir='ltr' id='par_1_6' title="bbox 145 2703 2293 2791">
     <span class='ocr_line' id='line_1_22' title="bbox 145 2703 2293 2791; baseline 0.003 -23"><span class='ocrx_word' id='word_1_270' title='bbox 145 2724 242 2786; x_wconf 89' lang='lat' dir='ltr'><strong>quem</strong></span> <span class='ocrx_word' id='word_1_271' title='bbox 265 2703 403 2770; x_wconf 77' lang='lat' dir='ltr'><strong>Caluini</strong></span> <span class='ocrx_word' id='word_1_272' title='bbox 425 2705 526 2770; x_wconf 86' lang='lat' dir='ltr'><strong>verba</strong></span> <span class='ocrx_word' id='word_1_273' title='bbox 547 2707 634 2771; x_wconf 89' lang='lat' dir='ltr'><strong>oiroa</strong></span> <span class='ocrx_word' id='word_1_274' title='bbox 654 2708 757 2772; x_wconf 90' lang='lat' dir='ltr'><strong>finem</strong></span> <span class='ocrx_word' id='word_1_275' title='bbox 779 2708 951 2790; x_wconf 89' lang='lat' dir='ltr'><strong>epistolae,</strong></span> <span class='ocrx_word' id='word_1_276' title='bbox 974 2709 1009 2771; x_wconf 93' lang='lat' dir='ltr'><strong>in</strong></span> <span class='ocrx_word' id='word_1_277' title='bbox 1032 2707 1211 2791; x_wconf 81' lang='lat' dir='ltr'><strong>archetypo</strong></span> <span class='ocrx_word' id='word_1_278' title='bbox 1232 2705 1343 2770; x_wconf 91' lang='lat' dir='ltr'><strong>minus</strong></span> <span class='ocrx_word' id='word_1_279' title='bbox 1365 2703 1515 2782; x_wconf 85' lang='lat' dir='ltr'><strong>definita,</strong></span> <span class='ocrx_word' id='word_1_280' title='bbox 1543 2704 1591 2769; x_wconf 91' lang='lat' dir='ltr'><strong>sio</strong></span> <span class='ocrx_word' id='word_1_281' title='bbox 1615 2716 1751 2769; x_wconf 89' lang='lat' dir='ltr'><strong>sonant:</strong></span> <span class='ocrx_word' id='word_1_282' title='bbox 1785 2707 1962 2771; x_wconf 71' lang='lat' dir='ltr'><strong>&#39;landem</strong></span> <span class='ocrx_word' id='word_1_283' title='bbox 1984 2718 2022 2773; x_wconf 92' lang='lat' dir='ltr'><strong>et</strong></span> <span class='ocrx_word' id='word_1_284' title='bbox 2043 2711 2165 2775; x_wconf 90' lang='lat' dir='ltr'><strong>testi·</strong></span> <span class='ocrx_word' id='word_1_285' title='bbox 2291 2707 2293 2712; x_wconf 73' lang='grc'>’</span> 
     </span>
    </p>
   </div>
   <div class='ocr_carea' id='block_1_5' title="bbox 143 2815 2168 3572">
    <p class='ocr_par' dir='ltr' id='par_1_7' title="bbox 143 2815 2168 3348">
     <span class='ocr_line' id='line_1_23' title="bbox 143 2815 2168 2906; baseline 0.002 -26"><span class='ocrx_word' id='word_1_286' title='bbox 143 2816 292 2882; x_wconf 84' lang='lat' dir='ltr'><strong>moniis</strong></span> <span class='ocrx_word' id='word_1_287' title='bbox 314 2817 545 2896; x_wconf 88' lang='lat' dir='ltr'><strong>convictus,</strong></span> <span class='ocrx_word' id='word_1_288' title='bbox 568 2826 610 2882; x_wconf 92' lang='lat' dir='ltr'><strong>et</strong></span> <span class='ocrx_word' id='word_1_289' title='bbox 629 2817 739 2882; x_wconf 89' lang='lat' dir='ltr'><strong>libro</strong></span> <span class='ocrx_word' id='word_1_290' title='bbox 760 2840 872 2901; x_wconf 92' lang='lat' dir='ltr'><strong>quem</strong></span> <span class='ocrx_word' id='word_1_291' title='bbox 894 2840 1024 2902; x_wconf 91' lang='lat' dir='ltr'><strong>nuper</strong></span> <span class='ocrx_word' id='word_1_292' title='bbox 1045 2817 1156 2882; x_wconf 90' lang='lat' dir='ltr'><strong>edidi</strong></span> <span class='ocrx_word' id='word_1_293' title='bbox 1177 2826 1217 2882; x_wconf 91' lang='lat' dir='ltr'><strong>et</strong></span> <span class='ocrx_word' id='word_1_294' title='bbox 1237 2837 1312 2898; x_wconf 91' lang='lat' dir='ltr'><strong>quo</strong></span> <span class='ocrx_word' id='word_1_295' title='bbox 1334 2815 1496 2881; x_wconf 92' lang='lat' dir='ltr'><strong>iudices</strong></span> <span class='ocrx_word' id='word_1_296' title='bbox 1514 2816 1578 2880; x_wconf 91' lang='lat' dir='ltr'><strong>usi</strong></span> <span class='ocrx_word' id='word_1_297' title='bbox 1595 2825 1704 2895; x_wconf 90' lang='lat' dir='ltr'><strong>sunt,</strong></span> <span class='ocrx_word' id='word_1_298' title='bbox 1728 2816 1834 2901; x_wconf 91' lang='lat' dir='ltr'><strong>(tant</strong></span> <span class='ocrx_word' id='word_1_299' title='bbox 1851 2839 1923 2900; x_wconf 87' lang='lat' dir='ltr'><strong>par</strong></span> <span class='ocrx_word' id='word_1_300' title='bbox 1940 2821 2168 2906; x_wconf 78' lang='lat' dir='ltr'><strong>tesmoings</strong></span> 
     </span>
     <span class='ocr_line' id='line_1_24' title="bbox 144 2927 2166 3014; baseline 0.004 -22"><span class='ocrx_word' id='word_1_301' title='bbox 144 2947 305 3011; x_wconf 86' lang='lat' dir='ltr'><strong>quepar</strong></span> <span class='ocrx_word' id='word_1_302' title='bbox 326 2948 416 2994; x_wconf 90' lang='lat' dir='ltr'><strong>mon</strong></span> <span class='ocrx_word' id='word_1_303' title='bbox 439 2928 568 3009; x_wconf 81' lang='lat' dir='ltr'><strong>livre),</strong></span> <span class='ocrx_word' id='word_1_304' title='bbox 590 2937 625 2995; x_wconf 92' lang='grc'><strong>61</strong></span> <span class='ocrx_word' id='word_1_305' title='bbox 646 2929 744 3012; x_wconf 88' lang='lat' dir='ltr'><strong>paulo</strong></span> <span class='ocrx_word' id='word_1_306' title='bbox 766 2940 851 3013; x_wconf 91' lang='lat' dir='ltr'><strong>post:</strong></span> <span class='ocrx_word' id='word_1_307' title='bbox 875 2951 992 3014; x_wconf 90' lang='lat' dir='ltr'><strong>quem</strong></span> <span class='ocrx_word' id='word_1_308' title='bbox 1013 2927 1471 2995; x_wconf 77' lang='lat' dir='ltr'><strong>universaNerviorum</strong></span> <span class='ocrx_word' id='word_1_309' title='bbox 1493 2927 1645 2993; x_wconf 80' lang='lat' dir='ltr'><strong>civitas</strong></span> <span class='ocrx_word' id='word_1_310' title='bbox 1668 2928 1888 2993; x_wconf 90' lang='lat' dir='ltr'><strong>nonsolum</strong></span> <span class='ocrx_word' id='word_1_311' title='bbox 1910 2931 2166 3000; x_wconf 85' lang='lat' dir='ltr'><strong>effraenatae</strong></span> 
     </span>
     <span class='ocr_line' id='line_1_25' title="bbox 144 3037 2165 3123; baseline 0.004 -21"><span class='ocrx_word' id='word_1_312' title='bbox 144 3037 340 3106; x_wconf 90' lang='lat' dir='ltr'><strong>libidinis</strong></span> <span class='ocrx_word' id='word_1_313' title='bbox 361 3060 513 3122; x_wconf 88' lang='lat' dir='ltr'><strong>poenas</strong></span> <span class='ocrx_word' id='word_1_314' title='bbox 536 3040 698 3107; x_wconf 87' lang='lat' dir='ltr'><strong>dedisse</strong></span> <span class='ocrx_word' id='word_1_315' title='bbox 718 3043 848 3123; x_wconf 89' lang='lat' dir='ltr'><strong>novit,</strong></span> <span class='ocrx_word' id='word_1_316' title='bbox 872 3040 945 3107; x_wconf 91' lang='lat' dir='ltr'><strong>sed</strong></span> <span class='ocrx_word' id='word_1_317' title='bbox 966 3043 1090 3106; x_wconf 90' lang='lat' dir='ltr'><strong>etiam</strong></span> <span class='ocrx_word' id='word_1_318' title='bbox 1111 3039 1391 3106; x_wconf 83' lang='lat' dir='ltr'><strong>exsecrandae</strong></span> <span class='ocrx_word' id='word_1_319' title='bbox 1413 3038 1709 3120; x_wconf 89' lang='lat' dir='ltr'><strong>blasphemiae,</strong></span> <span class='ocrx_word' id='word_1_320' title='bbox 1731 3039 1891 3122; x_wconf 88' lang='lat' dir='ltr'><strong>qualem</strong></span> <span class='ocrx_word' id='word_1_321' title='bbox 1912 3041 2058 3109; x_wconf 93' lang='lat' dir='ltr'><strong>libello</strong></span> <span class='ocrx_word' id='word_1_322' title='bbox 2079 3065 2165 3112; x_wconf 82' lang='lat' dir='ltr'><strong>meo</strong></span> 
     </span>
     <span class='ocr_line' id='line_1_26' title="bbox 145 3149 2166 3239; baseline 0.003 -24"><span class='ocrx_word' id='word_1_323' title='bbox 145 3151 331 3234; x_wconf 83' lang='lat' dir='ltr'><strong>explicui</strong></span> <span class='ocrx_word' id='word_1_324' title='bbox 359 3158 401 3216; x_wconf 91' lang='lat' dir='ltr'><strong>et</strong></span> <span class='ocrx_word' id='word_1_325' title='bbox 429 3151 642 3236; x_wconf 87' lang='lat' dir='ltr'><strong>descripsi.</strong></span> <span class='ocrx_word' id='word_1_326' title='bbox 687 3152 753 3221; x_wconf 87' lang='lat' dir='ltr'><strong>Ubi</strong></span> <span class='ocrx_word' id='word_1_327' title='bbox 772 3154 946 3219; x_wconf 84' lang='lat' dir='ltr'><strong>manifeste</strong></span> <span class='ocrx_word' id='word_1_328' title='bbox 968 3152 1230 3219; x_wconf 76' lang='lat' dir='ltr'><strong>Franciscanum</strong></span> <span class='ocrx_word' id='word_1_329' title='bbox 1258 3152 1359 3217; x_wconf 86' lang='lat' dir='ltr'><strong>istum</strong></span> <span class='ocrx_word' id='word_1_330' title='bbox 1386 3149 1560 3233; x_wconf 80' lang='lat' dir='ltr'><strong>explosum</strong></span> <span class='ocrx_word' id='word_1_331' title='bbox 1581 3160 1615 3214; x_wconf 90' lang='lat' dir='ltr'><strong>et</strong></span> <span class='ocrx_word' id='word_1_332' title='bbox 1636 3151 1788 3233; x_wconf 90' lang='lat' dir='ltr'><strong>punitum</strong></span> <span class='ocrx_word' id='word_1_333' title='bbox 1816 3154 1968 3235; x_wconf 91' lang='lat' dir='ltr'><strong>proponit</strong></span> <span class='ocrx_word' id='word_1_334' title='bbox 1991 3163 2166 3239; x_wconf 90' lang='lat' dir='ltr'><strong>postquam</strong></span> 
     </span>
     <span class='ocr_line' id='line_1_27' title="bbox 145 3259 1656 3348; baseline 0 -22"><span class='ocrx_word' id='word_1_335' title='bbox 145 3263 213 3346; x_wconf 86' lang='lat' dir='ltr'><strong>ipae</strong></span> <span class='ocrx_word' id='word_1_336' title='bbox 234 3273 353 3329; x_wconf 84' lang='lat' dir='ltr'><strong>eontra</strong></span> <span class='ocrx_word' id='word_1_337' title='bbox 374 3284 451 3328; x_wconf 92' lang='lat' dir='ltr'><strong>eum</strong></span> <span class='ocrx_word' id='word_1_338' title='bbox 473 3264 650 3348; x_wconf 88' lang='lat' dir='ltr'><strong>scripserit,</strong></span> <span class='ocrx_word' id='word_1_339' title='bbox 673 3264 714 3330; x_wconf 90' lang='lat' dir='ltr'><strong>de</strong></span> <span class='ocrx_word' id='word_1_340' title='bbox 736 3265 857 3348; x_wconf 87' lang='lat' dir='ltr'><strong>scripto</strong></span> <span class='ocrx_word' id='word_1_341' title='bbox 879 3274 990 3329; x_wconf 86' lang='lat' dir='ltr'><strong>autem</strong></span> <span class='ocrx_word' id='word_1_342' title='bbox 1011 3285 1071 3329; x_wconf 91' lang='lat' dir='ltr'><strong>suo</strong></span> <span class='ocrx_word' id='word_1_343' title='bbox 1092 3265 1185 3346; x_wconf 84' lang='lat' dir='ltr'><strong>quasi</strong></span> <span class='ocrx_word' id='word_1_344' title='bbox 1207 3262 1248 3329; x_wconf 90' lang='lat' dir='ltr'><strong>de</strong></span> <span class='ocrx_word' id='word_1_345' title='bbox 1270 3262 1373 3327; x_wconf 87' lang='lat' dir='ltr'><strong>semel</strong></span> <span class='ocrx_word' id='word_1_346' title='bbox 1393 3259 1481 3326; x_wconf 87' lang='lat' dir='ltr'><strong>edito</strong></span> <span class='ocrx_word' id='word_1_347' title='bbox 1502 3261 1656 3344; x_wconf 86' lang='lat' dir='ltr'><strong>loquitur.</strong></span> 
     </span>
    </p>

    <p class='ocr_par' dir='ltr' id='par_1_8' title="bbox 145 3371 2164 3572">
     <span class='ocr_line' id='line_1_28' title="bbox 299 3371 2164 3460; baseline 0.002 -20"><span class='ocrx_word' id='word_1_348' title='bbox 299 3374 344 3440; x_wconf 95' lang='lat' dir='ltr'><strong>In</strong></span> <span class='ocrx_word' id='word_1_349' title='bbox 366 3395 501 3459; x_wconf 88' lang='lat' dir='ltr'><strong>corpore</strong></span> <span class='ocrx_word' id='word_1_350' title='bbox 523 3377 736 3442; x_wconf 76' lang='lat' dir='ltr'><strong>Tractatuum</strong></span> <span class='ocrx_word' id='word_1_351' title='bbox 758 3377 877 3460; x_wconf 84' lang='lat' dir='ltr'><strong>gallico</strong></span> <span class='ocrx_word' id='word_1_352' title='bbox 899 3385 966 3442; x_wconf 91' lang='lat' dir='ltr'><strong>tres</strong></span> <span class='ocrx_word' id='word_1_353' title='bbox 988 3376 1025 3440; x_wconf 93' lang='lat' dir='ltr'><strong>hi</strong></span> <span class='ocrx_word' id='word_1_354' title='bbox 1051 3375 1154 3441; x_wconf 88' lang='lat' dir='ltr'><strong>libelli</strong></span> <span class='ocrx_word' id='word_1_355' title='bbox 1183 3373 1341 3440; x_wconf 83' lang='lat' dir='ltr'><strong>adversus</strong></span> <span class='ocrx_word' id='word_1_356' title='bbox 1362 3371 1610 3456; x_wconf 86' lang='lat' dir='ltr'><strong>Anabaptistas,</strong></span> <span class='ocrx_word' id='word_1_357' title='bbox 1638 3371 1828 3439; x_wconf 90' lang='lat' dir='ltr'><strong>Libertinos</strong></span> <span class='ocrx_word' id='word_1_358' title='bbox 1850 3381 1884 3438; x_wconf 90' lang='lat' dir='ltr'><strong>et</strong></span> <span class='ocrx_word' id='word_1_359' title='bbox 1903 3374 2164 3444; x_wconf 82' lang='lat' dir='ltr'><strong>Francisoanum</strong></span> 
     </span>
     <span class='ocr_line' id='line_1_29' title="bbox 145 3484 2163 3572; baseline 0.002 -22"><span class='ocrx_word' id='word_1_360' title='bbox 145 3485 427 3570; x_wconf 85' lang='lat' dir='ltr'><strong>Rotomagensem</strong></span> <span class='ocrx_word' id='word_1_361' title='bbox 448 3487 588 3554; x_wconf 90' lang='lat' dir='ltr'><strong>iunctim</strong></span> <span class='ocrx_word' id='word_1_362' title='bbox 611 3487 691 3553; x_wconf 89' lang='lat' dir='ltr'><strong>editi</strong></span> <span class='ocrx_word' id='word_1_363' title='bbox 712 3494 874 3572; x_wconf 87' lang='lat' dir='ltr'><strong>apparent</strong></span> <span class='ocrx_word' id='word_1_364' title='bbox 892 3496 926 3553; x_wconf 88' lang='lat' dir='ltr'><strong>et</strong></span> <span class='ocrx_word' id='word_1_365' title='bbox 948 3486 1081 3571; x_wconf 91' lang='lat' dir='ltr'><strong>quidem</strong></span> <span class='ocrx_word' id='word_1_366' title='bbox 1102 3489 1139 3552; x_wconf 94' lang='lat' dir='ltr'><strong>in</strong></span> <span class='ocrx_word' id='word_1_367' title='bbox 1160 3484 1304 3552; x_wconf 91' lang='lat' dir='ltr'><strong>editione</strong></span> <span class='ocrx_word' id='word_1_368' title='bbox 1325 3484 1472 3568; x_wconf 84' lang='lat' dir='ltr'><strong>principe</strong></span> <span class='ocrx_word' id='word_1_369' title='bbox 1494 3505 1523 3548; x_wconf 89' lang='lat' dir='ltr'><strong>a.</strong></span> <span class='ocrx_word' id='word_1_370' title='bbox 1549 3487 1647 3562; x_wconf 84' lang='lat'><strong>1566,</strong></span> <span class='ocrx_word' id='word_1_371' title='bbox 1668 3506 1699 3567; x_wconf 90' lang='lat' dir='ltr'><strong>p.</strong></span> <span class='ocrx_word' id='word_1_372' title='bbox 1723 3488 1903 3563; x_wconf 81' lang='grc'><strong>519-126,</strong></span> <span class='ocrx_word' id='word_1_373' title='bbox 1926 3487 1961 3551; x_wconf 88' lang='grc'><strong>15</strong></span> <span class='ocrx_word' id='word_1_374' title='bbox 1984 3484 2163 3555; x_wconf 81' lang='lat' dir='ltr'><strong>Stoeriana</strong></span> 
     </span>
    </p>
   </div>
   <div class='ocr_carea' id='block_1_6' title="bbox 146 3595 2266 3685">
    <p class='ocr_par' dir='ltr' id='par_1_9' title="bbox 146 3595 2266 3685">
     <span class='ocr_line' id='line_1_30' title="bbox 146 3595 2266 3685; baseline 0.002 -22"><span class='ocrx_word' id='word_1_375' title='bbox 146 3618 173 3663; x_wconf 82' lang='lat' dir='ltr'><strong>a.</strong></span> <span class='ocrx_word' id='word_1_376' title='bbox 197 3602 292 3676; x_wconf 85' lang='lat'><strong>1611,</strong></span> <span class='ocrx_word' id='word_1_377' title='bbox 314 3619 390 3682; x_wconf 92' lang='lat' dir='ltr'><strong>pag.</strong></span> <span class='ocrx_word' id='word_1_378' title='bbox 413 3603 593 3665; x_wconf 83' lang='grc'><strong>657-632.</strong></span> <span class='ocrx_word' id='word_1_379' title='bbox 638 3599 766 3665; x_wconf 83' lang='grc' dir='ltr'><strong>Ρ55156</strong></span> <span class='ocrx_word' id='word_1_380' title='bbox 788 3601 931 3665; x_wconf 83' lang='lat' dir='ltr'><strong>Laoroix</strong></span> <span class='ocrx_word' id='word_1_381' title='bbox 953 3608 1065 3665; x_wconf 89' lang='lat' dir='ltr'><strong>noster</strong></span> <span class='ocrx_word' id='word_1_382' title='bbox 1085 3599 1211 3683; x_wconf 88' lang='lat' dir='ltr'><strong>priores</strong></span> <span class='ocrx_word' id='word_1_383' title='bbox 1232 3595 1314 3662; x_wconf 92' lang='lat' dir='ltr'><strong>duos</strong></span> <span class='ocrx_word' id='word_1_384' title='bbox 1341 3596 1491 3680; x_wconf 87' lang='lat' dir='ltr'><strong>quamvis</strong></span> <span class='ocrx_word' id='word_1_385' title='bbox 1519 3595 1655 3660; x_wconf 88' lang='lat' dir='ltr'><strong>maioris</strong></span> <span class='ocrx_word' id='word_1_386' title='bbox 1676 3597 1836 3660; x_wconf 90' lang='lat' dir='ltr'><strong>momenti</strong></span> <span class='ocrx_word' id='word_1_387' title='bbox 1857 3596 1984 3663; x_wconf 93' lang='lat' dir='ltr'><strong>libellos</strong></span> <span class='ocrx_word' id='word_1_388' title='bbox 2005 3599 2163 3685; x_wconf 87' lang='lat' dir='ltr'><strong>neglexit,</strong></span> <span class='ocrx_word' id='word_1_389' title='bbox 2261 3598 2266 3605; x_wconf 82' lang='grc'><strong>’</strong></span> 
     </span>
    </p>
   </div>
   <div class='ocr_carea' id='block_1_7' title="bbox 146 3710 2163 4689">
    <p class='ocr_par' dir='ltr' id='par_1_10' title="bbox 146 3710 1237 3795">
     <span class='ocr_line' id='line_1_31' title="bbox 146 3710 1237 3795; baseline 0 -22"><span class='ocrx_word' id='word_1_390' title='bbox 146 3718 178 3773; x_wconf 85' lang='grc'><strong>61</strong></span> <span class='ocrx_word' id='word_1_391' title='bbox 195 3731 263 3775; x_wconf 87' lang='grc'><strong>565</strong></span> <span class='ocrx_word' id='word_1_392' title='bbox 287 3710 353 3774; x_wconf 87' lang='grc'><strong>5161</strong></span> <span class='ocrx_word' id='word_1_393' title='bbox 375 3711 512 3776; x_wconf 88' lang='lat' dir='ltr'><strong>tertium</strong></span> <span class='ocrx_word' id='word_1_394' title='bbox 533 3733 593 3778; x_wconf 89' lang='lat' dir='ltr'><strong>suo</strong></span> <span class='ocrx_word' id='word_1_395' title='bbox 615 3711 777 3777; x_wconf 82' lang='lat' dir='ltr'><strong>volumini</strong></span> <span class='ocrx_word' id='word_1_396' title='bbox 798 3713 939 3777; x_wconf 89' lang='lat' dir='ltr'><strong>inseruit</strong></span> <span class='ocrx_word' id='word_1_397' title='bbox 960 3732 1033 3795; x_wconf 87' lang='lat' dir='ltr'><strong>pag.</strong></span> <span class='ocrx_word' id='word_1_398' title='bbox 1057 3713 1237 3774; x_wconf 79' lang='lat'><strong>293-311.</strong></span> 
     </span>
    </p>

    <p class='ocr_par' dir='ltr' id='par_1_11' title="bbox 148 3817 2163 4222">
     <span class='ocr_line' id='line_1_32' title="bbox 301 3817 2163 3904; baseline 0.003 -20"><span class='ocrx_word' id='word_1_399' title='bbox 301 3821 498 3888; x_wconf 76' lang='lat' dir='ltr'><strong>versionem</strong></span> <span class='ocrx_word' id='word_1_400' title='bbox 520 3823 658 3889; x_wconf 83' lang='lat' dir='ltr'><strong>latinam</strong></span> <span class='ocrx_word' id='word_1_401' title='bbox 679 3822 868 3889; x_wconf 88' lang='lat' dir='ltr'><strong>libellorum</strong></span> <span class='ocrx_word' id='word_1_402' title='bbox 889 3831 1003 3890; x_wconf 88' lang='lat' dir='ltr'><strong>contra</strong></span> <span class='ocrx_word' id='word_1_403' title='bbox 1024 3821 1260 3904; x_wconf 84' lang='lat' dir='ltr'><strong>Anabaptistas</strong></span> <span class='ocrx_word' id='word_1_404' title='bbox 1283 3827 1317 3885; x_wconf 89' lang='lat' dir='ltr'><strong>et</strong></span> <span class='ocrx_word' id='word_1_405' title='bbox 1330 3820 1519 3884; x_wconf 85' lang='lat' dir='ltr'><strong>Libertinos</strong></span> <span class='ocrx_word' id='word_1_406' title='bbox 1529 3817 1684 3884; x_wconf 87' lang='lat' dir='ltr'><strong>Nicolaus</strong></span> <span class='ocrx_word' id='word_1_407' title='bbox 1696 3818 1866 3885; x_wconf 80' lang='lat' dir='ltr'><strong>Gallasius</strong></span> <span class='ocrx_word' id='word_1_408' title='bbox 1884 3822 1971 3904; x_wconf 81' lang='lat' dir='ltr'><strong>typis</strong></span> <span class='ocrx_word' id='word_1_409' title='bbox 1989 3823 2163 3890; x_wconf 81' lang='lat' dir='ltr'><strong>mandavit</strong></span> 
     </span>
     <span class='ocr_line' id='line_1_33' title="bbox 148 3930 2162 4019; baseline 0.001 -22"><span class='ocrx_word' id='word_1_410' title='bbox 148 3930 210 3997; x_wconf 70' lang='lat' dir='ltr'><strong>iun</strong></span> <span class='ocrx_word' id='word_1_411' title='bbox 242 3954 272 3998; x_wconf 77' lang='lat' dir='ltr'><strong>a.</strong></span> <span class='ocrx_word' id='word_1_412' title='bbox 300 3937 382 3996; x_wconf 91' lang='grc'><strong>1546</strong></span> <span class='ocrx_word' id='word_1_413' title='bbox 416 3934 559 4005; x_wconf 84' lang='lat' dir='ltr'><strong>seorsim.</strong></span> <span class='ocrx_word' id='word_1_414' title='bbox 586 3933 827 4013; x_wconf 81' lang='lat' dir='ltr'><strong>excudendam,</strong></span> <span class='ocrx_word' id='word_1_415' title='bbox 856 3946 970 4019; x_wconf 88' lang='lat' dir='ltr'><strong>postea</strong></span> <span class='ocrx_word' id='word_1_416' title='bbox 997 3933 1135 4017; x_wconf 88' lang='lat' dir='ltr'><strong>epistola</strong></span> <span class='ocrx_word' id='word_1_417' title='bbox 1167 3932 1208 3996; x_wconf 89' lang='lat' dir='ltr'><strong>ad</strong></span> <span class='ocrx_word' id='word_1_418' title='bbox 1241 3933 1502 4014; x_wconf 87' lang='lat' dir='ltr'><strong>Rotomagenses</strong></span> <span class='ocrx_word' id='word_1_419' title='bbox 1535 3938 1667 3995; x_wconf 83' lang='lat' dir='ltr'><strong>auctam</strong></span> <span class='ocrx_word' id='word_1_420' title='bbox 1698 3952 1757 3994; x_wconf 92' lang='lat' dir='ltr'><strong>suo</strong></span> <span class='ocrx_word' id='word_1_421' title='bbox 1784 3931 1998 3997; x_wconf 74' lang='lat' dir='ltr'><strong>Tractatuum</strong></span> <span class='ocrx_word' id='word_1_422' title='bbox 2031 3935 2162 4017; x_wconf 89' lang='lat' dir='ltr'><strong>corpori</strong></span> 
     </span>
     <span class='ocr_line' id='line_1_34' title="bbox 149 4025 2157 4131; baseline 0 -22"><span class='ocrx_word' id='word_1_423' title='bbox 149 4041 294 4109; x_wconf 85' lang='lat' dir='ltr'><strong>inseruit</strong></span> <span class='ocrx_word' id='word_1_424' title='bbox 339 4041 503 4112; x_wconf 83' lang='lat' dir='ltr'><strong>Editionis</strong></span> <span class='ocrx_word' id='word_1_425' title='bbox 525 4047 682 4131; x_wconf 87' lang='lat' dir='ltr'><strong>principis</strong></span> <span class='ocrx_word' id='word_1_426' title='bbox 705 4025 763 4112; x_wconf 81' lang='lat' dir='ltr'><strong>vix</strong></span> <span class='ocrx_word' id='word_1_427' title='bbox 785 4067 888 4112; x_wconf 90' lang='lat' dir='ltr'><strong>unum</strong></span> <span class='ocrx_word' id='word_1_428' title='bbox 907 4054 964 4110; x_wconf 88' lang='lat' dir='ltr'><strong>aut</strong></span> <span class='ocrx_word' id='word_1_429' title='bbox 980 4047 1122 4111; x_wconf 87' lang='lat' dir='ltr'><strong>alterum</strong></span> <span class='ocrx_word' id='word_1_430' title='bbox 1139 4043 1308 4127; x_wconf 85' lang='lat' dir='ltr'><strong>exemplar</strong></span> <span class='ocrx_word' id='word_1_431' title='bbox 1326 4050 1465 4107; x_wconf 87' lang='lat' dir='ltr'><strong>aetatem</strong></span> <span class='ocrx_word' id='word_1_432' title='bbox 1485 4040 1570 4106; x_wconf 89' lang='lat' dir='ltr'><strong>tulit.</strong></span> <span class='ocrx_word' id='word_1_433' title='bbox 1606 4041 1675 4106; x_wconf 87' lang='lat' dir='ltr'><strong>Noe</strong></span> <span class='ocrx_word' id='word_1_434' title='bbox 1694 4039 1946 4126; x_wconf 81' lang='lat' dir='ltr'><strong>Stuttgardiano</strong></span> <span class='ocrx_word' id='word_1_435' title='bbox 1964 4044 2016 4108; x_wconf 89' lang='lat' dir='ltr'><strong>usi</strong></span> <span class='ocrx_word' id='word_1_436' title='bbox 2033 4065 2157 4110; x_wconf 86' lang='lat' dir='ltr'><strong>sumus.</strong></span> 
     </span>
     <span class='ocr_line' id='line_1_35' title="bbox 151 4152 1550 4222; baseline 0.001 -4"><span class='ocrx_word' id='word_1_437' title='bbox 151 4152 279 4222; x_wconf 82' lang='lat' dir='ltr'><strong>&#39;litulus</strong></span> <span class='ocrx_word' id='word_1_438' title='bbox 301 4165 367 4221; x_wconf 84' lang='lat' dir='ltr'><strong>est:</strong></span> <span class='ocrx_word' id='word_1_439' title='bbox 1549 4168 1550 4172; x_wconf 77' lang='grc'>’</span> 
     </span>
    </p>

    <p class='ocr_par' dir='ltr' id='par_1_12' title="bbox 154 4263 2159 4689">
     <span class='ocr_line' id='line_1_36' title="bbox 299 4263 2156 4352; baseline -0.001 -20"><span class='ocrx_word' id='word_1_440' title='bbox 299 4276 434 4334; x_wconf 84' lang='grc'><strong>666116</strong></span> <span class='ocrx_word' id='word_1_441' title='bbox 453 4272 459 4352; x_wconf 91' lang='grc'><strong>1</strong></span> <span class='ocrx_word' id='word_1_442' title='bbox 478 4268 867 4337; x_wconf 79' lang='grc'><strong>1661616110111-</strong></span> <span class='ocrx_word' id='word_1_443' title='bbox 887 4272 892 4352; x_wconf 98' lang='grc'><strong>1</strong></span> <span class='ocrx_word' id='word_1_444' title='bbox 912 4277 1065 4334; x_wconf 80' lang='grc'><strong>11166616</strong></span> <span class='ocrx_word' id='word_1_445' title='bbox 1082 4276 1279 4333; x_wconf 62' lang='grc'><strong>6166111616</strong></span> <span class='ocrx_word' id='word_1_446' title='bbox 1298 4275 1360 4330; x_wconf 85' lang='lat' dir='ltr'><strong>AD·</strong></span> <span class='ocrx_word' id='word_1_447' title='bbox 1379 4263 1385 4349; x_wconf 95' lang='grc'><strong>1</strong></span> <span class='ocrx_word' id='word_1_448' title='bbox 1405 4284 1519 4330; x_wconf 67' lang='lat' dir='ltr'><strong>aecus</strong></span> <span class='ocrx_word' id='word_1_449' title='bbox 1537 4283 1661 4329; x_wconf 79' lang='lat' dir='ltr'><strong>errores</strong></span> <span class='ocrx_word' id='word_1_450' title='bbox 1682 4270 1781 4331; x_wconf 82' lang='grc'><strong>666166</strong></span> <span class='ocrx_word' id='word_1_451' title='bbox 1802 4263 1950 4346; x_wconf 68' lang='grc'><strong>1456566</strong></span> <span class='ocrx_word' id='word_1_452' title='bbox 1970 4266 1975 4346; x_wconf 93' lang='grc'><strong>1</strong></span> <span class='ocrx_word' id='word_1_453' title='bbox 1993 4265 2156 4351; x_wconf 69' lang='grc'><strong>1161615661</strong></span> 
     </span>
     <span class='ocr_line' id='line_1_37' title="bbox 156 4372 2156 4463; baseline -0.001 -20"><span class='ocrx_word' id='word_1_454' title='bbox 156 4372 162 4460; x_wconf 93' lang='grc' dir='ltr'>Ι</span> <span class='ocrx_word' id='word_1_455' title='bbox 362 4390 481 4460; x_wconf 79' lang='grc'><strong>111616</strong></span> <span class='ocrx_word' id='word_1_456' title='bbox 500 4387 507 4463; x_wconf 97' lang='grc'><strong>1</strong></span> <span class='ocrx_word' id='word_1_457' title='bbox 524 4379 777 4449; x_wconf 79' lang='lat' dir='ltr'><strong>ADVERSVS</strong></span> <span class='ocrx_word' id='word_1_458' title='bbox 795 4381 938 4445; x_wconf 83' lang='lat' dir='ltr'><strong>EANA·</strong></span> <span class='ocrx_word' id='word_1_459' title='bbox 958 4383 963 4459; x_wconf 95' lang='grc'><strong>1</strong></span> <span class='ocrx_word' id='word_1_460' title='bbox 982 4388 1165 4443; x_wconf 76' lang='grc'><strong>11011161</strong></span> <span class='ocrx_word' id='word_1_461' title='bbox 1184 4387 1371 4442; x_wconf 78' lang='grc'><strong>6111106111</strong></span> <span class='ocrx_word' id='word_1_462' title='bbox 1393 4385 1471 4440; x_wconf 81' lang='grc'><strong>666-</strong></span> <span class='ocrx_word' id='word_1_463' title='bbox 1491 4379 1496 4460; x_wconf 94' lang='grc'><strong>1</strong></span> <span class='ocrx_word' id='word_1_464' title='bbox 1516 4381 1581 4441; x_wconf 84' lang='lat' dir='ltr'><strong>tom</strong></span> <span class='ocrx_word' id='word_1_465' title='bbox 1604 4375 1845 4453; x_wconf 74' lang='lat' dir='ltr'><strong>Isibertinorum,</strong></span> <span class='ocrx_word' id='word_1_466' title='bbox 1866 4377 1922 4455; x_wconf 80' lang='lat' dir='ltr'><strong>qui</strong></span> <span class='ocrx_word' id='word_1_467' title='bbox 1944 4397 1976 4440; x_wconf 84' lang='lat' dir='ltr'><strong>se</strong></span> <span class='ocrx_word' id='word_1_468' title='bbox 1996 4377 2156 4463; x_wconf 73' lang='lat' dir='ltr'><strong>spiritua-l</strong></span> 
     </span>
     <span class='ocr_line' id='line_1_38' title="bbox 156 4482 2159 4578; baseline 0.001 -26"><span class='ocrx_word' id='word_1_469' title='bbox 156 4486 194 4552; x_wconf 76' lang='lat' dir='ltr'><strong>le</strong></span> <span class='ocrx_word' id='word_1_470' title='bbox 209 4494 353 4575; x_wconf 71' lang='grc'><strong>5666611</strong></span> <span class='ocrx_word' id='word_1_471' title='bbox 589 4494 594 4578; x_wconf 95' lang='grc'><strong>1</strong></span> <span class='ocrx_word' id='word_1_472' title='bbox 614 4493 756 4559; x_wconf 66' lang='lat' dir='ltr'><strong>Autome</strong></span> <span class='ocrx_word' id='word_1_473' title='bbox 775 4492 779 4578; x_wconf 93' lang='grc'><strong>1</strong></span> <span class='ocrx_word' id='word_1_474' title='bbox 801 4482 942 4558; x_wconf 71' lang='lat' dir='ltr'><strong>Iohanne</strong></span> <span class='ocrx_word' id='word_1_475' title='bbox 966 4488 1106 4555; x_wconf 73' lang='grc'><strong>6616166.</strong></span> <span class='ocrx_word' id='word_1_476' title='bbox 1127 4495 1132 4569; x_wconf 98' lang='grc'><strong>1</strong></span> <span class='ocrx_word' id='word_1_477' title='bbox 1369 4491 1374 4572; x_wconf 97' lang='grc'><strong>1</strong></span> <span class='ocrx_word' id='word_1_478' title='bbox 1393 4497 1492 4553; x_wconf 78' lang='grc'><strong>5556</strong></span> <span class='ocrx_word' id='word_1_479' title='bbox 1514 4497 1661 4552; x_wconf 73' lang='grc'><strong>555155</strong></span> <span class='ocrx_word' id='word_1_480' title='bbox 1683 4497 1707 4550; x_wconf 83' lang='lat' dir='ltr'><strong>n</strong></span> <span class='ocrx_word' id='word_1_481' title='bbox 1726 4494 1885 4550; x_wconf 70' lang='lat' dir='ltr'><strong>osnnroo</strong></span> <span class='ocrx_word' id='word_1_482' title='bbox 1904 4489 1909 4568; x_wconf 95' lang='grc'><strong>1</strong></span> <span class='ocrx_word' id='word_1_483' title='bbox 1928 4507 2023 4552; x_wconf 76' lang='lat' dir='ltr'><strong>uersa</strong></span> <span class='ocrx_word' id='word_1_484' title='bbox 2045 4488 2159 4554; x_wconf 77' lang='grc'><strong>16166</strong></span> 
     </span>
     <span class='ocr_line' id='line_1_39' title="bbox 154 4596 2124 4689; baseline -0.003 -22"><span class='ocrx_word' id='word_1_485' title='bbox 154 4619 203 4679; x_wconf 71' lang='lat' dir='ltr'><strong>por</strong></span> <span class='ocrx_word' id='word_1_486' title='bbox 223 4602 395 4669; x_wconf 79' lang='lat' dir='ltr'><strong>Nicolaum</strong></span> <span class='ocrx_word' id='word_1_487' title='bbox 419 4605 497 4670; x_wconf 76' lang='lat' dir='ltr'><strong>Gol-</strong></span> <span class='ocrx_word' id='word_1_488' title='bbox 515 4606 520 4689; x_wconf 96' lang='grc'><strong>1</strong></span> <span class='ocrx_word' id='word_1_489' title='bbox 539 4606 659 4671; x_wconf 71' lang='lat' dir='ltr'><strong>larium</strong></span> <span class='ocrx_word' id='word_1_490' title='bbox 679 4612 684 4686; x_wconf 94' lang='grc'><strong>1</strong></span> <span class='ocrx_word' id='word_1_491' title='bbox 881 4600 1169 4687; x_wconf 74' lang='grc'><strong>1166611106111</strong></span> <span class='ocrx_word' id='word_1_492' title='bbox 1192 4610 1263 4665; x_wconf 77' lang='lat' dir='ltr'><strong>PER</strong></span> <span class='ocrx_word' id='word_1_493' title='bbox 1285 4609 1397 4665; x_wconf 78' lang='grc'><strong>11611-</strong></span> <span class='ocrx_word' id='word_1_494' title='bbox 1416 4601 1580 4685; x_wconf 71' lang='grc'><strong>1116115661</strong></span> <span class='ocrx_word' id='word_1_495' title='bbox 1601 4597 1771 4662; x_wconf 77' lang='lat' dir='ltr'><strong>Rtbclium.</strong></span> <span class='ocrx_word' id='word_1_496' title='bbox 1815 4596 2124 4682; x_wconf 71' lang='grc'><strong>6666111611611.</strong></span> 
     </span>
    </p>
   </div>
   <div class='ocr_carea' id='block_1_8' title="bbox 162 4758 2157 5075">
    <p class='ocr_par' dir='ltr' id='par_1_13' title="bbox 162 4758 2157 5075">
     <span class='ocr_line' id='line_1_40' title="bbox 297 4758 2156 4847; baseline -0.004 -16"><span class='ocrx_word' id='word_1_497' title='bbox 297 4767 424 4832; x_wconf 78' lang='lat' dir='ltr'><strong>Forma</strong></span> <span class='ocrx_word' id='word_1_498' title='bbox 451 4769 616 4834; x_wconf 86' lang='lat' dir='ltr'><strong>octonaria</strong></span> <span class='ocrx_word' id='word_1_499' title='bbox 642 4768 758 4833; x_wconf 89' lang='lat' dir='ltr'><strong>minor.</strong></span> <span class='ocrx_word' id='word_1_500' title='bbox 803 4765 1048 4847; x_wconf 78' lang='lat' dir='ltr'><strong>Quaterniones</strong></span> <span class='ocrx_word' id='word_1_501' title='bbox 1078 4763 1298 4847; x_wconf 80' lang='lat' dir='ltr'><strong>septendecim</strong></span> <span class='ocrx_word' id='word_1_502' title='bbox 1325 4784 1400 4828; x_wconf 90' lang='lat' dir='ltr'><strong>cum</strong></span> <span class='ocrx_word' id='word_1_503' title='bbox 1426 4762 1561 4826; x_wconf 92' lang='lat' dir='ltr'><strong>dimidio</strong></span> <span class='ocrx_word' id='word_1_504' title='bbox 1583 4758 1734 4844; x_wconf 75' lang='lat' dir='ltr'><strong>(A-s).</strong></span> <span class='ocrx_word' id='word_1_505' title='bbox 1779 4758 1874 4822; x_wconf 81' lang='lat' dir='ltr'><strong>Folia</strong></span> <span class='ocrx_word' id='word_1_506' title='bbox 1897 4759 1978 4838; x_wconf 89' lang='lat' dir='ltr'><strong>(uon</strong></span> <span class='ocrx_word' id='word_1_507' title='bbox 1999 4759 2156 4846; x_wconf 86' lang='lat' dir='ltr'><strong>paginae)</strong></span> 
     </span>
     <span class='ocr_line' id='line_1_41' title="bbox 162 4870 2157 4964; baseline -0.001 -26"><span class='ocrx_word' id='word_1_508' title='bbox 162 4884 320 4943; x_wconf 86' lang='lat' dir='ltr'><strong>numerata</strong></span> <span class='ocrx_word' id='word_1_509' title='bbox 344 4882 414 4943; x_wconf 82' lang='lat'><strong>140.</strong></span> <span class='ocrx_word' id='word_1_510' title='bbox 458 4879 545 4964; x_wconf 68' lang='lat' dir='ltr'><strong>Typi</strong></span> <span class='ocrx_word' id='word_1_511' title='bbox 568 4879 697 4946; x_wconf 85' lang='lat' dir='ltr'><strong>cursivi.</strong></span> <span class='ocrx_word' id='word_1_512' title='bbox 742 4878 814 4945; x_wconf 84' lang='lat' dir='ltr'><strong>Eol.</strong></span> <span class='ocrx_word' id='word_1_513' title='bbox 835 4883 918 4942; x_wconf 83' lang='lat'><strong>2-4</strong></span> <span class='ocrx_word' id='word_1_514' title='bbox 941 4877 1063 4961; x_wconf 90' lang='lat' dir='ltr'><strong>legitur</strong></span> <span class='ocrx_word' id='word_1_515' title='bbox 1080 4874 1219 4959; x_wconf 84' lang='lat' dir='ltr'><strong>epistola</strong></span> <span class='ocrx_word' id='word_1_516' title='bbox 1236 4873 1376 4939; x_wconf 80' lang='lat' dir='ltr'><strong>Gallasii</strong></span> <span class='ocrx_word' id='word_1_517' title='bbox 1393 4872 1632 4955; x_wconf 88' lang='lat' dir='ltr'><strong>nuncupatoria</strong></span> <span class='ocrx_word' id='word_1_518' title='bbox 1650 4871 1692 4935; x_wconf 86' lang='lat' dir='ltr'><strong>ad</strong></span> <span class='ocrx_word' id='word_1_519' title='bbox 1709 4870 1905 4950; x_wconf 79' lang='lat' dir='ltr'><strong>Fallesium3</strong></span> <span class='ocrx_word' id='word_1_520' title='bbox 1928 4871 1981 4934; x_wconf 90' lang='lat' dir='ltr'><strong>fol.</strong></span> <span class='ocrx_word' id='word_1_521' title='bbox 2003 4876 2020 4933; x_wconf 87' lang='lat'>5</span> <span class='ocrx_word' id='word_1_522' title='bbox 2038 4871 2157 4955; x_wconf 89' lang='lat' dir='ltr'><strong>incipit</strong></span> 
     </span>
     <span class='ocr_line' id='line_1_42' title="bbox 163 4982 2152 5075; baseline -0.003 -22"><span class='ocrx_word' id='word_1_523' title='bbox 163 4982 233 5053; x_wconf 85' lang='lat' dir='ltr'><strong>liber</strong></span> <span class='ocrx_word' id='word_1_524' title='bbox 251 4989 408 5056; x_wconf 84' lang='lat' dir='ltr'><strong>adversus</strong></span> <span class='ocrx_word' id='word_1_525' title='bbox 429 4992 675 5075; x_wconf 78' lang='lat' dir='ltr'><strong>Anabaptistas,</strong></span> <span class='ocrx_word' id='word_1_526' title='bbox 693 4991 746 5056; x_wconf 85' lang='lat' dir='ltr'><strong>fol.</strong></span> <span class='ocrx_word' id='word_1_527' title='bbox 771 4995 810 5056; x_wconf 84' lang='grc'><strong>51</strong></span> <span class='ocrx_word' id='word_1_528' title='bbox 834 4991 918 5056; x_wconf 82' lang='grc'><strong>51161·</strong></span> <span class='ocrx_word' id='word_1_529' title='bbox 940 4997 1053 5055; x_wconf 83' lang='lat' dir='ltr'><strong>contra</strong></span> <span class='ocrx_word' id='word_1_530' title='bbox 1070 4986 1270 5053; x_wconf 90' lang='lat' dir='ltr'><strong>Libertinos.</strong></span> <span class='ocrx_word' id='word_1_531' title='bbox 1315 4984 1358 5048; x_wconf 94' lang='lat' dir='ltr'><strong>In</strong></span> <span class='ocrx_word' id='word_1_532' title='bbox 1375 4985 1440 5048; x_wconf 88' lang='lat' dir='ltr'><strong>fine</strong></span> <span class='ocrx_word' id='word_1_533' title='bbox 1457 4983 1595 5067; x_wconf 91' lang='lat' dir='ltr'><strong>legitur:</strong></span> <span class='ocrx_word' id='word_1_534' title='bbox 1618 4983 2152 5067; x_wconf 78' lang='grc'><strong>1666116651166611611116-1</strong></span> 
     </span>
    </p>
   </div>
   <div class='ocr_carea' id='block_1_9' title="bbox 165 5091 2156 5299">
    <p class='ocr_par' dir='ltr' id='par_1_14' title="bbox 165 5091 2156 5299">
     <span class='ocr_line' id='line_1_43' title="bbox 165 5091 2156 5188; baseline -0.001 -25"><span class='ocrx_word' id='word_1_535' title='bbox 165 5091 249 5163; x_wconf 56' lang='lat' dir='ltr'><strong>bom</strong></span> <span class='ocrx_word' id='word_1_536' title='bbox 271 5098 439 5166; x_wconf 79' lang='lat' dir='ltr'><strong>Ribelium.</strong></span> <span class='ocrx_word' id='word_1_537' title='bbox 481 5102 577 5167; x_wconf 76' lang='lat' dir='ltr'><strong>Anao</strong></span> <span class='ocrx_word' id='word_1_538' title='bbox 596 5102 790 5188; x_wconf 74' lang='grc'><strong>1111111111.</strong></span> <span class='ocrx_word' id='word_1_539' title='bbox 832 5102 965 5168; x_wconf 79' lang='lat' dir='ltr'><strong>Folium</strong></span> <span class='ocrx_word' id='word_1_540' title='bbox 990 5100 1145 5167; x_wconf 89' lang='lat' dir='ltr'><strong>ultimum</strong></span> <span class='ocrx_word' id='word_1_541' title='bbox 1173 5117 1305 5162; x_wconf 87' lang='lat' dir='ltr'><strong>versum</strong></span> <span class='ocrx_word' id='word_1_542' title='bbox 1329 5093 1465 5161; x_wconf 86' lang='lat' dir='ltr'><strong>exhibet</strong></span> <span class='ocrx_word' id='word_1_543' title='bbox 1492 5093 1653 5161; x_wconf 87' lang='lat' dir='ltr'><strong>emblema</strong></span> <span class='ocrx_word' id='word_1_544' title='bbox 1680 5092 1804 5158; x_wconf 90' lang='lat' dir='ltr'><strong>Rihelii</strong></span> <span class='ocrx_word' id='word_1_545' title='bbox 1833 5091 1919 5176; x_wconf 91' lang='lat' dir='ltr'><strong>quod</strong></span> <span class='ocrx_word' id='word_1_546' title='bbox 1941 5092 1975 5156; x_wconf 91' lang='lat' dir='ltr'><strong>in</strong></span> <span class='ocrx_word' id='word_1_547' title='bbox 1997 5093 2156 5179; x_wconf 91' lang='lat' dir='ltr'><strong>Prolego-</strong></span> 
     </span>
     <span class='ocr_line' id='line_1_44' title="bbox 255 5219 1947 5299; baseline 0 -17"><span class='ocrx_word' id='word_1_548' title='bbox 255 5227 367 5283; x_wconf 76' lang='lat' dir='ltr'><strong>Ooloim&#39;</strong></span> <span class='ocrx_word' id='word_1_549' title='bbox 381 5244 469 5299; x_wconf 77' lang='lat' dir='ltr'><strong>opera</strong></span> <span class='ocrx_word' id='word_1_550' title='bbox 511 5229 659 5287; x_wconf 77' lang='grc'><strong>161111.</strong></span> <span class='ocrx_word' id='word_1_551' title='bbox 978 5232 982 5241; x_wconf 90' lang='lat'><em>&#39;</em></span> <span class='ocrx_word' id='word_1_552' title='bbox 1923 5219 1947 5272; x_wconf 83' lang='lat' dir='ltr'><em>D</em></span> 
     </span>
    </p>
   </div>
   <div class='ocr_carea' id='block_1_10' title="bbox 0 0 2316 5892">
    <p class='ocr_par' dir='ltr' id='par_1_15' title="bbox 0 0 2316 5892">
     <span class='ocr_line' id='line_1_45' title="bbox 0 0 2316 5892; baseline 0 0"><span class='ocrx_word' id='word_1_553' title='bbox 0 0 2316 5892; x_wconf 95' lang='lat' dir='ltr'><strong> </strong></span> 
     </span>
    </p>
   </div>
  </div>
 </body>
</html>
