<?xml version="1.0" encoding="UTF-8"?>
<!DOCTYPE html PUBLIC "-//W3C//DTD XHTML 1.0 Transitional//EN"
    "http://www.w3.org/TR/xhtml1/DTD/xhtml1-transitional.dtd">
<html xmlns="http://www.w3.org/1999/xhtml" xml:lang="en" lang="en">
 <head>
  <title>
</title>
<meta http-equiv="Content-Type" content="text/html;charset=utf-8" />
  <meta name='ocr-system' content='tesseract 3.04.00' />
  <meta name='ocr-capabilities' content='ocr_page ocr_carea ocr_par ocr_line ocrx_word'/>
</head>
<body>
  <div class='ocr_page' id='page_1' title='image "./ioanniscalvinio14calvgoog_0212.png"; bbox 0 0 4620 5894; ppageno 0'>
   <div class='ocr_carea' id='block_1_1' title="bbox 111 238 2132 317">
    <p class='ocr_par' dir='ltr' id='par_1_1' title="bbox 111 238 2132 317">
     <span class='ocr_line' id='line_1_1' title="bbox 111 238 2132 317; baseline 0.006 -14"><span class='ocrx_word' id='word_1_1' title='bbox 111 240 176 304; x_wconf 73' lang='grc'><strong>297</strong></span> <span class='ocrx_word' id='word_1_2' title='bbox 981 238 1265 308; x_wconf 78' lang='lat' dir='ltr'><strong>OALUMNIAS.</strong></span> <span class='ocrx_word' id='word_1_3' title='bbox 2067 252 2132 317; x_wconf 82' lang='lat'><strong>298</strong></span> 
     </span>
    </p>
   </div>
   <div class='ocr_carea' id='block_1_2' title="bbox 105 427 2192 5248">
    <p class='ocr_par' dir='ltr' id='par_1_2' title="bbox 105 427 2192 5248">
     <span class='ocr_line' id='line_1_2' title="bbox 110 427 2132 521; baseline 0.004 -27"><span class='ocrx_word' id='word_1_4' title='bbox 110 427 224 494; x_wconf 87' lang='grc'><strong>1111166.</strong></span> <span class='ocrx_word' id='word_1_5' title='bbox 269 427 448 494; x_wconf 70' lang='lat' dir='ltr'>Conclusio</span> <span class='ocrx_word' id='word_1_6' title='bbox 470 428 630 493; x_wconf 90' lang='lat' dir='ltr'><strong>sermonis</strong></span> <span class='ocrx_word' id='word_1_7' title='bbox 651 428 724 508; x_wconf 87' lang='grc'><strong>1111,</strong></span> <span class='ocrx_word' id='word_1_8' title='bbox 747 448 782 493; x_wconf 90' lang='grc'><strong>66</strong></span> <span class='ocrx_word' id='word_1_9' title='bbox 803 427 877 494; x_wconf 86' lang='grc'><strong>1166</strong></span> <span class='ocrx_word' id='word_1_10' title='bbox 898 428 1034 496; x_wconf 87' lang='grc'><strong>16111166</strong></span> <span class='ocrx_word' id='word_1_11' title='bbox 1056 430 1098 495; x_wconf 83' lang='grc'><strong>61</strong></span> <span class='ocrx_word' id='word_1_12' title='bbox 1150 428 1319 495; x_wconf 91' lang='lat' dir='ltr'><strong>Basileam</strong></span> <span class='ocrx_word' id='word_1_13' title='bbox 1341 429 1472 494; x_wconf 86' lang='lat' dir='ltr'><strong>reflexit</strong></span> <span class='ocrx_word' id='word_1_14' title='bbox 1497 428 1577 508; x_wconf 91' lang='lat' dir='ltr'><strong>iter,</strong></span> <span class='ocrx_word' id='word_1_15' title='bbox 1605 428 1739 514; x_wconf 90' lang='lat' dir='ltr'><strong>lougius</strong></span> <span class='ocrx_word' id='word_1_16' title='bbox 1759 449 1779 494; x_wconf 92' lang='lat' dir='ltr'><strong>a</strong></span> <span class='ocrx_word' id='word_1_17' title='bbox 1800 430 2020 521; x_wconf 85' lang='lat' dir='ltr'><strong>Letharingia</strong></span> <span class='ocrx_word' id='word_1_18' title='bbox 2041 458 2132 506; x_wconf 88' lang='grc'><strong>1666-</strong></span> 
     </span>
     <span class='ocr_line' id='line_1_3' title="bbox 115 512 2132 600; baseline 0.005 -20"><span class='ocrx_word' id='word_1_19' title='bbox 115 514 235 580; x_wconf 77' lang='lat' dir='ltr'><strong>fratres</strong></span> <span class='ocrx_word' id='word_1_20' title='bbox 254 519 293 579; x_wconf 91' lang='lat' dir='ltr'><strong>ut</strong></span> <span class='ocrx_word' id='word_1_21' title='bbox 320 514 374 597; x_wconf 93' lang='lat' dir='ltr'><strong>pie</strong></span> <span class='ocrx_word' id='word_1_22' title='bbox 403 533 478 579; x_wconf 91' lang='lat' dir='ltr'><strong>cum</strong></span> <span class='ocrx_word' id='word_1_23' title='bbox 514 514 595 598; x_wconf 89' lang='lat' dir='ltr'><strong>ipsis</strong></span> <span class='ocrx_word' id='word_1_24' title='bbox 616 512 690 580; x_wconf 91' lang='lat' dir='ltr'><strong>Deo</strong></span> <span class='ocrx_word' id='word_1_25' title='bbox 718 515 859 581; x_wconf 80' lang='lat' dir='ltr'><strong>serviret</strong></span> <span class='ocrx_word' id='word_1_26' title='bbox 891 516 1001 600; x_wconf 88' lang='lat' dir='ltr'><strong>quieta</strong></span> <span class='ocrx_word' id='word_1_27' title='bbox 1023 536 1099 582; x_wconf 91' lang='lat' dir='ltr'><strong>eon·</strong></span> <span class='ocrx_word' id='word_1_28' title='bbox 1151 513 1246 595; x_wconf 89' lang='lat' dir='ltr'><strong>dens,</strong></span> <span class='ocrx_word' id='word_1_29' title='bbox 1280 514 1336 580; x_wconf 89' lang='lat' dir='ltr'><strong>ubi</strong></span> <span class='ocrx_word' id='word_1_30' title='bbox 1363 514 1477 580; x_wconf 82' lang='lat' dir='ltr'>literas</span> <span class='ocrx_word' id='word_1_31' title='bbox 1504 515 1789 582; x_wconf 89' lang='lat' dir='ltr'><strong>commendatitias</strong></span> <span class='ocrx_word' id='word_1_32' title='bbox 1817 515 2004 587; x_wconf 80' lang='lat' dir='ltr'><strong>eblanditus</strong></span> <span class='ocrx_word' id='word_1_33' title='bbox 2032 531 2084 590; x_wconf 90' lang='lat' dir='ltr'><strong>est</strong></span> <span class='ocrx_word' id='word_1_34' title='bbox 2111 546 2132 591; x_wconf 91' lang='grc'><strong>6</strong></span> 
     </span>
     <span class='ocr_line' id='line_1_4' title="bbox 112 599 2132 692; baseline 0.004 -24"><span class='ocrx_word' id='word_1_35' title='bbox 112 600 261 680; x_wconf 87' lang='grc'><strong>66161116,</strong></span> <span class='ocrx_word' id='word_1_36' title='bbox 295 600 451 684; x_wconf 91' lang='lat' dir='ltr'><strong>quoniam</strong></span> <span class='ocrx_word' id='word_1_37' title='bbox 484 600 520 665; x_wconf 92' lang='lat' dir='ltr'><strong>in</strong></span> <span class='ocrx_word' id='word_1_38' title='bbox 553 599 665 666; x_wconf 81' lang='lat' dir='ltr'><strong>Gallia</strong></span> <span class='ocrx_word' id='word_1_39' title='bbox 696 600 730 665; x_wconf 91' lang='lat' dir='ltr'><strong>id</strong></span> <span class='ocrx_word' id='word_1_40' title='bbox 761 622 827 665; x_wconf 92' lang='lat' dir='ltr'><strong>non</strong></span> <span class='ocrx_word' id='word_1_41' title='bbox 849 601 976 680; x_wconf 87' lang='lat' dir='ltr'><strong>liceret,</strong></span> <span class='ocrx_word' id='word_1_42' title='bbox 1009 601 1098 667; x_wconf 91' lang='lat' dir='ltr'><strong>unde</strong></span> <span class='ocrx_word' id='word_1_43' title='bbox 1150 600 1317 685; x_wconf 79' lang='lat' dir='ltr'><strong>Grynaeo,</strong></span> <span class='ocrx_word' id='word_1_44' title='bbox 1338 599 1456 684; x_wconf 91' lang='lat' dir='ltr'><strong>quibus</strong></span> <span class='ocrx_word' id='word_1_45' title='bbox 1473 608 1610 666; x_wconf 86' lang='lat' dir='ltr'><strong>onustus</strong></span> <span class='ocrx_word' id='word_1_46' title='bbox 1628 603 1886 685; x_wconf 81' lang='lat' dir='ltr'><strong>Argentoratum</strong></span> <span class='ocrx_word' id='word_1_47' title='bbox 1908 625 1952 685; x_wconf 91' lang='lat' dir='ltr'><strong>se,</strong></span> <span class='ocrx_word' id='word_1_48' title='bbox 1975 615 2132 692; x_wconf 88' lang='lat' dir='ltr'><strong>tanquam</strong></span> 
     </span>
     <span class='ocr_line' id='line_1_5' title="bbox 114 685 2132 774; baseline 0.004 -21"><span class='ocrx_word' id='word_1_49' title='bbox 114 685 272 753; x_wconf 75' lang='lat' dir='ltr'><strong>Christus</strong></span> <span class='ocrx_word' id='word_1_50' title='bbox 305 706 381 752; x_wconf 90' lang='grc'><strong>6111</strong></span> <span class='ocrx_word' id='word_1_51' title='bbox 409 707 470 752; x_wconf 89' lang='grc'><strong>616</strong></span> <span class='ocrx_word' id='word_1_52' title='bbox 503 686 674 770; x_wconf 88' lang='lat' dir='ltr'><strong>evangelio</strong></span> <span class='ocrx_word' id='word_1_53' title='bbox 707 686 847 752; x_wconf 90' lang='lat' dir='ltr'><strong>exsulat.</strong></span> <span class='ocrx_word' id='word_1_54' title='bbox 891 687 978 752; x_wconf 91' lang='lat' dir='ltr'><strong>Nam</strong></span> <span class='ocrx_word' id='word_1_55' title='bbox 1011 687 1098 771; x_wconf 93' lang='lat' dir='ltr'><strong>quod</strong></span> <span class='ocrx_word' id='word_1_56' title='bbox 1149 687 1185 751; x_wconf 92' lang='lat' dir='ltr'><strong>in</strong></span> <span class='ocrx_word' id='word_1_57' title='bbox 1214 687 1370 752; x_wconf 88' lang='lat' dir='ltr'><strong>ultimum</strong></span> <span class='ocrx_word' id='word_1_58' title='bbox 1392 687 1532 772; x_wconf 81' lang='lat' dir='ltr'><strong>asylum,</strong></span> <span class='ocrx_word' id='word_1_59' title='bbox 1555 689 1687 770; x_wconf 89' lang='lat' dir='ltr'><strong>recepit.</strong></span> <span class='ocrx_word' id='word_1_60' title='bbox 1732 688 1864 756; x_wconf 87' lang='lat' dir='ltr'><strong>Literas</strong></span> <span class='ocrx_word' id='word_1_61' title='bbox 1891 712 1993 774; x_wconf 93' lang='lat' dir='ltr'><strong>quum</strong></span> <span class='ocrx_word' id='word_1_62' title='bbox 2021 695 2132 762; x_wconf 87' lang='lat' dir='ltr'><strong>reddi-</strong></span> 
     </span>
     <span class='ocr_line' id='line_1_6' title="bbox 110 771 2131 861; baseline 0.004 -22"><span class='ocrx_word' id='word_1_63' title='bbox 110 773 264 852; x_wconf 81' lang='lat' dir='ltr'><strong>missam,</strong></span> <span class='ocrx_word' id='word_1_64' title='bbox 286 777 459 856; x_wconf 86' lang='lat' dir='ltr'><strong>postquam</strong></span> <span class='ocrx_word' id='word_1_65' title='bbox 482 773 583 839; x_wconf 92' lang='lat' dir='ltr'><strong>variis</strong></span> <span class='ocrx_word' id='word_1_66' title='bbox 605 772 936 857; x_wconf 78' lang='lat' dir='ltr'><strong>tergiversationibus</strong></span> <span class='ocrx_word' id='word_1_67' title='bbox 958 773 1097 840; x_wconf 89' lang='lat' dir='ltr'><strong>evadere</strong></span> <span class='ocrx_word' id='word_1_68' title='bbox 1150 772 1251 838; x_wconf 87' lang='lat' dir='ltr'><strong>disset</strong></span> <span class='ocrx_word' id='word_1_69' title='bbox 1277 771 1439 855; x_wconf 76' lang='lat' dir='ltr'><strong>Capitoni,</strong></span> <span class='ocrx_word' id='word_1_70' title='bbox 1464 772 1593 839; x_wconf 89' lang='lat' dir='ltr'><strong>Bucero</strong></span> <span class='ocrx_word' id='word_1_71' title='bbox 1617 781 1651 838; x_wconf 92' lang='lat' dir='ltr'><strong>et</strong></span> <span class='ocrx_word' id='word_1_72' title='bbox 1672 772 1829 854; x_wconf 77' lang='lat' dir='ltr'><strong>Calvino,</strong></span> <span class='ocrx_word' id='word_1_73' title='bbox 1853 783 1982 861; x_wconf 88' lang='lat' dir='ltr'><strong>tempus</strong></span> <span class='ocrx_word' id='word_1_74' title='bbox 2004 779 2068 845; x_wconf 88' lang='lat' dir='ltr'><strong>sibi</strong></span> <span class='ocrx_word' id='word_1_75' title='bbox 2089 782 2131 847; x_wconf 88' lang='lat' dir='ltr'><strong>ad</strong></span> 
     </span>
     <span class='ocr_line' id='line_1_7' title="bbox 108 857 2132 944; baseline 0.004 -20"><span class='ocrx_word' id='word_1_76' title='bbox 108 879 179 925; x_wconf 89' lang='lat' dir='ltr'><strong>uon</strong></span> <span class='ocrx_word' id='word_1_77' title='bbox 199 865 344 942; x_wconf 92' lang='lat' dir='ltr'><strong>poterat,</strong></span> <span class='ocrx_word' id='word_1_78' title='bbox 372 864 543 941; x_wconf 88' lang='lat' dir='ltr'><strong>tamquam</strong></span> <span class='ocrx_word' id='word_1_79' title='bbox 563 857 766 923; x_wconf 88' lang='lat' dir='ltr'><strong>horrendum</strong></span> <span class='ocrx_word' id='word_1_80' title='bbox 789 858 997 944; x_wconf 88' lang='lat' dir='ltr'><strong>sacrilegium</strong></span> <span class='ocrx_word' id='word_1_81' title='bbox 1019 860 1096 925; x_wconf 89' lang='lat' dir='ltr'><strong>abo·</strong></span> <span class='ocrx_word' id='word_1_82' title='bbox 1149 857 1347 941; x_wconf 79' lang='lat' dir='ltr'><strong>colloquium</strong></span> <span class='ocrx_word' id='word_1_83' title='bbox 1366 858 1437 923; x_wconf 92' lang='lat' dir='ltr'><strong>dari</strong></span> <span class='ocrx_word' id='word_1_84' title='bbox 1454 859 1557 942; x_wconf 89' lang='lat' dir='ltr'><strong>petiit.</strong></span> <span class='ocrx_word' id='word_1_85' title='bbox 1592 857 1690 941; x_wconf 77' lang='lat' dir='ltr'><strong>Quod</strong></span> <span class='ocrx_word' id='word_1_86' title='bbox 1708 879 1899 927; x_wconf 86' lang='lat' dir='ltr'><strong>concessum</strong></span> <span class='ocrx_word' id='word_1_87' title='bbox 1917 871 1976 943; x_wconf 90' lang='grc'><strong>661,</strong></span> <span class='ocrx_word' id='word_1_88' title='bbox 1999 869 2132 935; x_wconf 84' lang='lat' dir='ltr'><strong>tametsi</strong></span> 
     </span>
     <span class='ocr_line' id='line_1_8' title="bbox 108 943 2133 1028; baseline 0.005 -18"><span class='ocrx_word' id='word_1_89' title='bbox 108 945 259 1010; x_wconf 85' lang='lat' dir='ltr'><strong>minatus</strong></span> <span class='ocrx_word' id='word_1_90' title='bbox 280 952 345 1024; x_wconf 91' lang='lat' dir='ltr'><strong>est,</strong></span> <span class='ocrx_word' id='word_1_91' title='bbox 375 945 453 1027; x_wconf 92' lang='lat' dir='ltr'><strong>quia</strong></span> <span class='ocrx_word' id='word_1_92' title='bbox 474 943 516 1008; x_wconf 85' lang='lat' dir='ltr'><strong>ad</strong></span> <span class='ocrx_word' id='word_1_93' title='bbox 538 964 670 1011; x_wconf 89' lang='lat' dir='ltr'><strong>causam</strong></span> <span class='ocrx_word' id='word_1_94' title='bbox 691 952 898 1027; x_wconf 78' lang='lat' dir='ltr'><strong>praesentem</strong></span> <span class='ocrx_word' id='word_1_95' title='bbox 919 967 986 1011; x_wconf 93' lang='lat' dir='ltr'><strong>non</strong></span> <span class='ocrx_word' id='word_1_96' title='bbox 1007 946 1094 1025; x_wconf 84' lang='lat' dir='ltr'><strong>facit,</strong></span> <span class='ocrx_word' id='word_1_97' title='bbox 1149 943 1309 1009; x_wconf 81' lang='lat' dir='ltr'><strong>Calvinus</strong></span> <span class='ocrx_word' id='word_1_98' title='bbox 1330 945 1491 1010; x_wconf 89' lang='lat' dir='ltr'><strong>interesse</strong></span> <span class='ocrx_word' id='word_1_99' title='bbox 1509 943 1624 1023; x_wconf 88' lang='lat' dir='ltr'><strong>noluit,</strong></span> <span class='ocrx_word' id='word_1_100' title='bbox 1647 966 1710 1028; x_wconf 91' lang='lat' dir='ltr'><strong>quo</strong></span> <span class='ocrx_word' id='word_1_101' title='bbox 1731 945 1868 1012; x_wconf 90' lang='lat' dir='ltr'><strong>liberius</strong></span> <span class='ocrx_word' id='word_1_102' title='bbox 1887 949 2017 1017; x_wconf 86' lang='lat' dir='ltr'><strong>effutire</strong></span> <span class='ocrx_word' id='word_1_103' title='bbox 2034 953 2133 1020; x_wconf 89' lang='lat' dir='ltr'><strong>aude·</strong></span> 
     </span>
     <span class='ocr_line' id='line_1_9' title="bbox 107 1029 2132 1121; baseline 0.004 -24"><span class='ocrx_word' id='word_1_104' title='bbox 107 1051 201 1098; x_wconf 88' lang='lat' dir='ltr'><strong>nunc</strong></span> <span class='ocrx_word' id='word_1_105' title='bbox 222 1031 348 1096; x_wconf 89' lang='lat' dir='ltr'><strong>omitto.</strong></span> <span class='ocrx_word' id='word_1_106' title='bbox 1148 1038 1200 1095; x_wconf 90' lang='lat' dir='ltr'><strong>ret</strong></span> <span class='ocrx_word' id='word_1_107' title='bbox 1222 1030 1361 1096; x_wconf 78' lang='lat' dir='ltr'><strong>Carolus</strong></span> <span class='ocrx_word' id='word_1_108' title='bbox 1384 1035 1457 1110; x_wconf 78' lang='lat' dir='ltr'><strong>[pag.</strong></span> <span class='ocrx_word' id='word_1_109' title='bbox 1479 1034 1531 1109; x_wconf 87' lang='lat'><strong>12]</strong></span> <span class='ocrx_word' id='word_1_110' title='bbox 1554 1032 1582 1095; x_wconf 91' lang='lat' dir='ltr'><strong>si</strong></span> <span class='ocrx_word' id='word_1_111' title='bbox 1604 1029 1683 1115; x_wconf 91' lang='lat' dir='ltr'><strong>quid</strong></span> <span class='ocrx_word' id='word_1_112' title='bbox 1702 1031 1839 1098; x_wconf 90' lang='lat' dir='ltr'><strong>haberet</strong></span> <span class='ocrx_word' id='word_1_113' title='bbox 1862 1033 2022 1103; x_wconf 87' lang='lat' dir='ltr'><strong>adversus</strong></span> <span class='ocrx_word' id='word_1_114' title='bbox 2044 1061 2132 1121; x_wconf 92' lang='lat' dir='ltr'><strong>eum,</strong></span> 
     </span>
     <span class='ocr_line' id='line_1_10' title="bbox 199 1115 2131 1204; baseline 0.005 -23"><span class='ocrx_word' id='word_1_115' title='bbox 199 1120 275 1197; x_wconf 76' lang='lat' dir='ltr'><strong>[pag.</strong></span> <span class='ocrx_word' id='word_1_116' title='bbox 301 1121 355 1196; x_wconf 91' lang='lat'><strong>10]</strong></span> <span class='ocrx_word' id='word_1_117' title='bbox 379 1115 463 1196; x_wconf 80' lang='lat' dir='ltr'><strong>Quis</strong></span> <span class='ocrx_word' id='word_1_118' title='bbox 485 1116 567 1182; x_wconf 89' lang='lat' dir='ltr'><strong>haec</strong></span> <span class='ocrx_word' id='word_1_119' title='bbox 590 1117 709 1197; x_wconf 90' lang='lat' dir='ltr'><strong>omnia,</strong></span> <span class='ocrx_word' id='word_1_120' title='bbox 735 1137 818 1199; x_wconf 89' lang='lat' dir='ltr'><strong>quae</strong></span> <span class='ocrx_word' id='word_1_121' title='bbox 841 1118 982 1196; x_wconf 89' lang='lat' dir='ltr'><strong>narravi,</strong></span> <span class='ocrx_word' id='word_1_122' title='bbox 1005 1118 1095 1182; x_wconf 89' lang='lat' dir='ltr'><strong>affir-</strong></span> <span class='ocrx_word' id='word_1_123' title='bbox 1148 1115 1424 1199; x_wconf 92' lang='lat' dir='ltr'><strong>quemadmodum</strong></span> <span class='ocrx_word' id='word_1_124' title='bbox 1445 1117 1577 1182; x_wconf 90' lang='lat' dir='ltr'><strong>biennio</strong></span> <span class='ocrx_word' id='word_1_125' title='bbox 1596 1124 1672 1183; x_wconf 91' lang='grc'><strong>6116</strong></span> <span class='ocrx_word' id='word_1_126' title='bbox 1694 1126 1935 1200; x_wconf 88' lang='lat' dir='ltr'><strong>praetexuerat.</strong></span> <span class='ocrx_word' id='word_1_127' title='bbox 1966 1121 2131 1204; x_wconf 64' lang='grc'><strong>(111661-</strong></span> 
     </span>
     <span class='ocr_line' id='line_1_11' title="bbox 109 1201 2131 1287; baseline 0.004 -19"><span class='ocrx_word' id='word_1_128' title='bbox 109 1208 199 1283; x_wconf 91' lang='lat' dir='ltr'><strong>mat,</strong></span> <span class='ocrx_word' id='word_1_129' title='bbox 232 1223 276 1269; x_wconf 90' lang='lat' dir='ltr'><strong>ne</strong></span> <span class='ocrx_word' id='word_1_130' title='bbox 303 1203 478 1268; x_wconf 88' lang='lat' dir='ltr'><strong>autoritate</strong></span> <span class='ocrx_word' id='word_1_131' title='bbox 507 1210 618 1269; x_wconf 88' lang='lat' dir='ltr'><strong>eareat</strong></span> <span class='ocrx_word' id='word_1_132' title='bbox 649 1201 809 1268; x_wconf 86' lang='lat' dir='ltr'><strong>historia?</strong></span> <span class='ocrx_word' id='word_1_133' title='bbox 862 1203 1096 1287; x_wconf 78' lang='grc' dir='ltr'><strong>Ν61166“6616</strong></span> <span class='ocrx_word' id='word_1_134' title='bbox 1147 1210 1216 1267; x_wconf 91' lang='lat' dir='ltr'><strong>tem</strong></span> <span class='ocrx_word' id='word_1_135' title='bbox 1244 1202 1465 1286; x_wconf 82' lang='lat' dir='ltr'><strong>compluribus</strong></span> <span class='ocrx_word' id='word_1_136' title='bbox 1498 1201 1612 1268; x_wconf 92' lang='lat' dir='ltr'><strong>diebus</strong></span> <span class='ocrx_word' id='word_1_137' title='bbox 1639 1203 1789 1286; x_wconf 87' lang='lat' dir='ltr'><strong>prolixus</strong></span> <span class='ocrx_word' id='word_1_138' title='bbox 1823 1205 1863 1271; x_wconf 90' lang='lat' dir='ltr'><strong>de</strong></span> <span class='ocrx_word' id='word_1_139' title='bbox 1896 1207 1995 1274; x_wconf 90' lang='lat' dir='ltr'><strong>rebus</strong></span> <span class='ocrx_word' id='word_1_140' title='bbox 2029 1213 2131 1277; x_wconf 89' lang='lat' dir='ltr'><strong>variis</strong></span> 
     </span>
     <span class='ocr_line' id='line_1_12' title="bbox 114 1288 2132 1376; baseline 0.004 -21"><span class='ocrx_word' id='word_1_141' title='bbox 114 1289 284 1373; x_wconf 86' lang='lat' dir='ltr'><strong>extemplo</strong></span> <span class='ocrx_word' id='word_1_142' title='bbox 304 1289 472 1355; x_wconf 91' lang='lat' dir='ltr'><strong>communi</strong></span> <span class='ocrx_word' id='word_1_143' title='bbox 494 1289 643 1354; x_wconf 88' lang='lat' dir='ltr'><strong>omnium</strong></span> <span class='ocrx_word' id='word_1_144' title='bbox 672 1309 832 1355; x_wconf 88' lang='grc'><strong>66116111</strong></span> <span class='ocrx_word' id='word_1_145' title='bbox 862 1290 1008 1355; x_wconf 88' lang='grc'><strong>66116616</strong></span> <span class='ocrx_word' id='word_1_146' title='bbox 1028 1290 1099 1354; x_wconf 87' lang='lat' dir='ltr'><strong>fue·</strong></span> <span class='ocrx_word' id='word_1_147' title='bbox 1147 1288 1280 1354; x_wconf 90' lang='lat' dir='ltr'><strong>habitus</strong></span> <span class='ocrx_word' id='word_1_148' title='bbox 1307 1289 1371 1354; x_wconf 90' lang='grc'><strong>1111</strong></span> <span class='ocrx_word' id='word_1_149' title='bbox 1396 1308 1519 1368; x_wconf 89' lang='lat' dir='ltr'><strong>sermo,</strong></span> <span class='ocrx_word' id='word_1_150' title='bbox 1555 1311 1653 1372; x_wconf 92' lang='lat' dir='ltr'><strong>quem</strong></span> <span class='ocrx_word' id='word_1_151' title='bbox 1687 1311 1857 1356; x_wconf 88' lang='lat' dir='ltr'><strong>recensere</strong></span> <span class='ocrx_word' id='word_1_152' title='bbox 1890 1313 2132 1376; x_wconf 90' lang='lat' dir='ltr'><strong>supervacuum</strong></span> 
     </span>
     <span class='ocr_line' id='line_1_13' title="bbox 112 1373 2131 1464; baseline 0.004 -24"><span class='ocrx_word' id='word_1_153' title='bbox 112 1382 211 1455; x_wconf 88' lang='lat' dir='ltr'><strong>runt,</strong></span> <span class='ocrx_word' id='word_1_154' title='bbox 234 1395 319 1459; x_wconf 90' lang='lat' dir='ltr'><strong>quae</strong></span> <span class='ocrx_word' id='word_1_155' title='bbox 340 1373 427 1458; x_wconf 92' lang='lat' dir='ltr'><strong>apud</strong></span> <span class='ocrx_word' id='word_1_156' title='bbox 449 1376 568 1440; x_wconf 87' lang='grc'><strong>1161166</strong></span> <span class='ocrx_word' id='word_1_157' title='bbox 589 1374 687 1439; x_wconf 89' lang='lat' dir='ltr'><strong>hodie</strong></span> <span class='ocrx_word' id='word_1_158' title='bbox 710 1380 848 1440; x_wconf 89' lang='lat' dir='ltr'><strong>exstant.</strong></span> <span class='ocrx_word' id='word_1_159' title='bbox 894 1376 964 1442; x_wconf 91' lang='lat' dir='ltr'><strong>Nec</strong></span> <span class='ocrx_word' id='word_1_160' title='bbox 986 1375 1099 1440; x_wconf 90' lang='lat' dir='ltr'><strong>dubito</strong></span> <span class='ocrx_word' id='word_1_161' title='bbox 1147 1375 1246 1453; x_wconf 89' lang='grc'><strong>16161,</strong></span> <span class='ocrx_word' id='word_1_162' title='bbox 1273 1395 1437 1440; x_wconf 90' lang='lat' dir='ltr'><strong>summam</strong></span> <span class='ocrx_word' id='word_1_163' title='bbox 1460 1382 1684 1442; x_wconf 87' lang='lat' dir='ltr'><strong>tantumcom</strong></span> <span class='ocrx_word' id='word_1_164' title='bbox 1709 1376 1820 1442; x_wconf 88' lang='grc'><strong>166161.</strong></span> <span class='ocrx_word' id='word_1_165' title='bbox 1866 1377 2005 1446; x_wconf 86' lang='grc'><strong>0616116</strong></span> <span class='ocrx_word' id='word_1_166' title='bbox 2027 1402 2131 1464; x_wconf 92' lang='lat' dir='ltr'><strong>quum</strong></span> 
     </span>
     <span class='ocr_line' id='line_1_14' title="bbox 111 1458 2131 1611; baseline 0.004 -85"><span class='ocrx_word' id='word_1_167' title='bbox 111 1461 196 1611; x_wconf 58' lang='grc'><strong>3111</strong></span> <span class='ocrx_word' id='word_1_168' title='bbox 219 1461 390 1544; x_wconf 85' lang='lat' dir='ltr'><strong>exemplar</strong></span> <span class='ocrx_word' id='word_1_169' title='bbox 412 1481 524 1527; x_wconf 89' lang='lat' dir='ltr'><strong>secum</strong></span> <span class='ocrx_word' id='word_1_170' title='bbox 554 1461 728 1526; x_wconf 90' lang='lat' dir='ltr'><strong>abstulerit</strong></span> <span class='ocrx_word' id='word_1_171' title='bbox 755 1461 826 1544; x_wconf 92' lang='lat' dir='ltr'><strong>ipse</strong></span> <span class='ocrx_word' id='word_1_172' title='bbox 850 1459 998 1526; x_wconf 78' lang='lat' dir='ltr'><strong>Carolus.</strong></span> <span class='ocrx_word' id='word_1_173' title='bbox 1031 1462 1098 1525; x_wconf 92' lang='lat' dir='ltr'><strong>Re·</strong></span> <span class='ocrx_word' id='word_1_174' title='bbox 1147 1481 1291 1544; x_wconf 90' lang='lat' dir='ltr'><strong>purgare</strong></span> <span class='ocrx_word' id='word_1_175' title='bbox 1314 1481 1350 1526; x_wconf 92' lang='lat' dir='ltr'><strong>se</strong></span> <span class='ocrx_word' id='word_1_176' title='bbox 1372 1459 1505 1526; x_wconf 91' lang='lat' dir='ltr'><strong>deberet</strong></span> <span class='ocrx_word' id='word_1_177' title='bbox 1527 1458 1568 1525; x_wconf 92' lang='lat' dir='ltr'><strong>de</strong></span> <span class='ocrx_word' id='word_1_178' title='bbox 1590 1483 1651 1527; x_wconf 90' lang='lat' dir='ltr'><strong>sua</strong></span> <span class='ocrx_word' id='word_1_179' title='bbox 1696 1463 1881 1542; x_wconf 80' lang='lat' dir='ltr'><strong>incessione,</strong></span> <span class='ocrx_word' id='word_1_180' title='bbox 1905 1466 1995 1530; x_wconf 92' lang='lat' dir='ltr'><strong>omni</strong></span> <span class='ocrx_word' id='word_1_181' title='bbox 2018 1474 2131 1534; x_wconf 89' lang='lat' dir='ltr'><strong>autem</strong></span> 
     </span>
     <span class='ocr_line' id='line_1_15' title="bbox 136 1545 2130 1631; baseline 0.004 -20"><span class='ocrx_word' id='word_1_182' title='bbox 136 1553 259 1631; x_wconf 83' lang='lat' dir='ltr'><strong>arguat</strong></span> <span class='ocrx_word' id='word_1_183' title='bbox 278 1568 332 1613; x_wconf 90' lang='lat' dir='ltr'><strong>me</strong></span> <span class='ocrx_word' id='word_1_184' title='bbox 353 1545 427 1611; x_wconf 89' lang='grc'><strong>16161</strong></span> <span class='ocrx_word' id='word_1_185' title='bbox 449 1548 485 1611; x_wconf 92' lang='grc'><strong>11</strong></span> <span class='ocrx_word' id='word_1_186' title='bbox 503 1546 640 1614; x_wconf 90' lang='lat' dir='ltr'><strong>verbulo</strong></span> <span class='ocrx_word' id='word_1_187' title='bbox 662 1569 729 1612; x_wconf 92' lang='lat' dir='ltr'><strong>uno</strong></span> <span class='ocrx_word' id='word_1_188' title='bbox 747 1548 775 1612; x_wconf 92' lang='lat' dir='ltr'><strong>si</strong></span> <span class='ocrx_word' id='word_1_189' title='bbox 793 1552 909 1631; x_wconf 86' lang='lat' dir='ltr'><strong>potest.</strong></span> <span class='ocrx_word' id='word_1_190' title='bbox 943 1548 1010 1613; x_wconf 89' lang='lat' dir='ltr'><strong>Hic</strong></span> <span class='ocrx_word' id='word_1_191' title='bbox 1031 1549 1099 1612; x_wconf 88' lang='lat' dir='ltr'><strong>iam</strong></span> <span class='ocrx_word' id='word_1_192' title='bbox 1148 1546 1287 1612; x_wconf 90' lang='grc'><strong>11616616</strong></span> <span class='ocrx_word' id='word_1_193' title='bbox 1304 1547 1413 1613; x_wconf 89' lang='grc'><strong>661616</strong></span> <span class='ocrx_word' id='word_1_194' title='bbox 1431 1554 1579 1612; x_wconf 88' lang='grc'><strong>66116161</strong></span> <span class='ocrx_word' id='word_1_195' title='bbox 1598 1568 1633 1612; x_wconf 93' lang='grc'><strong>66</strong></span> <span class='ocrx_word' id='word_1_196' title='bbox 1651 1547 1796 1627; x_wconf 90' lang='lat' dir='ltr'><strong>destitui,</strong></span> <span class='ocrx_word' id='word_1_197' title='bbox 1814 1548 1856 1613; x_wconf 93' lang='lat' dir='ltr'><strong>ad</strong></span> <span class='ocrx_word' id='word_1_198' title='bbox 1874 1549 1936 1615; x_wconf 92' lang='grc'><strong>1166</strong></span> <span class='ocrx_word' id='word_1_199' title='bbox 1952 1553 2130 1620; x_wconf 90' lang='lat' dir='ltr'><strong>artificium</strong></span> 
     </span>
     <span class='ocr_line' id='line_1_16' title="bbox 108 1630 2129 1718; baseline 0.004 -21"><span class='ocrx_word' id='word_1_200' title='bbox 108 1652 192 1717; x_wconf 88' lang='lat' dir='ltr'><strong>ergo</strong></span> <span class='ocrx_word' id='word_1_201' title='bbox 209 1633 380 1699; x_wconf 87' lang='lat' dir='ltr'><strong>convietus</strong></span> <span class='ocrx_word' id='word_1_202' title='bbox 398 1639 532 1698; x_wconf 90' lang='lat' dir='ltr'><strong>tenetur</strong></span> <span class='ocrx_word' id='word_1_203' title='bbox 550 1654 625 1698; x_wconf 90' lang='lat' dir='ltr'><strong>cum</strong></span> <span class='ocrx_word' id='word_1_204' title='bbox 641 1633 828 1698; x_wconf 89' lang='lat' dir='ltr'><strong>meretricia</strong></span> <span class='ocrx_word' id='word_1_205' title='bbox 845 1653 906 1698; x_wconf 90' lang='lat' dir='ltr'><strong>sua</strong></span> <span class='ocrx_word' id='word_1_206' title='bbox 921 1634 1097 1715; x_wconf 85' lang='lat' dir='ltr'><strong>protervia,</strong></span> <span class='ocrx_word' id='word_1_207' title='bbox 1145 1633 1299 1717; x_wconf 85' lang='lat' dir='ltr'><strong>confugit.</strong></span> <span class='ocrx_word' id='word_1_208' title='bbox 1345 1630 1525 1699; x_wconf 84' lang='lat' dir='ltr'><strong>Simulavit</strong></span> <span class='ocrx_word' id='word_1_209' title='bbox 1545 1655 1580 1698; x_wconf 92' lang='lat' dir='ltr'><strong>se</strong></span> <span class='ocrx_word' id='word_1_210' title='bbox 1601 1635 1637 1698; x_wconf 93' lang='lat' dir='ltr'><strong>in</strong></span> <span class='ocrx_word' id='word_1_211' title='bbox 1659 1633 1721 1698; x_wconf 88' lang='lat' dir='ltr'><strong>hac</strong></span> <span class='ocrx_word' id='word_1_212' title='bbox 1747 1635 1937 1718; x_wconf 91' lang='lat' dir='ltr'><strong>opinionum</strong></span> <span class='ocrx_word' id='word_1_213' title='bbox 1959 1639 2129 1718; x_wconf 87' lang='lat' dir='ltr'><strong>varietate,</strong></span> 
     </span>
     <span class='ocr_line' id='line_1_17' title="bbox 107 1716 2130 1804; baseline 0.003 -21"><span class='ocrx_word' id='word_1_214' title='bbox 107 1725 211 1802; x_wconf 85' lang='lat' dir='ltr'><strong>alque</strong></span> <span class='ocrx_word' id='word_1_215' title='bbox 232 1716 295 1784; x_wconf 92' lang='grc'><strong>1166</strong></span> <span class='ocrx_word' id='word_1_216' title='bbox 321 1726 360 1784; x_wconf 89' lang='grc'><strong>11</strong></span> <span class='ocrx_word' id='word_1_217' title='bbox 388 1720 554 1801; x_wconf 90' lang='lat' dir='ltr'><strong>specimen</strong></span> <span class='ocrx_word' id='word_1_218' title='bbox 582 1719 798 1802; x_wconf 84' lang='lat' dir='ltr'><strong>ingenuitatis</strong></span> <span class='ocrx_word' id='word_1_219' title='bbox 826 1718 897 1784; x_wconf 93' lang='lat' dir='ltr'><strong>eius</strong></span> <span class='ocrx_word' id='word_1_220' title='bbox 920 1718 1095 1803; x_wconf 83' lang='lat' dir='ltr'><strong>diligenter</strong></span> <span class='ocrx_word' id='word_1_221' title='bbox 1147 1719 1265 1801; x_wconf 93' lang='lat' dir='ltr'><strong>quibus</strong></span> <span class='ocrx_word' id='word_1_222' title='bbox 1293 1719 1389 1785; x_wconf 89' lang='lat' dir='ltr'><strong>hodie</strong></span> <span class='ocrx_word' id='word_1_223' title='bbox 1418 1720 1573 1785; x_wconf 89' lang='lat' dir='ltr'><strong>turbatur</strong></span> <span class='ocrx_word' id='word_1_224' title='bbox 1599 1719 1758 1799; x_wconf 91' lang='lat' dir='ltr'><strong>mundus,</strong></span> <span class='ocrx_word' id='word_1_225' title='bbox 1791 1742 1826 1786; x_wconf 91' lang='lat' dir='ltr'><strong>se</strong></span> <span class='ocrx_word' id='word_1_226' title='bbox 1855 1742 1984 1804; x_wconf 89' lang='lat' dir='ltr'><strong>quoque</strong></span> <span class='ocrx_word' id='word_1_227' title='bbox 2012 1724 2130 1791; x_wconf 89' lang='lat' dir='ltr'><strong>multis</strong></span> 
     </span>
     <span class='ocr_line' id='line_1_18' title="bbox 107 1803 2130 1890; baseline 0.003 -21"><span class='ocrx_word' id='word_1_228' title='bbox 107 1803 303 1888; x_wconf 82' lang='lat' dir='ltr'><strong>expendant</strong></span> <span class='ocrx_word' id='word_1_229' title='bbox 319 1804 466 1883; x_wconf 88' lang='lat' dir='ltr'><strong>lectores,</strong></span> <span class='ocrx_word' id='word_1_230' title='bbox 487 1806 585 1870; x_wconf 90' lang='lat' dir='ltr'><strong>etiam</strong></span> <span class='ocrx_word' id='word_1_231' title='bbox 604 1815 701 1889; x_wconf 88' lang='lat' dir='ltr'><strong>atque</strong></span> <span class='ocrx_word' id='word_1_232' title='bbox 719 1806 818 1870; x_wconf 90' lang='lat' dir='ltr'><strong>etiam</strong></span> <span class='ocrx_word' id='word_1_233' title='bbox 837 1804 922 1869; x_wconf 93' lang='lat' dir='ltr'><strong>mihi</strong></span> <span class='ocrx_word' id='word_1_234' title='bbox 938 1804 1095 1870; x_wconf 91' lang='lat' dir='ltr'><strong>monendi</strong></span> <span class='ocrx_word' id='word_1_235' title='bbox 1147 1803 1404 1872; x_wconf 88' lang='lat' dir='ltr'><strong>dubitationibus</strong></span> <span class='ocrx_word' id='word_1_236' title='bbox 1427 1805 1597 1890; x_wconf 90' lang='lat' dir='ltr'><strong>abreptum</strong></span> <span class='ocrx_word' id='word_1_237' title='bbox 1619 1805 1736 1883; x_wconf 88' lang='grc'><strong>111666,</strong></span> <span class='ocrx_word' id='word_1_238' title='bbox 1760 1814 1799 1870; x_wconf 91' lang='grc'><strong>11</strong></span> <span class='ocrx_word' id='word_1_239' title='bbox 1820 1808 1967 1874; x_wconf 87' lang='lat' dir='ltr'><strong>incertus</strong></span> <span class='ocrx_word' id='word_1_240' title='bbox 1989 1810 2130 1876; x_wconf 88' lang='grc'><strong>1116116-</strong></span> 
     </span>
     <span class='ocr_line' id='line_1_19' title="bbox 108 1890 2130 1976; baseline 0.003 -21"><span class='ocrx_word' id='word_1_241' title='bbox 108 1897 203 1956; x_wconf 88' lang='grc'><strong>6111</strong></span> <span class='ocrx_word' id='word_1_242' title='bbox 249 1891 717 1976; x_wconf 68' lang='grc'><strong>16111616111616616116116</strong></span> <span class='ocrx_word' id='word_1_243' title='bbox 740 1891 1095 1957; x_wconf 84' lang='grc'><strong>11661116116116616</strong></span> <span class='ocrx_word' id='word_1_244' title='bbox 1146 1898 1249 1955; x_wconf 89' lang='lat' dir='ltr'><strong>retur.</strong></span> <span class='ocrx_word' id='word_1_245' title='bbox 1294 1891 1348 1956; x_wconf 90' lang='lat' dir='ltr'><strong>Ita</strong></span> <span class='ocrx_word' id='word_1_246' title='bbox 1370 1891 1410 1956; x_wconf 88' lang='lat' dir='ltr'><strong>de</strong></span> <span class='ocrx_word' id='word_1_247' title='bbox 1438 1890 1576 1975; x_wconf 89' lang='lat' dir='ltr'><strong>singulis</strong></span> <span class='ocrx_word' id='word_1_248' title='bbox 1605 1892 1852 1974; x_wconf 90' lang='lat' dir='ltr'><strong>quaestionibus</strong></span> <span class='ocrx_word' id='word_1_249' title='bbox 1879 1893 1977 1959; x_wconf 92' lang='lat' dir='ltr'><strong>hodie</strong></span> <span class='ocrx_word' id='word_1_250' title='bbox 1999 1901 2130 1962; x_wconf 88' lang='lat' dir='ltr'><strong>contro-</strong></span> 
     </span>
     <span class='ocr_line' id='line_1_20' title="bbox 107 1975 2131 2061; baseline 0.002 -19"><span class='ocrx_word' id='word_1_251' title='bbox 107 1975 273 2061; x_wconf 87' lang='lat' dir='ltr'><strong>gloriatur</strong></span> <span class='ocrx_word' id='word_1_252' title='bbox 293 1998 329 2042; x_wconf 94' lang='lat' dir='ltr'><strong>se</strong></span> <span class='ocrx_word' id='word_1_253' title='bbox 351 1975 392 2042; x_wconf 88' lang='lat' dir='ltr'><strong>ad</strong></span> <span class='ocrx_word' id='word_1_254' title='bbox 413 1975 529 2043; x_wconf 91' lang='lat' dir='ltr'><strong>ducem</strong></span> <span class='ocrx_word' id='word_1_255' title='bbox 547 1977 787 2060; x_wconf 83' lang='lat' dir='ltr'><strong>Lethariugiae</strong></span> <span class='ocrx_word' id='word_1_256' title='bbox 808 1978 990 2060; x_wconf 87' lang='lat' dir='ltr'><strong>profectum</strong></span> <span class='ocrx_word' id='word_1_257' title='bbox 1012 1997 1093 2056; x_wconf 90' lang='lat' dir='ltr'><strong>esse,</strong></span> <span class='ocrx_word' id='word_1_258' title='bbox 1146 1977 1253 2042; x_wconf 90' lang='lat' dir='ltr'><strong>versis</strong></span> <span class='ocrx_word' id='word_1_259' title='bbox 1273 1977 1368 2042; x_wconf 93' lang='lat' dir='ltr'><strong>illum</strong></span> <span class='ocrx_word' id='word_1_260' title='bbox 1385 1984 1544 2060; x_wconf 87' lang='lat' dir='ltr'><strong>tanquam</strong></span> <span class='ocrx_word' id='word_1_261' title='bbox 1564 1978 1728 2043; x_wconf 91' lang='lat' dir='ltr'><strong>novitium</strong></span> <span class='ocrx_word' id='word_1_262' title='bbox 1746 1977 1890 2061; x_wconf 89' lang='lat' dir='ltr'><strong>aliquem</strong></span> <span class='ocrx_word' id='word_1_263' title='bbox 1908 1978 2053 2046; x_wconf 87' lang='grc'><strong>1666116</strong></span> <span class='ocrx_word' id='word_1_264' title='bbox 2096 2004 2131 2047; x_wconf 92' lang='lat' dir='ltr'><strong>r-</strong></span> 
     </span>
     <span class='ocr_line' id='line_1_21' title="bbox 106 2062 2131 2146; baseline 0.003 -20"><span class='ocrx_word' id='word_1_265' title='bbox 106 2068 149 2126; x_wconf 91' lang='lat' dir='ltr'><strong>ut</strong></span> <span class='ocrx_word' id='word_1_266' title='bbox 168 2062 398 2141; x_wconf 79' lang='grc'><strong>111111611161,</strong></span> <span class='ocrx_word' id='word_1_267' title='bbox 428 2064 525 2129; x_wconf 91' lang='lat' dir='ltr'><strong>sicuti</strong></span> <span class='ocrx_word' id='word_1_268' title='bbox 546 2071 658 2143; x_wconf 90' lang='lat' dir='ltr'><strong>vocat,</strong></span> <span class='ocrx_word' id='word_1_269' title='bbox 688 2062 836 2129; x_wconf 89' lang='lat' dir='ltr'><strong>evicino</strong></span> <span class='ocrx_word' id='word_1_270' title='bbox 863 2063 933 2129; x_wconf 91' lang='grc'><strong>1666</strong></span> <span class='ocrx_word' id='word_1_271' title='bbox 961 2063 1094 2146; x_wconf 90' lang='lat' dir='ltr'><strong>propius</strong></span> <span class='ocrx_word' id='word_1_272' title='bbox 1147 2062 1224 2140; x_wconf 91' lang='lat' dir='ltr'><strong>tuit,</strong></span> <span class='ocrx_word' id='word_1_273' title='bbox 1259 2083 1446 2146; x_wconf 89' lang='lat' dir='ltr'><strong>quanquam</strong></span> <span class='ocrx_word' id='word_1_274' title='bbox 1481 2084 1548 2128; x_wconf 92' lang='lat' dir='ltr'><strong>non</strong></span> <span class='ocrx_word' id='word_1_275' title='bbox 1583 2063 1727 2128; x_wconf 91' lang='lat' dir='ltr'><strong>multum</strong></span> <span class='ocrx_word' id='word_1_276' title='bbox 1758 2064 1794 2127; x_wconf 90' lang='lat' dir='ltr'><strong>in</strong></span> <span class='ocrx_word' id='word_1_277' title='bbox 1823 2063 1886 2131; x_wconf 90' lang='lat' dir='ltr'><strong>hac</strong></span> <span class='ocrx_word' id='word_1_278' title='bbox 1915 2087 1951 2130; x_wconf 89' lang='lat' dir='ltr'><strong>re</strong></span> <span class='ocrx_word' id='word_1_279' title='bbox 1978 2066 2057 2132; x_wconf 83' lang='lat' dir='ltr'><strong>exhi</strong></span> <span class='ocrx_word' id='word_1_280' title='bbox 2080 2069 2131 2133; x_wconf 91' lang='lat' dir='ltr'><strong>uit</strong></span> 
     </span>
     <span class='ocr_line' id='line_1_22' title="bbox 106 2147 2131 2233; baseline 0.003 -21"><span class='ocrx_word' id='word_1_281' title='bbox 106 2155 256 2233; x_wconf 81' lang='lat' dir='ltr'><strong>urgeret</strong></span> <span class='ocrx_word' id='word_1_282' title='bbox 305 2150 378 2232; x_wconf 83' lang='lat' dir='ltr'><strong>Ego</strong></span> <span class='ocrx_word' id='word_1_283' title='bbox 411 2157 522 2214; x_wconf 88' lang='lat' dir='ltr'><strong>autem</strong></span> <span class='ocrx_word' id='word_1_284' title='bbox 553 2156 669 2216; x_wconf 91' lang='lat' dir='ltr'><strong>contra</strong></span> <span class='ocrx_word' id='word_1_285' title='bbox 701 2149 803 2233; x_wconf 89' lang='lat' dir='ltr'><strong>digito</strong></span> <span class='ocrx_word' id='word_1_286' title='bbox 836 2148 972 2214; x_wconf 89' lang='lat' dir='ltr'><strong>ostendo</strong></span> <span class='ocrx_word' id='word_1_287' title='bbox 1003 2155 1095 2214; x_wconf 90' lang='grc'><strong>16616</strong></span> <span class='ocrx_word' id='word_1_288' title='bbox 1146 2147 1316 2214; x_wconf 87' lang='lat' dir='ltr'><strong>molestiae</strong></span> <span class='ocrx_word' id='word_1_289' title='bbox 1337 2150 1503 2229; x_wconf 88' lang='lat' dir='ltr'><strong>fratribus,</strong></span> <span class='ocrx_word' id='word_1_290' title='bbox 1526 2149 1668 2215; x_wconf 89' lang='lat' dir='ltr'><strong>libenter</strong></span> <span class='ocrx_word' id='word_1_291' title='bbox 1689 2150 1788 2214; x_wconf 91' lang='lat' dir='ltr'><strong>enim·</strong></span> <span class='ocrx_word' id='word_1_292' title='bbox 1801 2150 1993 2217; x_wconf 88' lang='lat' dir='ltr'><strong>universam</strong></span> <span class='ocrx_word' id='word_1_293' title='bbox 2014 2173 2131 2219; x_wconf 90' lang='lat' dir='ltr'><strong>eorum</strong></span> 
     </span>
     <span class='ocr_line' id='line_1_23' title="bbox 107 2231 2131 2320; baseline 0.003 -22"><span class='ocrx_word' id='word_1_294' title='bbox 107 2231 208 2299; x_wconf 91' lang='lat' dir='ltr'><strong>illum</strong></span> <span class='ocrx_word' id='word_1_295' title='bbox 229 2232 271 2298; x_wconf 87' lang='lat' dir='ltr'><strong>ad</strong></span> <span class='ocrx_word' id='word_1_296' title='bbox 293 2255 348 2300; x_wconf 91' lang='grc'><strong>661</strong></span> <span class='ocrx_word' id='word_1_297' title='bbox 370 2235 459 2320; x_wconf 90' lang='lat' dir='ltr'><strong>ipsos</strong></span> <span class='ocrx_word' id='word_1_298' title='bbox 481 2236 674 2314; x_wconf 85' lang='lat' dir='ltr'><strong>cucurrisse,</strong></span> <span class='ocrx_word' id='word_1_299' title='bbox 698 2234 892 2318; x_wconf 86' lang='lat' dir='ltr'><strong>suppliciter</strong></span> <span class='ocrx_word' id='word_1_300' title='bbox 910 2235 1094 2302; x_wconf 88' lang='grc'><strong>6611666111</strong></span> <span class='ocrx_word' id='word_1_301' title='bbox 1147 2233 1329 2301; x_wconf 88' lang='lat' dir='ltr'><strong>doctrinam</strong></span> <span class='ocrx_word' id='word_1_302' title='bbox 1352 2236 1524 2318; x_wconf 91' lang='lat' dir='ltr'><strong>amplexus</strong></span> <span class='ocrx_word' id='word_1_303' title='bbox 1547 2242 1605 2314; x_wconf 92' lang='lat' dir='ltr'><strong>est,</strong></span> <span class='ocrx_word' id='word_1_304' title='bbox 1629 2234 1795 2300; x_wconf 88' lang='lat' dir='ltr'><strong>damnatis</strong></span> <span class='ocrx_word' id='word_1_305' title='bbox 1813 2238 2018 2318; x_wconf 91' lang='lat' dir='ltr'><strong>papistarum</strong></span> <span class='ocrx_word' id='word_1_306' title='bbox 2040 2259 2131 2304; x_wconf 89' lang='lat' dir='ltr'><strong>erro·</strong></span> 
     </span>
     <span class='ocr_line' id='line_1_24' title="bbox 109 2318 2130 2408; baseline 0.003 -22"><span class='ocrx_word' id='word_1_307' title='bbox 109 2338 150 2386; x_wconf 84' lang='grc'><strong>66</strong></span> <span class='ocrx_word' id='word_1_308' title='bbox 167 2318 380 2403; x_wconf 89' lang='lat' dir='ltr'><strong>deprecatum</strong></span> <span class='ocrx_word' id='word_1_309' title='bbox 397 2321 498 2387; x_wconf 87' lang='lat' dir='ltr'><strong>fuisse</strong></span> <span class='ocrx_word' id='word_1_310' title='bbox 515 2321 655 2405; x_wconf 89' lang='lat' dir='ltr'><strong>eulpam,</strong></span> <span class='ocrx_word' id='word_1_311' title='bbox 675 2321 763 2404; x_wconf 90' lang='lat' dir='ltr'><strong>quod</strong></span> <span class='ocrx_word' id='word_1_312' title='bbox 779 2321 845 2386; x_wconf 89' lang='grc'><strong>11116</strong></span> <span class='ocrx_word' id='word_1_313' title='bbox 862 2321 1094 2399; x_wconf 85' lang='lat' dir='ltr'><strong>maledixisset,</strong></span> <span class='ocrx_word' id='word_1_314' title='bbox 1147 2320 1247 2386; x_wconf 89' lang='lat' dir='ltr'><strong>ribus.</strong></span> <span class='ocrx_word' id='word_1_315' title='bbox 1281 2319 1394 2402; x_wconf 83' lang='lat' dir='ltr'><strong>Quum</strong></span> <span class='ocrx_word' id='word_1_316' title='bbox 1412 2328 1545 2406; x_wconf 86' lang='lat' dir='ltr'><strong>putaret</strong></span> <span class='ocrx_word' id='word_1_317' title='bbox 1567 2341 1601 2387; x_wconf 92' lang='lat' dir='ltr'><strong>se</strong></span> <span class='ocrx_word' id='word_1_318' title='bbox 1621 2320 1777 2405; x_wconf 90' lang='lat' dir='ltr'><strong>effugisse</strong></span> <span class='ocrx_word' id='word_1_319' title='bbox 1799 2320 1907 2405; x_wconf 85' lang='lat' dir='ltr'><strong>longis</strong></span> <span class='ocrx_word' id='word_1_320' title='bbox 1926 2323 2130 2408; x_wconf 86' lang='lat' dir='ltr'><strong>ambagibus,</strong></span> 
     </span>
     <span class='ocr_line' id='line_1_25' title="bbox 108 2405 2129 2491; baseline 0.003 -21"><span class='ocrx_word' id='word_1_321' title='bbox 108 2406 312 2489; x_wconf 84' lang='lat' dir='ltr'><strong>approbasse</strong></span> <span class='ocrx_word' id='word_1_322' title='bbox 333 2414 436 2472; x_wconf 91' lang='lat' dir='ltr'><strong>totam</strong></span> <span class='ocrx_word' id='word_1_323' title='bbox 458 2428 572 2472; x_wconf 89' lang='lat' dir='ltr'><strong>eorum</strong></span> <span class='ocrx_word' id='word_1_324' title='bbox 594 2407 794 2486; x_wconf 90' lang='lat' dir='ltr'><strong>doctrinam,</strong></span> <span class='ocrx_word' id='word_1_325' title='bbox 824 2406 933 2472; x_wconf 85' lang='lat' dir='ltr'><strong>locum</strong></span> <span class='ocrx_word' id='word_1_326' title='bbox 955 2406 1096 2489; x_wconf 87' lang='lat' dir='ltr'><strong>denique</strong></span> <span class='ocrx_word' id='word_1_327' title='bbox 1147 2427 1190 2471; x_wconf 91' lang='lat' dir='ltr'><strong>ue</strong></span> <span class='ocrx_word' id='word_1_328' title='bbox 1213 2405 1403 2473; x_wconf 86' lang='lat' dir='ltr'><strong>deiectionis</strong></span> <span class='ocrx_word' id='word_1_329' title='bbox 1431 2427 1510 2474; x_wconf 88' lang='lat' dir='ltr'><strong>suae</strong></span> <span class='ocrx_word' id='word_1_330' title='bbox 1538 2408 1664 2473; x_wconf 87' lang='lat' dir='ltr'><strong>crimen</strong></span> <span class='ocrx_word' id='word_1_331' title='bbox 1690 2407 1971 2491; x_wconf 89' lang='lat' dir='ltr'><strong>incognitionem</strong></span> <span class='ocrx_word' id='word_1_332' title='bbox 1991 2411 2129 2490; x_wconf 89' lang='lat' dir='ltr'><strong>veniret,</strong></span> 
     </span>
     <span class='ocr_line' id='line_1_26' title="bbox 107 2489 2192 2580; baseline 0.003 -24"><span class='ocrx_word' id='word_1_333' title='bbox 107 2489 198 2575; x_wconf 84' lang='lat' dir='ltr'><strong>apud</strong></span> <span class='ocrx_word' id='word_1_334' title='bbox 218 2511 275 2558; x_wconf 87' lang='lat' dir='ltr'><strong>ees</strong></span> <span class='ocrx_word' id='word_1_335' title='bbox 296 2491 430 2559; x_wconf 87' lang='lat' dir='ltr'><strong>vivendi</strong></span> <span class='ocrx_word' id='word_1_336' title='bbox 447 2514 590 2578; x_wconf 83' lang='lat' dir='ltr'><strong>rogasse,</strong></span> <span class='ocrx_word' id='word_1_337' title='bbox 613 2493 690 2576; x_wconf 89' lang='lat' dir='ltr'><strong>quia</strong></span> <span class='ocrx_word' id='word_1_338' title='bbox 708 2493 748 2558; x_wconf 93' lang='lat' dir='ltr'><strong>ab</strong></span> <span class='ocrx_word' id='word_1_339' title='bbox 769 2493 938 2576; x_wconf 89' lang='lat' dir='ltr'><strong>impietate</strong></span> <span class='ocrx_word' id='word_1_340' title='bbox 955 2501 1095 2577; x_wconf 91' lang='lat' dir='ltr'><strong>papatus</strong></span> <span class='ocrx_word' id='word_1_341' title='bbox 1147 2491 1226 2557; x_wconf 90' lang='lat' dir='ltr'><strong>illue</strong></span> <span class='ocrx_word' id='word_1_342' title='bbox 1249 2499 1361 2558; x_wconf 89' lang='lat' dir='ltr'><strong>tamen</strong></span> <span class='ocrx_word' id='word_1_343' title='bbox 1384 2492 1517 2558; x_wconf 90' lang='lat' dir='ltr'><strong>demum</strong></span> <span class='ocrx_word' id='word_1_344' title='bbox 1539 2500 1702 2559; x_wconf 87' lang='lat' dir='ltr'><strong>retractus</strong></span> <span class='ocrx_word' id='word_1_345' title='bbox 1724 2493 1796 2557; x_wconf 93' lang='grc'><strong>1111.</strong></span> <span class='ocrx_word' id='word_1_346' title='bbox 1829 2492 1871 2558; x_wconf 94' lang='lat' dir='ltr'><strong>In</strong></span> <span class='ocrx_word' id='word_1_347' title='bbox 1893 2494 1946 2560; x_wconf 92' lang='lat' dir='ltr'><strong>his</strong></span> <span class='ocrx_word' id='word_1_348' title='bbox 1966 2496 2130 2580; x_wconf 86' lang='lat' dir='ltr'><strong>angustiis</strong></span> <span class='ocrx_word' id='word_1_349' title='bbox 2190 2548 2192 2552; x_wconf 28' lang='lat'><em>⁴</em></span> 
     </span>
     <span class='ocr_line' id='line_1_27' title="bbox 110 2576 2130 2661; baseline 0.002 -19"><span class='ocrx_word' id='word_1_350' title='bbox 110 2576 260 2643; x_wconf 72' lang='grc'><strong>61111616</strong></span> <span class='ocrx_word' id='word_1_351' title='bbox 283 2597 319 2643; x_wconf 89' lang='grc'><strong>66</strong></span> <span class='ocrx_word' id='word_1_352' title='bbox 342 2578 450 2644; x_wconf 89' lang='lat' dir='ltr'><strong>vellet.</strong></span> <span class='ocrx_word' id='word_1_353' title='bbox 1148 2577 1271 2643; x_wconf 91' lang='lat' dir='ltr'><strong>sudans</strong></span> <span class='ocrx_word' id='word_1_354' title='bbox 1304 2599 1342 2643; x_wconf 90' lang='grc'><strong>66</strong></span> <span class='ocrx_word' id='word_1_355' title='bbox 1373 2578 1555 2658; x_wconf 88' lang='lat' dir='ltr'><strong>haesitans,</strong></span> <span class='ocrx_word' id='word_1_356' title='bbox 1589 2577 1684 2643; x_wconf 90' lang='lat' dir='ltr'><strong>initio</strong></span> <span class='ocrx_word' id='word_1_357' title='bbox 1717 2578 1848 2661; x_wconf 90' lang='lat' dir='ltr'><strong>culpam</strong></span> <span class='ocrx_word' id='word_1_358' title='bbox 1875 2579 2040 2661; x_wconf 89' lang='lat' dir='ltr'><strong>derivare,</strong></span> <span class='ocrx_word' id='word_1_359' title='bbox 2076 2582 2130 2649; x_wconf 94' lang='lat' dir='ltr'><strong>vel</strong></span> 
     </span>
     <span class='ocr_line' id='line_1_28' title="bbox 197 2662 2129 2750; baseline 0.003 -22"><span class='ocrx_word' id='word_1_360' title='bbox 197 2662 334 2729; x_wconf 90' lang='lat' dir='ltr'><strong>Interea</strong></span> <span class='ocrx_word' id='word_1_361' title='bbox 355 2685 459 2747; x_wconf 92' lang='lat' dir='ltr'><strong>quum</strong></span> <span class='ocrx_word' id='word_1_362' title='bbox 481 2664 645 2731; x_wconf 88' lang='lat' dir='ltr'><strong>adventus</strong></span> <span class='ocrx_word' id='word_1_363' title='bbox 668 2664 896 2729; x_wconf 90' lang='lat' dir='ltr'><strong>eiusBernam</strong></span> <span class='ocrx_word' id='word_1_364' title='bbox 919 2664 1096 2730; x_wconf 87' lang='lat' dir='ltr'><strong>nunciatus</strong></span> <span class='ocrx_word' id='word_1_365' title='bbox 1147 2663 1267 2730; x_wconf 88' lang='lat' dir='ltr'><strong>saltem</strong></span> <span class='ocrx_word' id='word_1_366' title='bbox 1297 2663 1414 2747; x_wconf 88' lang='lat' dir='ltr'><strong>culpae</strong></span> <span class='ocrx_word' id='word_1_367' title='bbox 1435 2671 1564 2748; x_wconf 89' lang='lat' dir='ltr'><strong>partem</strong></span> <span class='ocrx_word' id='word_1_368' title='bbox 1585 2665 1622 2729; x_wconf 92' lang='lat' dir='ltr'><strong>in</strong></span> <span class='ocrx_word' id='word_1_369' title='bbox 1644 2663 1725 2730; x_wconf 88' lang='lat' dir='ltr'><strong>alios</strong></span> <span class='ocrx_word' id='word_1_370' title='bbox 1749 2664 1868 2744; x_wconf 89' lang='lat' dir='ltr'><strong>volvit,</strong></span> <span class='ocrx_word' id='word_1_371' title='bbox 1899 2673 1937 2730; x_wconf 91' lang='lat' dir='ltr'><strong>ut</strong></span> <span class='ocrx_word' id='word_1_372' title='bbox 1961 2687 1997 2732; x_wconf 89' lang='lat' dir='ltr'><strong>se</strong></span> <span class='ocrx_word' id='word_1_373' title='bbox 2019 2666 2129 2750; x_wconf 90' lang='lat' dir='ltr'><strong>aliquo</strong></span> 
     </span>
     <span class='ocr_line' id='line_1_29' title="bbox 106 2749 2130 2836; baseline 0.002 -21"><span class='ocrx_word' id='word_1_374' title='bbox 106 2750 206 2829; x_wconf 86' lang='lat' dir='ltr'><strong>foret,</strong></span> <span class='ocrx_word' id='word_1_375' title='bbox 227 2750 323 2816; x_wconf 91' lang='lat' dir='ltr'><strong>missi</strong></span> <span class='ocrx_word' id='word_1_376' title='bbox 345 2758 423 2816; x_wconf 89' lang='lat' dir='ltr'><strong>suut</strong></span> <span class='ocrx_word' id='word_1_377' title='bbox 443 2751 545 2836; x_wconf 89' lang='lat' dir='ltr'><strong>legati</strong></span> <span class='ocrx_word' id='word_1_378' title='bbox 567 2750 631 2815; x_wconf 92' lang='lat' dir='ltr'><strong>duc</strong></span> <span class='ocrx_word' id='word_1_379' title='bbox 653 2749 904 2835; x_wconf 84' lang='lat' dir='ltr'><strong>Agathopolim,</strong></span> <span class='ocrx_word' id='word_1_380' title='bbox 929 2751 986 2833; x_wconf 92' lang='lat' dir='ltr'><strong>qui</strong></span> <span class='ocrx_word' id='word_1_381' title='bbox 1008 2750 1096 2814; x_wconf 91' lang='lat' dir='ltr'><strong>iniu-</strong></span> <span class='ocrx_word' id='word_1_382' title='bbox 1146 2750 1244 2814; x_wconf 91' lang='lat' dir='ltr'><strong>modo</strong></span> <span class='ocrx_word' id='word_1_383' title='bbox 1266 2751 1457 2816; x_wconf 83' lang='lat' dir='ltr'><strong>extricaret:</strong></span> <span class='ocrx_word' id='word_1_384' title='bbox 1477 2749 2130 2820; x_wconf 82' lang='grc'><strong>(116616161111666661616116111111616</strong></span> 
     </span>
     <span class='ocr_line' id='line_1_30' title="bbox 108 2834 2128 2922; baseline 0.002 -20"><span class='ocrx_word' id='word_1_385' title='bbox 108 2835 239 2902; x_wconf 78' lang='lat' dir='ltr'><strong>riarum</strong></span> <span class='ocrx_word' id='word_1_386' title='bbox 261 2857 338 2902; x_wconf 87' lang='lat' dir='ltr'><strong>oum</strong></span> <span class='ocrx_word' id='word_1_387' title='bbox 355 2857 393 2902; x_wconf 91' lang='grc'><strong>66</strong></span> <span class='ocrx_word' id='word_1_388' title='bbox 416 2844 562 2921; x_wconf 86' lang='lat' dir='ltr'><strong>agerent,</strong></span> <span class='ocrx_word' id='word_1_389' title='bbox 585 2836 670 2920; x_wconf 92' lang='lat' dir='ltr'><strong>quod</strong></span> <span class='ocrx_word' id='word_1_390' title='bbox 688 2837 885 2902; x_wconf 88' lang='lat' dir='ltr'><strong>Bernatium</strong></span> <span class='ocrx_word' id='word_1_391' title='bbox 903 2835 1095 2921; x_wconf 85' lang='lat' dir='ltr'><strong>religionem</strong></span> <span class='ocrx_word' id='word_1_392' title='bbox 1147 2835 1272 2915; x_wconf 89' lang='lat' dir='ltr'><strong>datam,</strong></span> <span class='ocrx_word' id='word_1_393' title='bbox 1313 2844 1449 2920; x_wconf 91' lang='lat' dir='ltr'><strong>propter</strong></span> <span class='ocrx_word' id='word_1_394' title='bbox 1481 2843 1604 2902; x_wconf 89' lang='lat' dir='ltr'><strong>motam</strong></span> <span class='ocrx_word' id='word_1_395' title='bbox 1642 2834 1682 2902; x_wconf 88' lang='lat' dir='ltr'><strong>de</strong></span> <span class='ocrx_word' id='word_1_396' title='bbox 1721 2836 1889 2904; x_wconf 92' lang='lat' dir='ltr'><strong>nonnullis</strong></span> <span class='ocrx_word' id='word_1_397' title='bbox 1921 2838 2128 2922; x_wconf 87' lang='lat' dir='ltr'><strong>dogmatibus</strong></span> 
     </span>
     <span class='ocr_line' id='line_1_31' title="bbox 105 2920 2129 3007; baseline 0.001 -20"><span class='ocrx_word' id='word_1_398' title='bbox 105 2921 183 2987; x_wconf 91' lang='lat' dir='ltr'><strong>ins</strong></span> <span class='ocrx_word' id='word_1_399' title='bbox 229 2921 408 3007; x_wconf 89' lang='lat' dir='ltr'><strong>plicatione</strong></span> <span class='ocrx_word' id='word_1_400' title='bbox 429 2922 539 2988; x_wconf 91' lang='lat' dir='ltr'><strong>bullae</strong></span> <span class='ocrx_word' id='word_1_401' title='bbox 562 2920 758 2988; x_wconf 90' lang='lat' dir='ltr'><strong>damnasset.</strong></span> <span class='ocrx_word' id='word_1_402' title='bbox 795 2923 952 2988; x_wconf 89' lang='lat' dir='ltr'><strong>Protinus</strong></span> <span class='ocrx_word' id='word_1_403' title='bbox 973 2921 1096 2988; x_wconf 90' lang='lat' dir='ltr'><strong>iniecta</strong></span> <span class='ocrx_word' id='word_1_404' title='bbox 1146 2923 1438 3002; x_wconf 89' lang='lat' dir='ltr'><strong>concertationem,</strong></span> <span class='ocrx_word' id='word_1_405' title='bbox 1467 2923 1525 2988; x_wconf 90' lang='lat' dir='ltr'><strong>sed</strong></span> <span class='ocrx_word' id='word_1_406' title='bbox 1554 2943 1656 3007; x_wconf 91' lang='lat' dir='ltr'><strong>quum</strong></span> <span class='ocrx_word' id='word_1_407' title='bbox 1685 2923 1747 2988; x_wconf 93' lang='lat' dir='ltr'><strong>hoc</strong></span> <span class='ocrx_word' id='word_1_408' title='bbox 1774 2922 1823 2987; x_wconf 90' lang='lat' dir='ltr'><strong>illi</strong></span> <span class='ocrx_word' id='word_1_409' title='bbox 1845 2931 2040 3007; x_wconf 86' lang='lat' dir='ltr'><strong>negaretur,</strong></span> <span class='ocrx_word' id='word_1_410' title='bbox 2070 2947 2129 2990; x_wconf 90' lang='lat' dir='ltr'><strong>ex-</strong></span> 
     </span>
     <span class='ocr_line' id='line_1_32' title="bbox 106 2943 2130 3092; baseline 0 -18"><span class='ocrx_word' id='word_1_411' title='bbox 106 2943 1094 3089; x_wconf 71' lang='grc' dir='ltr'><strong>ω1111116116;161111661611111161;6161116616</strong></span> <span class='ocrx_word' id='word_1_412' title='bbox 1146 3008 1250 3092; x_wconf 90' lang='lat' dir='ltr'><strong>pungi</strong></span> <span class='ocrx_word' id='word_1_413' title='bbox 1271 3011 1397 3092; x_wconf 56' lang='lat' dir='ltr'><strong>:passus</strong></span> <span class='ocrx_word' id='word_1_414' title='bbox 1420 3015 1478 3074; x_wconf 88' lang='grc'><strong>611.</strong></span> <span class='ocrx_word' id='word_1_415' title='bbox 1522 3008 1686 3074; x_wconf 89' lang='lat' dir='ltr'><strong>Restabat</strong></span> <span class='ocrx_word' id='word_1_416' title='bbox 1710 3016 1748 3073; x_wconf 93' lang='lat' dir='ltr'><strong>ut</strong></span> <span class='ocrx_word' id='word_1_417' title='bbox 1775 3015 1943 3074; x_wconf 87' lang='lat' dir='ltr'><strong>extremae</strong></span> <span class='ocrx_word' id='word_1_418' title='bbox 1970 3010 2130 3092; x_wconf 88' lang='lat' dir='ltr'><strong>perfidiae</strong></span> 
     </span>
     <span class='ocr_line' id='line_1_33' title="bbox 108 3093 2130 3179; baseline 0.001 -20"><span class='ocrx_word' id='word_1_419' title='bbox 108 3100 168 3160; x_wconf 86' lang='lat' dir='ltr'><strong>tus</strong></span> <span class='ocrx_word' id='word_1_420' title='bbox 195 3100 263 3173; x_wconf 89' lang='lat' dir='ltr'><strong>est,</strong></span> <span class='ocrx_word' id='word_1_421' title='bbox 292 3094 402 3161; x_wconf 87' lang='grc'><strong>166616</strong></span> <span class='ocrx_word' id='word_1_422' title='bbox 431 3096 550 3179; x_wconf 88' lang='lat' dir='ltr'><strong>quibus</strong></span> <span class='ocrx_word' id='word_1_423' title='bbox 581 3094 808 3179; x_wconf 85' lang='lat' dir='ltr'><strong>subterfugiis,</strong></span> <span class='ocrx_word' id='word_1_424' title='bbox 844 3093 930 3177; x_wconf 93' lang='lat' dir='ltr'><strong>quod</strong></span> <span class='ocrx_word' id='word_1_425' title='bbox 955 3093 1096 3159; x_wconf 85' lang='lat' dir='ltr'><strong>formula</strong></span> <span class='ocrx_word' id='word_1_426' title='bbox 1146 3115 1223 3159; x_wconf 92' lang='lat' dir='ltr'><strong>reus</strong></span> <span class='ocrx_word' id='word_1_427' title='bbox 1246 3100 1415 3160; x_wconf 87' lang='lat' dir='ltr'><strong>teneretur</strong></span> <span class='ocrx_word' id='word_1_428' title='bbox 1436 3094 1493 3178; x_wconf 92' lang='lat' dir='ltr'><strong>qui</strong></span> <span class='ocrx_word' id='word_1_429' title='bbox 1516 3094 1607 3160; x_wconf 89' lang='lat' dir='ltr'><strong>nulla</strong></span> <span class='ocrx_word' id='word_1_430' title='bbox 1629 3094 1716 3159; x_wconf 89' lang='lat' dir='ltr'><strong>iusta</strong></span> <span class='ocrx_word' id='word_1_431' title='bbox 1738 3115 1846 3172; x_wconf 92' lang='lat' dir='ltr'><strong>causa,</strong></span> <span class='ocrx_word' id='word_1_432' title='bbox 1869 3094 1986 3158; x_wconf 90' lang='lat' dir='ltr'><strong>relicta</strong></span> <span class='ocrx_word' id='word_1_433' title='bbox 2002 3094 2130 3161; x_wconf 85' lang='lat' dir='ltr'><strong>Ohristi</strong></span> 
     </span>
     <span class='ocr_line' id='line_1_34' title="bbox 110 3177 2129 3263; baseline 0 -17"><span class='ocrx_word' id='word_1_434' title='bbox 110 3177 224 3246; x_wconf 87' lang='lat' dir='ltr'><strong>bullae</strong></span> <span class='ocrx_word' id='word_1_435' title='bbox 245 3179 368 3247; x_wconf 86' lang='lat' dir='ltr'><strong>dictata</strong></span> <span class='ocrx_word' id='word_1_436' title='bbox 402 3182 518 3248; x_wconf 88' lang='grc'><strong>1111661</strong></span> <span class='ocrx_word' id='word_1_437' title='bbox 546 3180 683 3246; x_wconf 92' lang='lat' dir='ltr'><strong>alterius</strong></span> <span class='ocrx_word' id='word_1_438' title='bbox 717 3179 870 3259; x_wconf 90' lang='lat' dir='ltr'><strong>arbitrio,</strong></span> <span class='ocrx_word' id='word_1_439' title='bbox 899 3200 1096 3246; x_wconf 91' lang='lat' dir='ltr'><strong>eonsensum</strong></span> <span class='ocrx_word' id='word_1_440' title='bbox 1147 3180 1283 3246; x_wconf 88' lang='grc'><strong>66616616</strong></span> <span class='ocrx_word' id='word_1_441' title='bbox 1324 3179 1517 3263; x_wconf 82' lang='grc'><strong>(1666116616</strong></span> <span class='ocrx_word' id='word_1_442' title='bbox 1556 3180 1755 3257; x_wconf 87' lang='lat' dir='ltr'><strong>ministerio,</strong></span> <span class='ocrx_word' id='word_1_443' title='bbox 1802 3178 1844 3244; x_wconf 90' lang='lat' dir='ltr'><strong>ad</strong></span> <span class='ocrx_word' id='word_1_444' title='bbox 1884 3179 2129 3246; x_wconf 86' lang='lat' dir='ltr'><strong>Antichristum</strong></span> 
     </span>
     <span class='ocr_line' id='line_1_35' title="bbox 107 3264 2129 3352; baseline -0 -19"><span class='ocrx_word' id='word_1_445' title='bbox 107 3286 190 3335; x_wconf 86' lang='lat' dir='ltr'><strong>vero</strong></span> <span class='ocrx_word' id='word_1_446' title='bbox 217 3287 316 3334; x_wconf 80' lang='lat' dir='ltr'><strong>suum</strong></span> <span class='ocrx_word' id='word_1_447' title='bbox 340 3289 510 3352; x_wconf 90' lang='lat' dir='ltr'><strong>nunquam</strong></span> <span class='ocrx_word' id='word_1_448' title='bbox 541 3267 774 3333; x_wconf 89' lang='lat' dir='ltr'><strong>intercessisse.</strong></span> <span class='ocrx_word' id='word_1_449' title='bbox 818 3265 933 3348; x_wconf 77' lang='lat' dir='ltr'><strong>Quum</strong></span> <span class='ocrx_word' id='word_1_450' title='bbox 959 3266 1095 3332; x_wconf 84' lang='lat' dir='ltr'><strong>frivolae</strong></span> <span class='ocrx_word' id='word_1_451' title='bbox 1146 3267 1390 3350; x_wconf 87' lang='lat' dir='ltr'><strong>transfugisset.</strong></span> <span class='ocrx_word' id='word_1_452' title='bbox 1435 3265 1509 3331; x_wconf 90' lang='lat' dir='ltr'><strong>Hoc</strong></span> <span class='ocrx_word' id='word_1_453' title='bbox 1537 3287 1615 3349; x_wconf 89' lang='lat' dir='ltr'><strong>ergo</strong></span> <span class='ocrx_word' id='word_1_454' title='bbox 1644 3264 1835 3330; x_wconf 86' lang='lat' dir='ltr'><strong>defectionis</strong></span> <span class='ocrx_word' id='word_1_455' title='bbox 1863 3265 1988 3330; x_wconf 86' lang='lat' dir='ltr'><strong>crimen</strong></span> <span class='ocrx_word' id='word_1_456' title='bbox 2010 3285 2129 3350; x_wconf 87' lang='lat' dir='ltr'><strong>agnos·</strong></span> 
     </span>
     <span class='ocr_line' id='line_1_36' title="bbox 106 3349 2129 3432; baseline -0.001 -13"><span class='ocrx_word' id='word_1_457' title='bbox 106 3352 194 3419; x_wconf 85' lang='lat' dir='ltr'><strong>istae</strong></span> <span class='ocrx_word' id='word_1_458' title='bbox 215 3355 443 3420; x_wconf 85' lang='lat' dir='ltr'><strong>excusationes</strong></span> <span class='ocrx_word' id='word_1_459' title='bbox 464 3375 530 3420; x_wconf 93' lang='lat' dir='ltr'><strong>non</strong></span> <span class='ocrx_word' id='word_1_460' title='bbox 553 3352 821 3432; x_wconf 89' lang='lat' dir='ltr'><strong>admitterentur,</strong></span> <span class='ocrx_word' id='word_1_461' title='bbox 845 3352 980 3418; x_wconf 88' lang='lat' dir='ltr'><strong>tandem</strong></span> <span class='ocrx_word' id='word_1_462' title='bbox 1002 3351 1095 3417; x_wconf 90' lang='lat' dir='ltr'><strong>dam·</strong></span> <span class='ocrx_word' id='word_1_463' title='bbox 1147 3371 1220 3416; x_wconf 92' lang='grc'><strong>6616</strong></span> <span class='ocrx_word' id='word_1_464' title='bbox 1249 3359 1380 3418; x_wconf 90' lang='grc'><strong>6666116</strong></span> <span class='ocrx_word' id='word_1_465' title='bbox 1408 3358 1466 3417; x_wconf 89' lang='grc'><strong>661.</strong></span> <span class='ocrx_word' id='word_1_466' title='bbox 1512 3352 1598 3418; x_wconf 85' lang='lat' dir='ltr'><strong>Aeta</strong></span> <span class='ocrx_word' id='word_1_467' title='bbox 1620 3355 1695 3429; x_wconf 80' lang='lat' dir='ltr'><strong>[pag.</strong></span> <span class='ocrx_word' id='word_1_468' title='bbox 1718 3354 1769 3430; x_wconf 82' lang='lat'><strong>13]</strong></span> <span class='ocrx_word' id='word_1_469' title='bbox 1793 3349 1835 3415; x_wconf 92' lang='lat' dir='ltr'><strong>de</strong></span> <span class='ocrx_word' id='word_1_470' title='bbox 1858 3350 1910 3415; x_wconf 92' lang='lat' dir='ltr'><strong>his</strong></span> <span class='ocrx_word' id='word_1_471' title='bbox 1931 3351 2030 3417; x_wconf 92' lang='lat' dir='ltr'><strong>rebus</strong></span> <span class='ocrx_word' id='word_1_472' title='bbox 2052 3372 2129 3417; x_wconf 89' lang='lat' dir='ltr'><strong>con-</strong></span> 
     </span>
     <span class='ocr_line' id='line_1_37' title="bbox 108 3435 2129 3524; baseline -0.001 -18"><span class='ocrx_word' id='word_1_473' title='bbox 108 3445 212 3506; x_wconf 82' lang='lat' dir='ltr'><strong>natus</strong></span> <span class='ocrx_word' id='word_1_474' title='bbox 234 3446 287 3505; x_wconf 88' lang='grc'><strong>661</strong></span> <span class='ocrx_word' id='word_1_475' title='bbox 303 3439 346 3504; x_wconf 87' lang='grc'><strong>61</strong></span> <span class='ocrx_word' id='word_1_476' title='bbox 362 3439 527 3524; x_wconf 89' lang='lat' dir='ltr'><strong>publicam</strong></span> <span class='ocrx_word' id='word_1_477' title='bbox 544 3439 776 3522; x_wconf 90' lang='lat' dir='ltr'><strong>solennemque</strong></span> <span class='ocrx_word' id='word_1_478' title='bbox 799 3444 874 3518; x_wconf 80' lang='lat' dir='ltr'><strong>[pag.</strong></span> <span class='ocrx_word' id='word_1_479' title='bbox 896 3443 948 3518; x_wconf 92' lang='lat'><strong>11]</strong></span> <span class='ocrx_word' id='word_1_480' title='bbox 972 3438 1095 3503; x_wconf 88' lang='grc'><strong>661111-</strong></span> <span class='ocrx_word' id='word_1_481' title='bbox 1146 3439 1248 3517; x_wconf 88' lang='grc'><strong>16616,</strong></span> <span class='ocrx_word' id='word_1_482' title='bbox 1277 3437 1395 3520; x_wconf 88' lang='lat' dir='ltr'><strong>quibus</strong></span> <span class='ocrx_word' id='word_1_483' title='bbox 1423 3437 1645 3521; x_wconf 90' lang='lat' dir='ltr'><strong>perscriptum</strong></span> <span class='ocrx_word' id='word_1_484' title='bbox 1673 3437 1751 3502; x_wconf 81' lang='lat' dir='ltr'><strong>fuit:</strong></span> <span class='ocrx_word' id='word_1_485' title='bbox 1775 3435 1934 3502; x_wconf 80' lang='grc'><strong>(16161111</strong></span> <span class='ocrx_word' id='word_1_486' title='bbox 1960 3438 2071 3520; x_wconf 88' lang='lat' dir='ltr'><strong>ipsum</strong></span> <span class='ocrx_word' id='word_1_487' title='bbox 2094 3459 2129 3504; x_wconf 91' lang='lat' dir='ltr'><strong>se</strong></span> 
     </span>
     <span class='ocr_line' id='line_1_38' title="bbox 113 3522 2130 3610; baseline -0.001 -18"><span class='ocrx_word' id='word_1_488' title='bbox 113 3525 192 3592; x_wconf 89' lang='grc'><strong>1166</strong></span> <span class='ocrx_word' id='word_1_489' title='bbox 219 3525 459 3593; x_wconf 80' lang='lat' dir='ltr'><strong>confessionem</strong></span> <span class='ocrx_word' id='word_1_490' title='bbox 488 3547 562 3592; x_wconf 91' lang='lat' dir='ltr'><strong>cum</strong></span> <span class='ocrx_word' id='word_1_491' title='bbox 590 3525 790 3610; x_wconf 89' lang='lat' dir='ltr'><strong>ignominiae</strong></span> <span class='ocrx_word' id='word_1_492' title='bbox 811 3531 906 3604; x_wconf 90' lang='lat' dir='ltr'><strong>nota,</strong></span> <span class='ocrx_word' id='word_1_493' title='bbox 936 3545 997 3591; x_wconf 91' lang='lat' dir='ltr'><strong>nec</strong></span> <span class='ocrx_word' id='word_1_494' title='bbox 1019 3530 1096 3589; x_wconf 87' lang='lat' dir='ltr'><strong>ante</strong></span> <span class='ocrx_word' id='word_1_495' title='bbox 1146 3523 1182 3588; x_wconf 94' lang='lat' dir='ltr'><strong>in</strong></span> <span class='ocrx_word' id='word_1_496' title='bbox 1210 3523 1408 3606; x_wconf 87' lang='lat' dir='ltr'><strong>apostasiam</strong></span> <span class='ocrx_word' id='word_1_497' title='bbox 1435 3522 1566 3606; x_wconf 89' lang='lat' dir='ltr'><strong>lapsum</strong></span> <span class='ocrx_word' id='word_1_498' title='bbox 1593 3544 1664 3589; x_wconf 90' lang='lat' dir='ltr'><strong>esse</strong></span> <span class='ocrx_word' id='word_1_499' title='bbox 1692 3523 1856 3602; x_wconf 88' lang='lat' dir='ltr'><strong>confiteri,</strong></span> <span class='ocrx_word' id='word_1_500' title='bbox 1885 3543 1988 3605; x_wconf 92' lang='lat' dir='ltr'><strong>quum</strong></span> <span class='ocrx_word' id='word_1_501' title='bbox 2009 3545 2130 3591; x_wconf 90' lang='grc'><strong>61616</strong></span> 
     </span>
     <span class='ocr_line' id='line_1_39' title="bbox 108 3607 2128 3696; baseline -0.002 -18"><span class='ocrx_word' id='word_1_502' title='bbox 108 3609 268 3678; x_wconf 84' lang='grc'><strong>1111116116</strong></span> <span class='ocrx_word' id='word_1_503' title='bbox 284 3619 336 3678; x_wconf 88' lang='grc'><strong>661</strong></span> <span class='ocrx_word' id='word_1_504' title='bbox 352 3633 451 3696; x_wconf 88' lang='lat' dir='ltr'><strong>quam</strong></span> <span class='ocrx_word' id='word_1_505' title='bbox 469 3612 652 3678; x_wconf 89' lang='lat' dir='ltr'><strong>sententiae</strong></span> <span class='ocrx_word' id='word_1_506' title='bbox 669 3612 732 3676; x_wconf 87' lang='lat' dir='ltr'><strong>fuit</strong></span> <span class='ocrx_word' id='word_1_507' title='bbox 750 3611 960 3677; x_wconf 87' lang='grc'><strong>661111661111.</strong></span> <span class='ocrx_word' id='word_1_508' title='bbox 993 3610 1094 3694; x_wconf 81' lang='lat' dir='ltr'><strong>Ergo,</strong></span> <span class='ocrx_word' id='word_1_509' title='bbox 1146 3609 1273 3675; x_wconf 82' lang='lat' dir='ltr'><strong>Ohristi</strong></span> <span class='ocrx_word' id='word_1_510' title='bbox 1299 3608 1436 3676; x_wconf 90' lang='grc'><strong>66616616</strong></span> <span class='ocrx_word' id='word_1_511' title='bbox 1462 3607 1504 3674; x_wconf 84' lang='grc'><strong>61</strong></span> <span class='ocrx_word' id='word_1_512' title='bbox 1525 3609 1808 3674; x_wconf 89' lang='lat' dir='ltr'><strong>antichristianam</strong></span> <span class='ocrx_word' id='word_1_513' title='bbox 1830 3608 2002 3676; x_wconf 88' lang='lat' dir='ltr'><strong>ecclesiam</strong></span> <span class='ocrx_word' id='word_1_514' title='bbox 2025 3608 2128 3677; x_wconf 89' lang='lat' dir='ltr'><strong>desci-</strong></span> 
     </span>
     <span class='ocr_line' id='line_1_40' title="bbox 111 3694 2129 3782; baseline -0 -19"><span class='ocrx_word' id='word_1_515' title='bbox 111 3697 198 3764; x_wconf 86' lang='lat' dir='ltr'><strong>sicnt</strong></span> <span class='ocrx_word' id='word_1_516' title='bbox 212 3699 471 3782; x_wconf 89' lang='lat' dir='ltr'><strong>pronunciatum</strong></span> <span class='ocrx_word' id='word_1_517' title='bbox 488 3698 596 3764; x_wconf 88' lang='lat' dir='ltr'><strong>fuerat</strong></span> <span class='ocrx_word' id='word_1_518' title='bbox 613 3719 725 3764; x_wconf 88' lang='lat' dir='ltr'><strong>coram</strong></span> <span class='ocrx_word' id='word_1_519' title='bbox 743 3697 910 3777; x_wconf 90' lang='lat' dir='ltr'><strong>tribunali,</strong></span> <span class='ocrx_word' id='word_1_520' title='bbox 930 3696 1096 3762; x_wconf 84' lang='lat' dir='ltr'><strong>confessus</strong></span> <span class='ocrx_word' id='word_1_521' title='bbox 1147 3695 1265 3776; x_wconf 90' lang='lat' dir='ltr'><strong>visset;</strong></span> <span class='ocrx_word' id='word_1_522' title='bbox 1293 3694 1392 3762; x_wconf 90' lang='lat' dir='ltr'><strong>huius</strong></span> <span class='ocrx_word' id='word_1_523' title='bbox 1419 3697 1545 3780; x_wconf 92' lang='lat' dir='ltr'><strong>peccati</strong></span> <span class='ocrx_word' id='word_1_524' title='bbox 1572 3695 1707 3761; x_wconf 90' lang='lat' dir='ltr'><strong>veniam</strong></span> <span class='ocrx_word' id='word_1_525' title='bbox 1734 3716 1810 3761; x_wconf 91' lang='lat' dir='ltr'><strong>eum</strong></span> <span class='ocrx_word' id='word_1_526' title='bbox 1837 3694 1995 3780; x_wconf 80' lang='lat' dir='ltr'><strong>lacrymis</strong></span> <span class='ocrx_word' id='word_1_527' title='bbox 2016 3703 2129 3779; x_wconf 87' lang='lat' dir='ltr'><strong>petere</strong></span> 
     </span>
     <span class='ocr_line' id='line_1_41' title="bbox 111 3780 2129 3868; baseline -0.002 -18"><span class='ocrx_word' id='word_1_528' title='bbox 111 3790 162 3850; x_wconf 85' lang='grc'><strong>661</strong></span> <span class='ocrx_word' id='word_1_529' title='bbox 189 3805 227 3850; x_wconf 92' lang='grc'><strong>66</strong></span> <span class='ocrx_word' id='word_1_530' title='bbox 254 3784 356 3868; x_wconf 91' lang='lat' dir='ltr'><strong>impie</strong></span> <span class='ocrx_word' id='word_1_531' title='bbox 385 3806 423 3851; x_wconf 91' lang='lat' dir='ltr'><strong>ac</strong></span> <span class='ocrx_word' id='word_1_532' title='bbox 450 3786 602 3868; x_wconf 88' lang='lat' dir='ltr'><strong>nequiter</strong></span> <span class='ocrx_word' id='word_1_533' title='bbox 631 3783 790 3850; x_wconf 90' lang='lat' dir='ltr'><strong>adversus</strong></span> <span class='ocrx_word' id='word_1_534' title='bbox 811 3781 938 3862; x_wconf 89' lang='lat' dir='ltr'><strong>Deum,</strong></span> <span class='ocrx_word' id='word_1_535' title='bbox 968 3781 1096 3847; x_wconf 90' lang='lat' dir='ltr'><strong>illustre</strong></span> <span class='ocrx_word' id='word_1_536' title='bbox 1148 3803 1167 3847; x_wconf 91' lang='lat' dir='ltr'><strong>a</strong></span> <span class='ocrx_word' id='word_1_537' title='bbox 1194 3782 1381 3865; x_wconf 84' lang='lat' dir='ltr'><strong>pastoribus</strong></span> <span class='ocrx_word' id='word_1_538' title='bbox 1409 3780 1563 3847; x_wconf 90' lang='lat' dir='ltr'><strong>ecclesiae</strong></span> <span class='ocrx_word' id='word_1_539' title='bbox 1591 3781 1862 3864; x_wconf 84' lang='lat' dir='ltr'><strong>Argentinensis.</strong></span> <span class='ocrx_word' id='word_1_540' title='bbox 1907 3781 2020 3846; x_wconf 89' lang='lat' dir='ltr'><strong>Aliam</strong></span> <span class='ocrx_word' id='word_1_541' title='bbox 2052 3803 2129 3846; x_wconf 88' lang='lat' dir='ltr'><strong>con-</strong></span> 
     </span>
     <span class='ocr_line' id='line_1_42' title="bbox 108 3865 2129 3950; baseline -0.002 -15"><span class='ocrx_word' id='word_1_542' title='bbox 108 3867 294 3936; x_wconf 89' lang='lat' dir='ltr'><strong>dominium</strong></span> <span class='ocrx_word' id='word_1_543' title='bbox 311 3870 483 3938; x_wconf 89' lang='lat' dir='ltr'><strong>Beruense</strong></span> <span class='ocrx_word' id='word_1_544' title='bbox 500 3893 538 3936; x_wconf 92' lang='lat' dir='ltr'><strong>ac</strong></span> <span class='ocrx_word' id='word_1_545' title='bbox 556 3870 736 3937; x_wconf 91' lang='lat' dir='ltr'><strong>Beruensis</strong></span> <span class='ocrx_word' id='word_1_546' title='bbox 754 3869 910 3936; x_wconf 88' lang='lat' dir='ltr'><strong>eeclesiae</strong></span> <span class='ocrx_word' id='word_1_547' title='bbox 927 3869 1095 3934; x_wconf 89' lang='lat' dir='ltr'><strong>ministros</strong></span> <span class='ocrx_word' id='word_1_548' title='bbox 1147 3868 1304 3934; x_wconf 88' lang='grc'><strong>616111611</strong></span> <span class='ocrx_word' id='word_1_549' title='bbox 1336 3869 1372 3932; x_wconf 90' lang='grc'><strong>11</strong></span> <span class='ocrx_word' id='word_1_550' title='bbox 1401 3867 1481 3947; x_wconf 89' lang='lat' dir='ltr'><strong>fide,</strong></span> <span class='ocrx_word' id='word_1_551' title='bbox 1516 3887 1614 3950; x_wconf 92' lang='lat' dir='ltr'><strong>quam</strong></span> <span class='ocrx_word' id='word_1_552' title='bbox 1642 3865 1803 3933; x_wconf 89' lang='lat' dir='ltr'><strong>hactenus</strong></span> <span class='ocrx_word' id='word_1_553' title='bbox 1826 3867 2058 3950; x_wconf 81' lang='lat' dir='ltr'><strong>praestitisset,</strong></span> <span class='ocrx_word' id='word_1_554' title='bbox 2091 3867 2129 3931; x_wconf 92' lang='lat' dir='ltr'><strong>in</strong></span> 
     </span>
     <span class='ocr_line' id='line_1_43' title="bbox 151 3952 2127 4041; baseline -0.003 -19"><span class='ocrx_word' id='word_1_555' title='bbox 151 3956 159 3971; x_wconf 88' lang='grc'><strong>’</strong></span> <span class='ocrx_word' id='word_1_556' title='bbox 216 3955 336 4039; x_wconf 90' lang='lat' dir='ltr'><strong>,quod</strong></span> <span class='ocrx_word' id='word_1_557' title='bbox 354 3964 595 4024; x_wconf 88' lang='lat' dir='ltr'><strong>sacrosanctam</strong></span> <span class='ocrx_word' id='word_1_558' title='bbox 613 3954 775 4041; x_wconf 84' lang='lat' dir='ltr'><strong>evangelii</strong></span> <span class='ocrx_word' id='word_1_559' title='bbox 797 3955 988 4034; x_wconf 89' lang='lat' dir='ltr'><strong>doctrinam,</strong></span> <span class='ocrx_word' id='word_1_560' title='bbox 1011 3974 1095 4037; x_wconf 88' lang='lat' dir='ltr'><strong>quae</strong></span> <span class='ocrx_word' id='word_1_561' title='bbox 1146 3963 1315 4038; x_wconf 89' lang='lat' dir='ltr'><strong>posterum</strong></span> <span class='ocrx_word' id='word_1_562' title='bbox 1324 3952 1482 4037; x_wconf 87' lang='lat' dir='ltr'><strong>polliceri,</strong></span> <span class='ocrx_word' id='word_1_563' title='bbox 1505 3975 1542 4020; x_wconf 93' lang='grc'><strong>66</strong></span> <span class='ocrx_word' id='word_1_564' title='bbox 1564 3952 1760 4019; x_wconf 88' lang='lat' dir='ltr'><strong>nominatim</strong></span> <span class='ocrx_word' id='word_1_565' title='bbox 1781 3954 1817 4016; x_wconf 95' lang='lat' dir='ltr'><strong>in</strong></span> <span class='ocrx_word' id='word_1_566' title='bbox 1839 3959 2035 4036; x_wconf 91' lang='lat' dir='ltr'><strong>perpetuum</strong></span> <span class='ocrx_word' id='word_1_567' title='bbox 2058 3952 2127 4017; x_wconf 92' lang='lat' dir='ltr'><strong>eiu-</strong></span> 
     </span>
     <span class='ocr_line' id='line_1_44' title="bbox 108 3976 2128 4128; baseline -0.003 -19"><span class='ocrx_word' id='word_1_568' title='bbox 108 3976 293 4128; x_wconf 51' lang='lat' dir='ltr'><strong>ffpure</strong></span> <span class='ocrx_word' id='word_1_569' title='bbox 318 4063 356 4108; x_wconf 91' lang='grc'><strong>66</strong></span> <span class='ocrx_word' id='word_1_570' title='bbox 387 4042 530 4109; x_wconf 90' lang='lat' dir='ltr'><strong>fideliter</strong></span> <span class='ocrx_word' id='word_1_571' title='bbox 555 4043 756 4123; x_wconf 91' lang='lat' dir='ltr'><strong>traderetur,</strong></span> <span class='ocrx_word' id='word_1_572' title='bbox 788 4043 871 4108; x_wconf 89' lang='grc'><strong>16166</strong></span> <span class='ocrx_word' id='word_1_573' title='bbox 903 4043 1095 4107; x_wconf 89' lang='lat' dir='ltr'><strong>criminatus</strong></span> <span class='ocrx_word' id='word_1_574' title='bbox 1146 4062 1221 4107; x_wconf 90' lang='lat' dir='ltr'><strong>rare</strong></span> <span class='ocrx_word' id='word_1_575' title='bbox 1242 4039 1463 4107; x_wconf 89' lang='lat' dir='ltr'><strong>sacerdotium</strong></span> <span class='ocrx_word' id='word_1_576' title='bbox 1484 4040 1696 4123; x_wconf 89' lang='lat' dir='ltr'><strong>papistieum,</strong></span> <span class='ocrx_word' id='word_1_577' title='bbox 1726 4047 1760 4103; x_wconf 93' lang='lat' dir='ltr'><strong>et</strong></span> <span class='ocrx_word' id='word_1_578' title='bbox 1780 4039 1898 4104; x_wconf 89' lang='lat' dir='ltr'><strong>missas</strong></span> <span class='ocrx_word' id='word_1_579' title='bbox 1919 4057 2002 4120; x_wconf 90' lang='lat' dir='ltr'><strong>quae</strong></span> <span class='ocrx_word' id='word_1_580' title='bbox 2024 4058 2066 4102; x_wconf 89' lang='lat' dir='ltr'><strong>cx</strong></span> <span class='ocrx_word' id='word_1_581' title='bbox 2088 4057 2128 4102; x_wconf 93' lang='lat' dir='ltr'><strong>eo</strong></span> 
     </span>
     <span class='ocr_line' id='line_1_45' title="bbox 111 4125 2127 4212; baseline -0.003 -18"><span class='ocrx_word' id='word_1_582' title='bbox 111 4129 237 4196; x_wconf 86' lang='grc'><strong>1116661</strong></span> <span class='ocrx_word' id='word_1_583' title='bbox 273 4127 383 4210; x_wconf 80' lang='lat' dir='ltr'><strong>Quem</strong></span> <span class='ocrx_word' id='word_1_584' title='bbox 403 4128 503 4195; x_wconf 90' lang='lat' dir='ltr'><strong>huius</strong></span> <span class='ocrx_word' id='word_1_585' title='bbox 525 4131 573 4196; x_wconf 91' lang='lat' dir='ltr'><strong>rei</strong></span> <span class='ocrx_word' id='word_1_586' title='bbox 594 4136 712 4196; x_wconf 91' lang='lat' dir='ltr'><strong>testem</strong></span> <span class='ocrx_word' id='word_1_587' title='bbox 735 4127 932 4196; x_wconf 87' lang='lat' dir='ltr'><strong>citabimus?</strong></span> <span class='ocrx_word' id='word_1_588' title='bbox 966 4127 1095 4212; x_wconf 88' lang='lat' dir='ltr'><strong>Nempe</strong></span> <span class='ocrx_word' id='word_1_589' title='bbox 1148 4126 1349 4210; x_wconf 88' lang='lat' dir='ltr'><strong>dependent;</strong></span> <span class='ocrx_word' id='word_1_590' title='bbox 1379 4134 1545 4210; x_wconf 87' lang='lat' dir='ltr'><strong>postremo</strong></span> <span class='ocrx_word' id='word_1_591' title='bbox 1570 4125 1772 4203; x_wconf 87' lang='lat' dir='ltr'><strong>consentire,</strong></span> <span class='ocrx_word' id='word_1_592' title='bbox 1803 4131 1840 4189; x_wconf 90' lang='lat' dir='ltr'><strong>ut</strong></span> <span class='ocrx_word' id='word_1_593' title='bbox 1862 4131 1936 4188; x_wconf 91' lang='lat' dir='ltr'><strong>rata</strong></span> <span class='ocrx_word' id='word_1_594' title='bbox 1957 4129 2127 4189; x_wconf 91' lang='grc'><strong>66661166</strong></span> 
     </span>
     <span class='ocr_line' id='line_1_46' title="bbox 110 4208 2127 4300; baseline -0.004 -17"><span class='ocrx_word' id='word_1_595' title='bbox 110 4223 185 4283; x_wconf 87' lang='grc'><strong>6616</strong></span> <span class='ocrx_word' id='word_1_596' title='bbox 207 4215 401 4282; x_wconf 86' lang='lat' dir='ltr'><strong>anthentica</strong></span> <span class='ocrx_word' id='word_1_597' title='bbox 421 4216 484 4282; x_wconf 87' lang='lat' dir='ltr'><strong>fori</strong></span> <span class='ocrx_word' id='word_1_598' title='bbox 502 4215 790 4300; x_wconf 78' lang='lat' dir='ltr'><strong>Agathopolitani,</strong></span> <span class='ocrx_word' id='word_1_599' title='bbox 814 4237 855 4280; x_wconf 88' lang='lat' dir='ltr'><strong>ex</strong></span> <span class='ocrx_word' id='word_1_600' title='bbox 873 4213 991 4297; x_wconf 91' lang='lat' dir='ltr'><strong>quibus</strong></span> <span class='ocrx_word' id='word_1_601' title='bbox 1009 4213 1096 4278; x_wconf 91' lang='lat' dir='ltr'><strong>bona</strong></span> <span class='ocrx_word' id='word_1_602' title='bbox 1145 4213 1244 4278; x_wconf 79' lang='lat' dir='ltr'><strong>&#39;firma</strong></span> <span class='ocrx_word' id='word_1_603' title='bbox 1279 4232 1491 4295; x_wconf 89' lang='lat' dir='ltr'><strong>quaecunque</strong></span> <span class='ocrx_word' id='word_1_604' title='bbox 1523 4210 1722 4296; x_wconf 86' lang='lat' dir='ltr'><strong>Agathopoli</strong></span> <span class='ocrx_word' id='word_1_605' title='bbox 1756 4215 1828 4275; x_wconf 89' lang='grc'><strong>6616</strong></span> <span class='ocrx_word' id='word_1_606' title='bbox 1866 4229 1940 4274; x_wconf 92' lang='lat' dir='ltr'><strong>eum</strong></span> <span class='ocrx_word' id='word_1_607' title='bbox 1969 4208 2127 4275; x_wconf 88' lang='lat' dir='ltr'><strong>fratribus</strong></span> 
     </span>
     <span class='ocr_line' id='line_1_47' title="bbox 109 4293 2127 4382; baseline -0.004 -14"><span class='ocrx_word' id='word_1_608' title='bbox 109 4301 174 4368; x_wconf 85' lang='lat' dir='ltr'><strong>lide</strong></span> <span class='ocrx_word' id='word_1_609' title='bbox 202 4300 307 4367; x_wconf 89' lang='lat' dir='ltr'><strong>retuli</strong></span> <span class='ocrx_word' id='word_1_610' title='bbox 327 4301 413 4368; x_wconf 91' lang='lat' dir='ltr'><strong>hane</strong></span> <span class='ocrx_word' id='word_1_611' title='bbox 435 4323 608 4368; x_wconf 88' lang='lat' dir='ltr'><strong>summam.</strong></span> <span class='ocrx_word' id='word_1_612' title='bbox 653 4301 778 4366; x_wconf 89' lang='lat' dir='ltr'><strong>Mirum</strong></span> <span class='ocrx_word' id='word_1_613' title='bbox 801 4307 866 4376; x_wconf 92' lang='lat' dir='ltr'><strong>est,</strong></span> <span class='ocrx_word' id='word_1_614' title='bbox 896 4319 996 4381; x_wconf 91' lang='lat' dir='ltr'><strong>quum</strong></span> <span class='ocrx_word' id='word_1_615' title='bbox 1019 4320 1095 4382; x_wconf 91' lang='lat' dir='ltr'><strong>pro·</strong></span> <span class='ocrx_word' id='word_1_616' title='bbox 1146 4299 1291 4377; x_wconf 64' lang='grc'><strong>1161611</strong></span> <span class='ocrx_word' id='word_1_617' title='bbox 1320 4319 1340 4362; x_wconf 91' lang='grc'><strong>6</strong></span> <span class='ocrx_word' id='word_1_618' title='bbox 1366 4296 1529 4362; x_wconf 90' lang='lat' dir='ltr'><strong>ministris</strong></span> <span class='ocrx_word' id='word_1_619' title='bbox 1561 4317 1658 4381; x_wconf 92' lang='lat' dir='ltr'><strong>porro</strong></span> <span class='ocrx_word' id='word_1_620' title='bbox 1688 4295 1943 4378; x_wconf 87' lang='lat' dir='ltr'><strong>Argentinensis</strong></span> <span class='ocrx_word' id='word_1_621' title='bbox 1971 4293 2127 4360; x_wconf 88' lang='lat' dir='ltr'><strong>eeclesiae</strong></span> 
     </span>
     <span class='ocr_line' id='line_1_48' title="bbox 109 4378 2128 4467; baseline -0.005 -11"><span class='ocrx_word' id='word_1_622' title='bbox 109 4386 263 4456; x_wconf 83' lang='lat' dir='ltr'><strong>fectionis</strong></span> <span class='ocrx_word' id='word_1_623' title='bbox 284 4409 363 4454; x_wconf 89' lang='lat' dir='ltr'><strong>suae</strong></span> <span class='ocrx_word' id='word_1_624' title='bbox 384 4389 608 4454; x_wconf 89' lang='lat' dir='ltr'><strong>narrationem</strong></span> <span class='ocrx_word' id='word_1_625' title='bbox 626 4388 815 4453; x_wconf 86' lang='lat' dir='ltr'><strong>institueret</strong></span> <span class='ocrx_word' id='word_1_626' title='bbox 837 4383 986 4462; x_wconf 85' lang='lat' dir='ltr'><strong>Oarolus,</strong></span> <span class='ocrx_word' id='word_1_627' title='bbox 1009 4383 1094 4450; x_wconf 91' lang='lat' dir='ltr'><strong>hanc</strong></span> <span class='ocrx_word' id='word_1_628' title='bbox 1147 4391 1304 4467; x_wconf 90' lang='lat' dir='ltr'><strong>tanquam</strong></span> <span class='ocrx_word' id='word_1_629' title='bbox 1322 4383 1547 4467; x_wconf 87' lang='lat' dir='ltr'><strong>poenitentem</strong></span> <span class='ocrx_word' id='word_1_630' title='bbox 1564 4383 1664 4464; x_wconf 92' lang='lat' dir='ltr'><strong>recipi</strong></span> <span class='ocrx_word' id='word_1_631' title='bbox 1685 4402 1723 4447; x_wconf 91' lang='lat' dir='ltr'><strong>ac</strong></span> <span class='ocrx_word' id='word_1_632' title='bbox 1741 4380 1835 4446; x_wconf 91' lang='lat' dir='ltr'><strong>illum</strong></span> <span class='ocrx_word' id='word_1_633' title='bbox 1853 4378 1977 4446; x_wconf 87' lang='lat' dir='ltr'><strong>absolvi</strong></span> <span class='ocrx_word' id='word_1_634' title='bbox 1995 4399 2016 4442; x_wconf 93' lang='lat' dir='ltr'><strong>a</strong></span> <span class='ocrx_word' id='word_1_635' title='bbox 2031 4387 2128 4446; x_wconf 89' lang='lat' dir='ltr'><strong>reatu</strong></span> 
     </span>
     <span class='ocr_line' id='line_1_49' title="bbox 110 4465 2126 4559; baseline -0.004 -18"><span class='ocrx_word' id='word_1_636' title='bbox 110 4482 240 4557; x_wconf 85' lang='lat' dir='ltr'><strong>partem</strong></span> <span class='ocrx_word' id='word_1_637' title='bbox 268 4494 336 4540; x_wconf 91' lang='lat' dir='ltr'><strong>non</strong></span> <span class='ocrx_word' id='word_1_638' title='bbox 365 4475 513 4559; x_wconf 87' lang='lat' dir='ltr'><strong>attigisse</strong></span> <span class='ocrx_word' id='word_1_639' title='bbox 520 4498 528 4553; x_wconf 89' lang='lat'>;</span> <span class='ocrx_word' id='word_1_640' title='bbox 556 4482 589 4540; x_wconf 91' lang='lat' dir='ltr'><strong>et</strong></span> <span class='ocrx_word' id='word_1_641' title='bbox 617 4474 696 4540; x_wconf 90' lang='lat' dir='ltr'><strong>hino</strong></span> <span class='ocrx_word' id='word_1_642' title='bbox 717 4473 816 4538; x_wconf 90' lang='lat' dir='ltr'><strong>etiam</strong></span> <span class='ocrx_word' id='word_1_643' title='bbox 839 4477 975 4554; x_wconf 91' lang='lat' dir='ltr'><strong>apparet</strong></span> <span class='ocrx_word' id='word_1_644' title='bbox 996 4491 1094 4553; x_wconf 91' lang='lat' dir='ltr'><strong>quam</strong></span> <span class='ocrx_word' id='word_1_645' title='bbox 1146 4470 1182 4533; x_wconf 92' lang='lat' dir='ltr'><strong>iu</strong></span> <span class='ocrx_word' id='word_1_646' title='bbox 1203 4468 1337 4534; x_wconf 91' lang='lat' dir='ltr'><strong>nomine</strong></span> <span class='ocrx_word' id='word_1_647' title='bbox 1353 4467 1500 4548; x_wconf 90' lang='lat' dir='ltr'><strong>Domini,</strong></span> <span class='ocrx_word' id='word_1_648' title='bbox 1523 4469 1584 4534; x_wconf 90' lang='lat' dir='ltr'><strong>hac</strong></span> <span class='ocrx_word' id='word_1_649' title='bbox 1601 4466 1786 4533; x_wconf 89' lang='lat' dir='ltr'><strong>conditione</strong></span> <span class='ocrx_word' id='word_1_650' title='bbox 1808 4472 1847 4529; x_wconf 90' lang='lat' dir='ltr'><strong>ut</strong></span> <span class='ocrx_word' id='word_1_651' title='bbox 1867 4486 1973 4549; x_wconf 89' lang='lat' dir='ltr'><strong>papae</strong></span> <span class='ocrx_word' id='word_1_652' title='bbox 1994 4465 2030 4529; x_wconf 93' lang='lat' dir='ltr'><strong>in</strong></span> <span class='ocrx_word' id='word_1_653' title='bbox 2051 4486 2126 4549; x_wconf 93' lang='lat' dir='ltr'><strong>per-</strong></span> 
     </span>
     <span class='ocr_line' id='line_1_50' title="bbox 113 4551 2126 4644; baseline -0.005 -17"><span class='ocrx_word' id='word_1_654' title='bbox 113 4568 271 4627; x_wconf 84' lang='lat' dir='ltr'><strong>strenuus</strong></span> <span class='ocrx_word' id='word_1_655' title='bbox 305 4560 349 4626; x_wconf 90' lang='grc'><strong>611</strong></span> <span class='ocrx_word' id='word_1_656' title='bbox 386 4560 525 4640; x_wconf 88' lang='grc'><strong>6111616,</strong></span> <span class='ocrx_word' id='word_1_657' title='bbox 559 4560 615 4644; x_wconf 92' lang='lat' dir='ltr'><strong>qui</strong></span> <span class='ocrx_word' id='word_1_658' title='bbox 647 4561 717 4625; x_wconf 93' lang='lat' dir='ltr'><strong>loco</strong></span> <span class='ocrx_word' id='word_1_659' title='bbox 757 4566 825 4624; x_wconf 90' lang='lat' dir='ltr'><strong>tam</strong></span> <span class='ocrx_word' id='word_1_660' title='bbox 853 4555 948 4623; x_wconf 89' lang='grc'><strong>166116</strong></span> <span class='ocrx_word' id='word_1_661' title='bbox 990 4554 1092 4621; x_wconf 89' lang='grc'><strong>66161.</strong></span> <span class='ocrx_word' id='word_1_662' title='bbox 1146 4562 1283 4637; x_wconf 87' lang='lat' dir='ltr'><strong>petuam</strong></span> <span class='ocrx_word' id='word_1_663' title='bbox 1311 4557 1529 4621; x_wconf 90' lang='lat' dir='ltr'><strong>renunciaret.</strong></span> <span class='ocrx_word' id='word_1_664' title='bbox 1575 4551 1659 4634; x_wconf 79' lang='lat' dir='ltr'><strong>Quis</strong></span> <span class='ocrx_word' id='word_1_665' title='bbox 1691 4551 1790 4617; x_wconf 89' lang='lat' dir='ltr'><strong>fidem</strong></span> <span class='ocrx_word' id='word_1_666' title='bbox 1825 4551 1945 4617; x_wconf 90' lang='lat' dir='ltr'><strong>horum</strong></span> <span class='ocrx_word' id='word_1_667' title='bbox 1977 4558 2126 4617; x_wconf 84' lang='lat' dir='ltr'><strong>actorum</strong></span> 
     </span>
     <span class='ocr_line' id='line_1_51' title="bbox 113 4634 2127 4731; baseline -0.005 -20"><span class='ocrx_word' id='word_1_668' title='bbox 113 4643 313 4731; x_wconf 74' lang='lat' dir='ltr'><strong>Quanquam</strong></span> <span class='ocrx_word' id='word_1_669' title='bbox 335 4645 416 4711; x_wconf 90' lang='lat' dir='ltr'><strong>adeo</strong></span> <span class='ocrx_word' id='word_1_670' title='bbox 444 4667 559 4713; x_wconf 91' lang='lat' dir='ltr'><strong>severe</strong></span> <span class='ocrx_word' id='word_1_671' title='bbox 588 4668 625 4712; x_wconf 88' lang='grc'><strong>66</strong></span> <span class='ocrx_word' id='word_1_672' title='bbox 649 4646 776 4712; x_wconf 88' lang='lat' dir='ltr'><strong>duriter</strong></span> <span class='ocrx_word' id='word_1_673' title='bbox 797 4649 958 4710; x_wconf 88' lang='grc'><strong>116616116</strong></span> <span class='ocrx_word' id='word_1_674' title='bbox 981 4663 1001 4708; x_wconf 91' lang='grc'><strong>6</strong></span> <span class='ocrx_word' id='word_1_675' title='bbox 1022 4641 1093 4707; x_wconf 90' lang='lat' dir='ltr'><strong>Lu·</strong></span> <span class='ocrx_word' id='word_1_676' title='bbox 1145 4640 1265 4707; x_wconf 81' lang='lat' dir='ltr'><strong>faciet?</strong></span> <span class='ocrx_word' id='word_1_677' title='bbox 1310 4641 1389 4724; x_wconf 92' lang='lat' dir='ltr'><strong>Ipsa</strong></span> <span class='ocrx_word' id='word_1_678' title='bbox 1410 4640 1521 4706; x_wconf 82' lang='lat' dir='ltr'><strong>Oaroli</strong></span> <span class='ocrx_word' id='word_1_679' title='bbox 1548 4659 1676 4704; x_wconf 89' lang='lat' dir='ltr'><strong>manus.</strong></span> <span class='ocrx_word' id='word_1_680' title='bbox 1721 4634 1817 4704; x_wconf 81' lang='lat' dir='ltr'><strong>Sicut</strong></span> <span class='ocrx_word' id='word_1_681' title='bbox 1840 4637 1929 4703; x_wconf 91' lang='lat' dir='ltr'><strong>enim</strong></span> <span class='ocrx_word' id='word_1_682' title='bbox 1956 4637 2127 4720; x_wconf 85' lang='lat' dir='ltr'><strong>exemplar</strong></span> 
     </span>
     <span class='ocr_line' id='line_1_52' title="bbox 113 4723 2127 4816; baseline -0.004 -21"><span class='ocrx_word' id='word_1_683' title='bbox 113 4731 262 4799; x_wconf 89' lang='lat' dir='ltr'><strong>theranis</strong></span> <span class='ocrx_word' id='word_1_684' title='bbox 284 4753 365 4816; x_wconf 91' lang='lat' dir='ltr'><strong>quos</strong></span> <span class='ocrx_word' id='word_1_685' title='bbox 385 4741 492 4814; x_wconf 91' lang='lat' dir='ltr'><strong>vocat,</strong></span> <span class='ocrx_word' id='word_1_686' title='bbox 514 4754 558 4798; x_wconf 95' lang='lat' dir='ltr'><strong>ne</strong></span> <span class='ocrx_word' id='word_1_687' title='bbox 580 4734 626 4797; x_wconf 90' lang='grc'><strong>616</strong></span> <span class='ocrx_word' id='word_1_688' title='bbox 648 4731 780 4816; x_wconf 91' lang='lat' dir='ltr'><strong>quidem</strong></span> <span class='ocrx_word' id='word_1_689' title='bbox 800 4729 908 4797; x_wconf 92' lang='lat' dir='ltr'><strong>locum</strong></span> <span class='ocrx_word' id='word_1_690' title='bbox 929 4727 1016 4814; x_wconf 91' lang='lat' dir='ltr'><strong>apud</strong></span> <span class='ocrx_word' id='word_1_691' title='bbox 1039 4748 1093 4793; x_wconf 91' lang='lat' dir='ltr'><strong>eos</strong></span> <span class='ocrx_word' id='word_1_692' title='bbox 1146 4747 1249 4792; x_wconf 92' lang='lat' dir='ltr'><strong>uuum</strong></span> <span class='ocrx_word' id='word_1_693' title='bbox 1269 4726 1384 4794; x_wconf 90' lang='lat' dir='ltr'><strong>habuit</strong></span> <span class='ocrx_word' id='word_1_694' title='bbox 1400 4727 1442 4792; x_wconf 90' lang='lat' dir='ltr'><strong>ab</strong></span> <span class='ocrx_word' id='word_1_695' title='bbox 1463 4725 1529 4790; x_wconf 91' lang='lat' dir='ltr'><strong>illis</strong></span> <span class='ocrx_word' id='word_1_696' title='bbox 1547 4725 1778 4807; x_wconf 88' lang='lat' dir='ltr'><strong>subscriptum,</strong></span> <span class='ocrx_word' id='word_1_697' title='bbox 1801 4724 1849 4788; x_wconf 88' lang='lat' dir='ltr'><strong>ita</strong></span> <span class='ocrx_word' id='word_1_698' title='bbox 1864 4723 2007 4788; x_wconf 88' lang='lat' dir='ltr'><strong>alterum</strong></span> <span class='ocrx_word' id='word_1_699' title='bbox 2025 4742 2127 4787; x_wconf 89' lang='lat' dir='ltr'><strong>manu</strong></span> 
     </span>
     <span class='ocr_line' id='line_1_53' title="bbox 114 4808 2127 4898; baseline -0.004 -15"><span class='ocrx_word' id='word_1_700' title='bbox 114 4815 267 4884; x_wconf 88' lang='lat' dir='ltr'><strong>manendi</strong></span> <span class='ocrx_word' id='word_1_701' title='bbox 311 4818 437 4885; x_wconf 88' lang='lat' dir='ltr'><strong>ambire</strong></span> <span class='ocrx_word' id='word_1_702' title='bbox 481 4817 615 4885; x_wconf 91' lang='lat' dir='ltr'><strong>destitit.</strong></span> <span class='ocrx_word' id='word_1_703' title='bbox 667 4817 765 4884; x_wconf 92' lang='lat' dir='ltr'><strong>Illinc</strong></span> <span class='ocrx_word' id='word_1_704' title='bbox 801 4817 891 4882; x_wconf 88' lang='lat' dir='ltr'><strong>enim</strong></span> <span class='ocrx_word' id='word_1_705' title='bbox 934 4815 1095 4882; x_wconf 86' lang='lat' dir='ltr'><strong>concessit</strong></span> <span class='ocrx_word' id='word_1_706' title='bbox 1145 4834 1205 4878; x_wconf 92' lang='lat' dir='ltr'><strong>sua</strong></span> <span class='ocrx_word' id='word_1_707' title='bbox 1226 4813 1456 4898; x_wconf 86' lang='lat' dir='ltr'><strong>consignatum</strong></span> <span class='ocrx_word' id='word_1_708' title='bbox 1475 4809 1561 4894; x_wconf 92' lang='lat' dir='ltr'><strong>apud</strong></span> <span class='ocrx_word' id='word_1_709' title='bbox 1584 4831 1641 4876; x_wconf 90' lang='lat' dir='ltr'><strong>eos</strong></span> <span class='ocrx_word' id='word_1_710' title='bbox 1663 4809 1803 4893; x_wconf 91' lang='lat' dir='ltr'><strong>reliquit,</strong></span> <span class='ocrx_word' id='word_1_711' title='bbox 1825 4809 1911 4892; x_wconf 89' lang='lat' dir='ltr'><strong>quod</strong></span> <span class='ocrx_word' id='word_1_712' title='bbox 1928 4808 2027 4874; x_wconf 91' lang='lat' dir='ltr'><strong>hodie</strong></span> <span class='ocrx_word' id='word_1_713' title='bbox 2047 4829 2127 4892; x_wconf 93' lang='lat' dir='ltr'><strong>quo·</strong></span> 
     </span>
     <span class='ocr_line' id='line_1_54' title="bbox 114 4895 2127 4990; baseline -0.005 -21"><span class='ocrx_word' id='word_1_714' title='bbox 114 4902 422 4990; x_wconf 81' lang='lat' dir='ltr'><strong>lionsbelgardum,</strong></span> <span class='ocrx_word' id='word_1_715' title='bbox 445 4924 483 4969; x_wconf 91' lang='lat' dir='ltr'><strong>ac</strong></span> <span class='ocrx_word' id='word_1_716' title='bbox 499 4905 640 4970; x_wconf 91' lang='lat' dir='ltr'><strong>Petrum</strong></span> <span class='ocrx_word' id='word_1_717' title='bbox 663 4905 849 4970; x_wconf 76' lang='lat' dir='ltr'><strong>Tessauum</strong></span> <span class='ocrx_word' id='word_1_718' title='bbox 870 4900 1001 4967; x_wconf 91' lang='lat' dir='ltr'><strong>fidelem</strong></span> <span class='ocrx_word' id='word_1_719' title='bbox 1023 4901 1093 4965; x_wconf 90' lang='lat' dir='ltr'><strong>cius</strong></span> <span class='ocrx_word' id='word_1_720' title='bbox 1145 4920 1208 4983; x_wconf 92' lang='lat' dir='ltr'><strong>que</strong></span> <span class='ocrx_word' id='word_1_721' title='bbox 1237 4905 1379 4965; x_wconf 87' lang='lat' dir='ltr'><strong>servant.</strong></span> <span class='ocrx_word' id='word_1_722' title='bbox 1424 4899 1576 4963; x_wconf 89' lang='lat' dir='ltr'><strong>Proferat</strong></span> <span class='ocrx_word' id='word_1_723' title='bbox 1604 4897 1632 4962; x_wconf 92' lang='lat' dir='ltr'><strong>si</strong></span> <span class='ocrx_word' id='word_1_724' title='bbox 1662 4895 1770 4976; x_wconf 92' lang='lat' dir='ltr'><strong>volet,</strong></span> <span class='ocrx_word' id='word_1_725' title='bbox 1806 4918 1843 4962; x_wconf 90' lang='lat' dir='ltr'><strong>ac</strong></span> <span class='ocrx_word' id='word_1_726' title='bbox 1866 4896 2040 4962; x_wconf 87' lang='lat' dir='ltr'><strong>convineat</strong></span> <span class='ocrx_word' id='word_1_727' title='bbox 2071 4912 2127 4959; x_wconf 93' lang='lat' dir='ltr'><strong>me</strong></span> 
     </span>
     <span class='ocr_line' id='line_1_55' title="bbox 116 4983 1535 5074; baseline -0.008 -17"><span class='ocrx_word' id='word_1_728' title='bbox 116 4989 268 5057; x_wconf 85' lang='lat' dir='ltr'><strong>eeclesiae</strong></span> <span class='ocrx_word' id='word_1_729' title='bbox 295 4997 463 5074; x_wconf 91' lang='lat' dir='ltr'><strong>pastorem</strong></span> <span class='ocrx_word' id='word_1_730' title='bbox 489 4990 585 5071; x_wconf 90' lang='lat' dir='ltr'><strong>adiit,</strong></span> <span class='ocrx_word' id='word_1_731' title='bbox 615 4990 800 5074; x_wconf 90' lang='lat' dir='ltr'><strong>periculum</strong></span> <span class='ocrx_word' id='word_1_732' title='bbox 821 4990 983 5066; x_wconf 84' lang='lat' dir='ltr'><strong>facturus,</strong></span> <span class='ocrx_word' id='word_1_733' title='bbox 1011 5008 1094 5051; x_wconf 92' lang='lat' dir='ltr'><strong>num</strong></span> <span class='ocrx_word' id='word_1_734' title='bbox 1145 4984 1310 5063; x_wconf 87' lang='lat' dir='ltr'><strong>falsitatis,</strong></span> <span class='ocrx_word' id='word_1_735' title='bbox 1333 4985 1361 5049; x_wconf 93' lang='lat' dir='ltr'><strong>si</strong></span> <span class='ocrx_word' id='word_1_736' title='bbox 1382 4983 1535 5049; x_wconf 91' lang='lat' dir='ltr'><strong>mentior.</strong></span> 
     </span>
     <span class='ocr_line' id='line_1_56' title="bbox 119 5062 2126 5161; baseline -0.008 -18"><span class='ocrx_word' id='word_1_737' title='bbox 119 5075 183 5143; x_wconf 80' lang='grc'><strong>6116</strong></span> <span class='ocrx_word' id='word_1_738' title='bbox 200 5097 301 5161; x_wconf 93' lang='lat' dir='ltr'><strong>opera</strong></span> <span class='ocrx_word' id='word_1_739' title='bbox 316 5076 504 5161; x_wconf 89' lang='lat' dir='ltr'><strong>promoveri</strong></span> <span class='ocrx_word' id='word_1_740' title='bbox 522 5074 564 5141; x_wconf 87' lang='lat' dir='ltr'><strong>ad</strong></span> <span class='ocrx_word' id='word_1_741' title='bbox 581 5076 723 5161; x_wconf 90' lang='lat' dir='ltr'><strong>aliquam</strong></span> <span class='ocrx_word' id='word_1_742' title='bbox 741 5074 964 5143; x_wconf 88' lang='lat' dir='ltr'><strong>conditionem</strong></span> <span class='ocrx_word' id='word_1_743' title='bbox 973 5078 1092 5157; x_wconf 91' lang='lat' dir='ltr'><strong>posset.</strong></span> <span class='ocrx_word' id='word_1_744' title='bbox 1231 5070 1305 5134; x_wconf 91' lang='lat' dir='ltr'><strong>Iam</strong></span> <span class='ocrx_word' id='word_1_745' title='bbox 1327 5070 1497 5134; x_wconf 87' lang='lat' dir='ltr'><strong>conferant</strong></span> <span class='ocrx_word' id='word_1_746' title='bbox 1517 5067 1657 5135; x_wconf 85' lang='lat' dir='ltr'><strong>lectores</strong></span> <span class='ocrx_word' id='word_1_747' title='bbox 1678 5089 1753 5135; x_wconf 93' lang='lat' dir='ltr'><strong>cum</strong></span> <span class='ocrx_word' id='word_1_748' title='bbox 1773 5067 1836 5133; x_wconf 90' lang='lat' dir='ltr'><strong>hac</strong></span> <span class='ocrx_word' id='word_1_749' title='bbox 1858 5067 2012 5143; x_wconf 90' lang='lat' dir='ltr'><strong>historia,</strong></span> <span class='ocrx_word' id='word_1_750' title='bbox 2039 5062 2126 5146; x_wconf 92' lang='lat' dir='ltr'><strong>quod</strong></span> 
     </span>
     <span class='ocr_line' id='line_1_57' title="bbox 119 5149 2128 5248; baseline -0.006 -23"><span class='ocrx_word' id='word_1_751' title='bbox 119 5159 292 5247; x_wconf 85' lang='lat' dir='ltr'><strong>Postquam</strong></span> <span class='ocrx_word' id='word_1_752' title='bbox 326 5163 492 5229; x_wconf 88' lang='lat' dir='ltr'><strong>intellexit</strong></span> <span class='ocrx_word' id='word_1_753' title='bbox 526 5162 611 5228; x_wconf 91' lang='lat' dir='ltr'><strong>nihil</strong></span> <span class='ocrx_word' id='word_1_754' title='bbox 644 5185 679 5229; x_wconf 93' lang='grc'><strong>66</strong></span> <span class='ocrx_word' id='word_1_755' title='bbox 710 5163 778 5229; x_wconf 91' lang='lat' dir='ltr'><strong>illic</strong></span> <span class='ocrx_word' id='word_1_756' title='bbox 801 5181 898 5248; x_wconf 91' lang='lat' dir='ltr'><strong>posse</strong></span> <span class='ocrx_word' id='word_1_757' title='bbox 929 5159 1093 5242; x_wconf 91' lang='lat' dir='ltr'><strong>consequi,</strong></span> <span class='ocrx_word' id='word_1_758' title='bbox 1146 5157 1187 5223; x_wconf 90' lang='lat' dir='ltr'><strong>de</strong></span> <span class='ocrx_word' id='word_1_759' title='bbox 1197 5155 1333 5224; x_wconf 90' lang='lat' dir='ltr'><strong>consilio</strong></span> <span class='ocrx_word' id='word_1_760' title='bbox 1343 5155 1554 5241; x_wconf 87' lang='lat' dir='ltr'><strong>profectionis</strong></span> <span class='ocrx_word' id='word_1_761' title='bbox 1567 5175 1645 5221; x_wconf 91' lang='lat' dir='ltr'><strong>suae</strong></span> <span class='ocrx_word' id='word_1_762' title='bbox 1658 5153 1700 5220; x_wconf 91' lang='lat' dir='ltr'><strong>ad</strong></span> <span class='ocrx_word' id='word_1_763' title='bbox 1710 5153 1873 5219; x_wconf 90' lang='lat' dir='ltr'><strong>iuniorem</strong></span> <span class='ocrx_word' id='word_1_764' title='bbox 1885 5149 2128 5233; x_wconf 83' lang='lat' dir='ltr'><strong>Lotharingiae</strong></span> 
     </span>
    </p>
   </div>
   <div class='ocr_carea' id='block_1_3' title="bbox 0 0 2314 5893">
    <p class='ocr_par' dir='ltr' id='par_1_3' title="bbox 0 0 2314 5893">
     <span class='ocr_line' id='line_1_58' title="bbox 0 0 2314 5893; baseline 0 0"><span class='ocrx_word' id='word_1_765' title='bbox 0 0 2314 5893; x_wconf 95' lang='lat' dir='ltr'><strong> </strong></span> 
     </span>
    </p>
   </div>
  </div>
 </body>
</html>
