4620 5894
859 162 864 171 ’
976 167 1345 295 successurus.
1379 188 1383 195 ’
2045 226 2169 297 xum

139 397 400 482 prcbluationeru,
422 401 454 468 si
474 408 626 469 resecetur
641 402 855 487 praefatio
877 409 971 487 atque
989 404 1184 490 epilopus,
1210 406 1242 472 si
1262 425 1324 471 non
1345 404 1426 488 fiam
1446 403 1701 488 subscriptiones,
1727 409 1759 475 si
1781 410 1816 476 in
1837 411 1939 479 herm
1953 415 2169 500 praefationis

146 507 213 574 tulo
232 509 401 593 quidpiam
422 511 628 580 subiiciatur:
652 513 778 581 Scribat
801 513 955 583 Gabrinrn
971 518 1016 583 ad
1035 517 1198 582 ministros
1222 516 1397 602 Tipuriuae
1417 516 1561 584 emhsiae
1582 518 1760 601 epistolum
1788 521 1824 588 in
1845 544 1909 606 qna
1930 531 2076 609 monet,
2103 547 2169 595 csse

146 620 240 701 opud
260 626 385 689 moros
400 624 519 707 queas
540 625 685 692 oideatccr
700 625 828 693 Oaloirn
848 627 991 693 doctrina
1012 627 1051 693 de
1070 629 1278 695 sacramentis
1297 649 1361 694 non
1375 649 1439 711 per
1451 629 1558 695 munia
1580 649 1746 715 conprucre
1765 653 1837 699 nem
1848 635 1989 703 doctrina
2009 637 2169 705 nunno

145 751 225 797 m
250 733 426 817 Tipminue
442 735 585 801 ecdesiae
606 738 805 820 aliorumque
820 758 883 820 per
905 737 1083 805 Heluetium
1103 739 1338 805 ministrmum:
1358 760 1396 806 ea
1416 739 1455 806 dc
1475 758 1574 806 causa
1595 745 1623 806 te
1645 741 1772 811 Farcllo
1791 746 1898 811 comite
1922 746 2079 832 Tipurcnn
2099 768 2169 816 cori·

145 844 281 911 oessisse
303 865 343 911 ac
364 846 530 915 contulisse
550 848 711 915 nobiscum
733 851 934 931 amicissime,
962 849 1006 914 iis
1027 851 1165 916 manime
1186 851 1224 916 de
1245 850 1406 934 capitib&
1429 851 1467 917 de
1488 851 1602 934 quibus
1622 854 1789 935 puorsdam,
1811 877 1872 922 non
1892 859 1975 923 inter
1995 861 2169 943 nosipsos,

144 956 205 1022 sed
238 955 322 1022 inter
354 977 412 1024 nos
443 963 474 1024 et
512 960 594 1027 alios
633 961 794 1045 quosdam,
835 981 967 1045 quonum
1007 961 1110 1045 aliqui
1144 963 1326 1047 miprarnnt
1363 962 1407 1028 ad
1438 960 1628 1044 Dominum,
1673 964 1737 1047 fuit
1767 972 2000 1036 controversum.
2055 970 2097 1036 In
2127 992 2166 1038 ea

145 1070 257 1131 aner»
282 1068 458 1150 oodudmre,
491 1070 599 1138 allatis
624 1077 653 1138 et
679 1073 821 1139 mensus
847 1073 1000 1155 uniusne
1023 1074 1182 1139 sententiis
1203 1074 1336 1153 usne,
1365 1073 1588 1155 deprehensam
1615 1077 1739 1143 nullam
1766 1079 1848 1144 inter
1873 1100 1930 1146 nos
1953 1082 2049 1148 otiam
2076 1081 2168 1150 hodie

145 1198 215 1245 osse
235 1179 440 1246 discordium.
500 1174 564 1248 Sed
583 1184 733 1266 quonium
754 1184 864 1250 multis
886 1205 901 1250 e
922 1205 1039 1268 manua
1065 1184 1265 1250 ecdesiarnm
1285 1184 1420 1251 utilitate
1438 1186 1584 1268 futurum
1604 1188 1763 1270 uideatur,
1790 1191 1821 1256 si
1842 1191 1936 1257 ctiam
1958 1187 2033 1274 olii,
2060 1192 2112 1259 stt
2132 1195 2170 1261 in

138 1289 268 1373 primis
285 1292 345 1375 qui
364 1311 422 1359 nos
443 1293 597 1361 dissidere
625 1294 838 1376 arbitrantur,
865 1295 1041 1378 intellipant
1066 1315 1122 1361 nos
1149 1296 1312 1362 umordes
1339 1315 1405 1362 esse
1432 1297 1468 1361 nc
1488 1296 1643 1378 Domino,
1664 1306 1858 1384 paratosque
1884 1304 2056 1386 expositam
2077 1304 2169 1372 ibam

144 1403 315 1469 ueritates»
335 1408 364 1468 et
384 1403 524 1486 confiteri
538 1405 663 1488 publice
680 1412 709 1472 et
728 1408 843 1474 iunctis
864 1407 964 1490 copiis
984 1411 1158 1474 constanter
1179 1407 1349 1491 defendere,
1372 1408 1631 1491 conscripsissets
1642 1408 1731 1476 breve
1747 1413 1917 1496 quodpiam
1939 1417 2167 1498 compendium,

145 1512 279 1579 neum
300 1515 460 1583 dundanat
479 1519 617 1600 capilum
638 1519 676 1585 dc
696 1519 812 1601 quibus
831 1519 896 1602 fnit
916 1519 1061 1593 collatum
1082 1520 1164 1585 inter
1184 1538 1248 1599 nos,
1271 1524 1300 1584 et
1320 1519 1455 1601 innuas
1475 1521 1621 1602 utrinque
1641 1541 1832 1606 consensum,
1854 1530 1945 1608 atque
1958 1527 2040 1593 illud
2062 1528 2168 1611 usum

145 1645 182 1691 ec
196 1625 404 1709 ραὶοοίοηοοο
424 1629 554 1695 consilio
576 1632 794 1714 adscripsisse
814 1636 849 1696 ut
870 1631 949 1697 aliis
970 1650 1089 1714 qnoque
1110 1630 1337 1697 mmmunicari
1352 1631 1455 1712 possit
1474 1630 1645 1712 fratribus,
1667 1634 1734 1699 nisi
1753 1635 1911 1721 intellipas
1932 1637 1968 1703 id
1988 1639 2079 1705 nobis
2098 1640 2166 1722 fore

145 1737 312 1822 &prdem
333 1744 362 1806 et
382 1739 553 1845 adommin
566 1763 709 1824 prorsus.
754 1742 901 1809 Adida
914 1746 970 1807 tua
990 1763 1062 1808 cero
1081 1742 1185 1808 liceret
1204 1741 1388 1824 respondere
1408 1741 1466 1807 tibi
1486 1742 1523 1806 in
1544 1741 1624 1810 banc
1643 1744 1710 1828 fore
1730 1745 1885 1829 formam:
1912 1747 2088 1833 Apnoscere
2108 1771 2166 1818 nos
2299 1784 2307 1797 ·

141 1849 293 1931 prienen
313 1851 457 1934 quidem
485 1854 668 1938 mnenon
688 1853 749 1920 illa
769 1854 876 1936 cupiti
898 1853 955 1918 illa
976 1856 1050 1937 ipsa
1070 1873 1135 1920 osse
1161 1853 1199 1919 de
1226 1853 1340 1935 qubus
1364 1851 1452 1935 facta
1477 1854 1522 1918 st
1547 1854 1682 1937 collatu,
1716 1857 1827 1924 deinde
1846 1860 1882 1925 in
1901 1859 1962 1925 illa
1989 1879 2168 1929 consenum

148 1981 216 2029 m
236 1963 435 2030 enonimiler
451 1963 497 2030 ab
511 1966 662 2049 utrisque,
684 1966 811 2049 ideoque
825 1964 1070 2048 prsblicatimtcm
1090 1965 1179 2031 nobis
1199 1984 1260 2030 non
1279 1964 1463 2047 improbari,
1485 1967 1540 2031 sed
1555 1987 1618 2049 per
1638 1988 1696 2034 nos
1712 1969 1941 2052 quidcmlicere
1962 1970 2020 2037 illa
2041 1976 2071 2040 el
2090 1974 2168 2041 aliis

147 2073 380 2141 commonicare
398 2075 565 2159 fraribus,
588 2098 686 2162 neque
706 2078 744 2143 de
765 2076 843 2143 aliis
864 2097 920 2143 nos
941 2075 1127 2143 addubitare
1147 2076 1334 2160 symmystis,
1347 2075 1515 2143 ministris
1536 2077 1735 2145 eunome
1749 2100 1813 2163 por
1829 2080 2013 2164 Hdoetiam,
2037 2086 2116 2168 quin
2137 2088 2167 2152 el

147 2185 215 2269 ipsi
235 2185 313 2252 laec
333 2187 401 2254 sint
421 2189 636 2272 apponeres,
653 2189 845 2274 praesertim
866 2208 962 2271 cumn
983 2193 1055 2254 ante
1075 2187 1188 2253 multos
1208 2207 1308 2253 cunas
1333 2185 1459 2253 nuncu
1485 2188 1550 2253 sint
1577 2190 1665 2273 apud
1690 2212 1740 2258 eos
1761 2193 1990 2274 disputationes
2009 2196 2166 2283 publicae,

148 2301 178 2363 ct
197 2296 359 2365 muscae
380 2298 421 2364 ab
441 2299 526 2381 dtis,
557 2300 785 2385 nobiscunque
812 2321 873 2368 non
893 2299 1150 2380 recismanlibus,
1177 2297 1254 2380 fidei
1280 2298 1452 2365 communis
1479 2299 1702 2383 mnfesnoncs,
1730 2323 1801 2369 ram
1829 2303 1942 2387 quibus
1968 2326 2065 2388 quum
2092 2307 2168 2377 hoec

148 2414 258 2477 nostra
276 2409 419 2494 faciam,
449 2413 565 2496 istique
583 2413 652 2480 illis
672 2413 742 2480 suis
764 2412 963 2490 indrameant,
990 2431 1054 2477 non
1068 2431 1165 2493 posse
1186 2430 1236 2476 eos
1257 2409 1331 2476 laec
1351 2414 1460 2476 nostra
1481 2429 1543 2476 non
1569 2413 1714 2495 amplecti
1739 2421 1768 2481 et
1788 2415 1962 2497 approbare
1976 2438 2039 2500 per
2059 2421 2168 2486 omnia

149 2525 201 2588 de
249 2521 359 2595 Tuum
380 2543 451 2609 erpo
473 2525 540 2591 iam
563 2525 663 2607 fuerit
689 2524 779 2592 nobis
807 2525 857 2590 nel
884 2524 998 2590 nulius
1024 2523 1101 2590 dare
1122 2521 1301 2603 consiliam,
1329 2521 1377 2588 uel
1397 2526 1486 2588 tuom
1505 2523 1639 2589 senec
1664 2526 1842 2608 epistolam,
1870 2527 1914 2592 ad
1938 2548 2008 2594 cam
2030 2529 2168 2612 fumum

150 2652 249 2716 psam
269 2634 361 2700 niodo
384 2635 653 2703 adumbravimus.
700 2636 787 2704 Eum
808 2635 863 2701 ubi
884 2637 1012 2702 mismis
1029 2632 1247 2719 praeficemus,
1263 2633 1478 2716 procfdioms
1497 2633 1569 2714 loco,
1593 2635 1797 2702 declarationi
1818 2639 2029 2706 consessionis
2048 2645 2077 2707 et
2096 2640 2171 2709 buis
2293 2693 2295 2698 ,

141 2766 226 2831 ¹rocon
245 2745 480 2831 mbinnperncs,
502 2749 617 2833 epdopi
637 2753 695 2815 ard
715 2749 878 2817 dausulae
899 2748 972 2826 oice,
995 2751 1134 2812 nostram
1155 2744 1316 2826 ορίοίοῖαοο
1332 2750 1406 2810 moe
1425 2747 1665 2827 respondentur,
1687 2747 1730 2813 ad
1740 2767 1811 2813 mm
1823 2749 1951 2815 modum
1968 2771 2059 2833 quem
2079 2753 2171 2831 moda

153 2856 392 2925 manuue
438 2857 540 2926 Porro
561 2860 654 2926 illam
680 2860 815 2943 formam
837 2878 965 2938 nocam
993 2862 1050 2924 ant
1070 2858 1101 2922 si
1122 2856 1199 2940 quid
1224 2855 1337 2922 melius
1357 2859 1563 2941 ueppesseris,
1590 2878 1707 2924 morsrcs
1733 2859 1890 2926 mittemus
1908 2861 2066 2944 fratribus
2085 2862 2171 2949 Bor.

150 2968 312 3052 munus
333 2970 484 3037 munst
504 2973 536 3038 si
558 2973 592 3036 in
615 2972 696 3039 banc
717 2973 800 3038 citra
823 2969 1081 3052 subscriptionem
1102 2968 1273 3035 consentire
1287 2969 1420 3052 possint.
1469 2968 1558 3050 Quod
1579 2970 1610 3036 si
1630 2971 1845 3051 consenserint,
1866 2973 2025 3040 mittemus
2042 2975 2171 3041 earsdem

151 3086 178 3147 ct
197 3082 345 3148 aliarum
364 3083 566 3151 eulesiamnn
586 3084 752 3150 ministris.
800 3082 961 3148 Postremo
983 3081 1062 3165 quid
1082 3079 1281 3162 effecerimus,
1299 3078 1356 3145 tibi
1377 3077 1456 3145 bano
1475 3079 1539 3162 fide
1560 3085 1589 3146 et
1607 3083 1730 3147 mature
1750 3081 1998 3166 sipnificnbn'mrs
2019 3137 2052 3151 ..
2076 3137 2109 3152 ..
2133 3136 2168 3153 ..

307 3193 440 3276 Quibus
461 3193 567 3273 literis
590 3195 734 3280 acceptis
755 3193 932 3272 (bulsinus,
960 3192 1087 3259 invitus
1115 3190 1263 3275 quidem,
1291 3188 1351 3257 sed
1378 3198 1417 3255 ut
1446 3190 1503 3275 qui
1525 3191 1623 3257 uliter
1650 3192 1718 3256 ium
1738 3212 1808 3258 uon
1829 3200 1953 3276 posset,
1981 3195 2169 3282 Bullingeri

152 3305 328 3373 consilium
349 3313 509 3390 ssqumus
531 3307 702 3390 epistolem
723 3305 817 3372 illem
838 3303 1048 3388 conscripsit,
1077 3323 1176 3387 quum
1195 3309 1309 3386 postes
1329 3301 1435 3368 editoe
1457 3301 1676 3368 Oonssnsioni
1698 3305 1879 3387 praefixum
1901 3303 2065 3391 hodieque
2085 3307 2169 3395 legi·

151 3438 234 3496 mus,
256 3438 408 3502 quseqm
430 3417 595 3486 Oslendus
618 3419 764 3504 Augusti
786 3417 874 3484 diem
895 3415 1041 3483 natalem
1062 3416 1169 3481 refert
1216 3413 1277 3480 Oui
1301 3413 1512 3493 Tumccnms,
1541 3420 1641 3498 prout
1668 3435 1705 3481 se
1731 3415 1877 3482 lecturos
1902 3416 2041 3500 polliciti
2060 3428 2166 3501 erant,

151 3528 204 3596 dis
225 3530 400 3615 uigesims
421 3529 568 3597 eiusdem
589 3532 713 3597 mensis
736 3529 988 3614 responderunt,
1010 3527 1322 3611 responsionemque
1343 3524 1465 3609 epilogi
1487 3526 1558 3591 vice
1576 3525 1735 3592 Articulis
1758 3527 2012 3608 subiuuxcrunt,
2032 3532 2171 3599 resectis.

152 3641 186 3707 iu
205 3643 321 3708 fronte
342 3649 377 3708 et
396 3642 433 3708 in
454 3643 550 3710 culce.
571 3662 655 3726 quse
684 3648 783 3708 untes
805 3640 994 3718 adhierunt,
1021 3639 1222 3722 praefatione
1249 3629 1284 3702 et
1310 3635 1455 3720 epilogo,
1483 3656 1566 3720 ques
1595 3643 1705 3721 partes
1725 3637 1915 3705 Beruenses
1935 3643 2081 3708 maxims
2103 3643 2169 3711 sibi

152 3753 388 3839 inpedimento
415 3775 489 3821 csse
517 3752 670 3821 dixerunt
697 3773 761 3837 quo
790 3753 901 3818 minus
929 3751 1059 3836 publice
1085 3747 1364 3833 edetipulsrentur
1397 3749 1563 3815 communi
1589 3749 1811 3816 declarationi.
1857 3748 1961 3817 Cuius
1993 3754 2166 3838 exemplar

153 3886 253 3951 quum
271 3866 386 3933 Turici
407 3887 511 3932 manu
531 3864 720 3950 Bullingeri
741 3868 900 3949 scriptum
922 3869 1031 3949 exstet
1051 3863 1086 3929 iu
1108 3861 1264 3928 Archiris
1286 3860 1418 3944 saepius
1438 3859 1506 3924 ism
1524 3861 1712 3928 memoretis
1734 3860 1818 3945 Epp.
1838 3863 1930 3929 Tum.
1952 3862 1981 3942 I,
2003 3884 2077 3950 pug.
2101 3869 2167 3932 397.

152 3984 331 4062 utrumque
352 3973 614 4044 additamentum
635 3976 733 4043 hodie
755 3996 969 4060 suppressum
989 3975 1176 4052 continens,
1198 3973 1263 4039 hue
1283 3992 1413 4057 quoque
1432 3971 1639 4039 celeberrimi
1661 3971 1852 4039 documenti
1873 3980 1995 4058 portes,
2018 3975 2164 4042 secoulu·

154 4087 243 4157 sibus
264 4090 413 4159 tenebris
435 4089 592 4174 sepultus,
616 4090 643 4155 si
666 4088 800 4154 tandem
822 4086 1000 4172 aliquando
1022 4087 1057 4152 in
1078 4086 1187 4152 lucem
1207 4083 1490 4168 protraherentur,
1514 4082 1605 4148 haud
1627 4082 1685 4150 sbs
1707 4084 1908 4150 soluturum
1930 4086 2004 4166 ruti,
2027 4107 2083 4153 ess
2100 4087 2164 4156 hcc

156 4200 222 4285 loco
242 4200 317 4281 tibi,
335 4200 498 4270 benevole
519 4201 630 4280 lector,
653 4200 858 4279 exhibemus,
881 4197 1069 4282 etquidem
1089 4204 1237 4281 utroque,
1260 4216 1325 4281 quo
1347 4217 1403 4263 ess
1424 4183 1853 4281 Bullingerus'descripsit,
1874 4215 2036 4277 sermono,
2059 4197 2169 4266 lutino.

159 4313 277 4382 scilicet
296 4319 414 4399 utpote
434 4312 594 4398 primerio
615 4319 650 4385 et
671 4310 873 4391 authentico,
897 4311 1084 4395 germanico
1105 4329 1196 4388 uero,
1217 4315 1257 4373 ut
1278 4306 1467 4391 speciminis
1489 4306 1559 4373 loco
1581 4307 1625 4372 sit
1642 4306 1760 4373 telium
1782 4305 1929 4373 curiosis.
2060 4357 2067 4367 .

988 4778 1320 4864 PRAEFATIO.

243 4989 327 5072 Quis
349 4996 464 5059 nosue
484 4991 566 5057 hoec
588 4990 629 5056 do
649 4987 864 5056 caeromeniis
885 4985 1044 5054 confessio
1062 5007 1129 5050 non
1154 4992 1157 5055 i
1268 4983 1350 5048 Dise
1375 5002 1482 5049 onsere
1503 4980 1690 5047 Belcantnus
1717 5001 1775 5048 non
1805 4982 1864 5046 den
1890 4981 2023 5068 heidpm
2048 4980 2165 5050 Sacra·

176 5101 270 5166 omme
289 5102 512 5187 complectitur
533 5096 617 5187 quse
638 5100 765 5167 utiliter
786 5105 925 5184 optoque
950 5097 1014 5164 dici
1037 5104 1130 5182 pote-
1154 5060 1157 5175 l
1180 5100 1299 5161 momen
1334 5093 1462 5179 bcprpfft
1492 5093 1554 5158 nitt
1585 5092 1664 5161 atus
1695 5093 1755 5161 das
1788 5093 1848 5160 dus
1882 5098 1974 5158 umet
2008 5113 2049 5159 su
2082 5095 2163 5161 mern

268 5227 372 5286 Mnus
386 5246 479 5302 apuu
519 5230 575 5287 Vol
598 5229 665 5288 Vll.
1903 5220 1929 5276 G
