4620 5894
142 236 205 312 aar
895 239 1148 311 manneus
1171 240 1210 307 P.
1233 238 1411 307 cenom
2096 184 2170 307 aas

142 431 319 502 Arenarii?
335 432 359 515 ¹)
404 431 474 498 Our
501 451 556 496 me
588 431 677 516 coms
704 450 815 497 coram
844 435 894 495 tot
920 431 1060 496 testibus
1088 449 1126 495 ae
1179 429 1330 496 deserere
1350 450 1420 494 non
1442 434 1625 507 mutentus,
1651 429 1751 493 etiam
1769 427 1805 492 in
1825 448 1944 494 manus
1966 429 2162 496 carnificum

27 588 31 595 ,
143 521 267 588 talibus
288 517 370 584 viris
387 518 511 584 referre
528 525 561 584 te
579 516 620 582 ab
638 517 769 600 hospita
785 517 887 582 fuisse
905 516 1125 595 observem,
1178 514 1352 581 tradidisti.
1401 514 1477 578 Hoc
1518 514 1591 598 quis
1630 512 1689 578 tibi
1724 513 1894 598 ignoscat?
1945 515 2022 580 Non
2065 525 2162 600 pater

144 606 225 672 dum
247 603 435 671 clanculum
455 603 497 670 ad
519 603 663 687 puellam
683 602 848 682 introires,
871 622 969 686 qnam
987 623 1029 666 ex
1050 622 1126 685 pro-
1179 607 1266 679 tuns,
1290 599 1435 667 sihodie
1452 601 1553 680 vivat,
1577 600 1756 666 detestetur
1772 600 1874 665 talem
1891 600 2019 665 filium?
2055 601 2161 683 Haeo,

144 691 268 759 stibulo
297 696 481 773 acceptam,
510 696 685 774 cognatam
712 708 784 755 esse
811 695 904 754 tuam
926 685 1125 754 simulabas?
1179 688 1264 753 sicut
1286 686 1369 765 dixi,
1398 707 1528 751 summa
1553 687 1711 752 orationis
1738 686 1810 751 fuit.
1856 683 1924 752 Sed
1946 693 2040 752 tanta
2059 687 2162 754 vehe-

144 797 183 844 ae
215 783 361 842 scortum
388 776 543 841 maximis
570 773 767 842 clamoribus
794 774 896 840 fuisse
924 772 1078 839 abactam
1107 793 1126 838 e
1178 774 1303 838 mentia
1325 772 1422 838 audio
1444 771 1616 838 Farellum
1637 773 1752 857 egisse,
1775 779 1815 836 ut
1836 771 1976 838 Carolus
1998 773 2162 840 attonitus

145 864 223 930 sinu
249 861 331 927 tuot
375 859 616 927 Recordarisne
653 881 756 944 quum
792 859 835 926 ad
862 859 1017 926 Gervasii
1049 879 1126 924 ecn-
1179 866 1214 924 et
1235 867 1394 943 tanquam
1415 858 1522 924 subito
1543 858 1681 923 fulmine
1702 858 1788 924 ietus
1811 858 2021 924 obmutuerit.

145 950 256 1016 ciones
290 946 445 1025 haberes,
481 954 549 1011 tres
576 947 648 1035 pios
678 953 710 1011 et
737 946 894 1029 probatae
926 945 1126 1030 integritatis
1265 942 1423 1011 Surrexit
1443 953 1556 1027 postea
1577 945 1730 1022 Viretus,
1759 945 1831 1026 qui,
1860 965 1963 1028 quum
1991 946 2027 1009 in
2048 946 2160 1011 animo

144 1036 243 1114 viros,
267 1054 370 1116 quum
388 1033 429 1098 ad
448 1040 481 1098 te
497 1054 596 1098 mane
617 1032 788 1098 venissent
805 1031 996 1109 salutatum,
1019 1051 1126 1095 mere-
1179 1030 1317 1096 haberet
1336 1030 1482 1096 breviter
1504 1030 1667 1095 duntaxat
1683 1031 1827 1112 pcrstrin
1870 1049 1921 1108 re;
1943 1051 2043 1113 quam
2064 1052 2162 1115 prae-

145 1121 261 1186 tricem
279 1119 314 1183 in
333 1124 407 1199 [pag.
427 1124 482 1199 aa]
500 1118 620 1184 lectulo
638 1125 695 1183 tuo
711 1118 882 1201 reperisse,
906 1138 944 1183 ae
961 1117 1008 1181 ita
1025 1117 1127 1183 husee
1179 1117 1267 1182 clare
1293 1138 1328 1182 se
1354 1117 1391 1180 in
1416 1116 1552 1183 ecclesia
1572 1115 1808 1181 Lausannensi
1858 1116 1968 1181 arclus
1996 1118 2161 1267 {essisset

147 1206 308 1283 offensos,
334 1211 372 1268 ut
393 1212 426 1268 tc
450 1202 491 1268 ab
513 1226 551 1269 eo
574 1213 738 1287 tempore,
762 1212 918 1286 tanquam
941 1209 1127 1268 monstrum
1180 1203 1276 1285 quale
1305 1203 1422 1267 luisset
1449 1203 1537 1268 vitae
1566 1203 1635 1267 eius
1664 1202 1854 1286 exemplum
1886 1203 1922 1265 in
1957 1224 1995 1268 ae
2021 1203 2163 1270 'ficauda

146 1288 287 1373 aliquod,
311 1288 523 1355 horruerint?
568 1290 779 1374 Recognosce
801 1289 900 1355 etiam
917 1309 1019 1372 quam
1040 1288 1127 1353 mul·
1180 1287 1333 1367 eeclesia,
1362 1287 1548 1354 admonitus
1570 1287 1633 1353 fuit
1654 1310 1674 1352 a
1695 1308 1852 1354 consessu
1872 1295 1927 1366 ut,
1951 1308 2050 1372 quam
2071 1290 2162 1356 inter

145 1376 190 1442 tie
212 1375 310 1442 simul
335 1375 414 1440 locis
437 1382 546 1440 seona
573 1375 711 1453 alueris,
735 1396 874 1459 quorum
896 1395 1003 1438 unum
1025 1373 1128 1456 quod·
1180 1394 1215 1439 se
1234 1372 1506 1456 disceptationem
1524 1374 1709 1439 habuerant
1726 1373 1767 1438 de
1783 1381 2001 1454 mortuorum,
2019 1379 2093 1454 [pag.
2108 1379 2163 1456 71]

145 1459 222 1526 dam
254 1461 368 1526 uxoris
401 1469 579 1544 praetextu
618 1461 784 1526 occultum
815 1459 967 1526 habebas.
1013 1457 1128 1541 Quum
1181 1466 1218 1524 ut
1253 1460 1449 1542 loquuntur,
1490 1460 1670 1544 suffragiis,
1709 1460 1821 1542 paucis
1862 1471 2049 1542 exponeret
2094 1461 2162 1529 Hic

145 1557 256 1612 autem
279 1547 404 1611 mentio
426 1546 467 1611 de
486 1553 520 1611 te
547 1546 717 1612 incidisset
737 1548 771 1610 in
802 1554 896 1611 coetu
925 1546 1056 1629 piorum
1079 1546 1127 1610 vi-
1181 1544 1320 1610 Carolus
1341 1566 1401 1628 pro
1423 1545 1520 1610 solita
1546 1567 1606 1611 sua
1627 1547 1795 1628 protervia
1820 1545 2047 1629 interpellavit
2066 1567 2104 1614 ac
2127 1568 2163 1612 se

144 1653 268 1710 rorum,
291 1632 492 1715 patefactum
511 1633 621 1710 fuisse,
639 1639 672 1697 te
690 1632 834 1715 quinque
848 1630 911 1697 'aut
928 1652 987 1697 sex
1006 1631 1128 1696 habere
1180 1651 1309 1714 quoque
1338 1632 1486 1713 proferre
1513 1631 1599 1697 velle
1622 1631 1721 1710 dixit,
1748 1632 1867 1715 quibus
1896 1634 2104 1715 argumentis
2124 1633 2162 1698 in

145 1717 286 1783 diversis
322 1717 403 1783 locis
436 1718 661 1800 supposititias
688 1738 818 1782 uxores.
864 1716 948 1798 Quis
982 1737 1126 1799 unquam
1180 1715 1357 1781 asserendo
1390 1738 1449 1781 suo
1491 1715 1644 1801 dogmate
1682 1719 1853 1782 niteretur.
1898 1716 2016 1783 Vireto
2048 1726 2162 1784 autem

145 1810 262 1868 taurm
290 1812 358 1867 tam
386 1804 580 1886 prostitutae
607 1802 671 1868 fuit
699 1803 845 1868 hbrdrms
870 1809 928 1867 aut
950 1801 1125 1868 lasciviae?
1179 1802 1263 1866 nihil
1292 1810 1364 1867 erat
1390 1803 1566 1886 optabilius
1594 1824 1692 1886 quam
1718 1824 1788 1868 rem
1823 1810 1928 1867 totam
1956 1804 2057 1886 probe
2085 1825 2163 1890 eog-

146 1910 237 1954 nunc
265 1897 298 1952 et
324 1887 462 1953 iocando
491 1888 578 1973 apud
600 1888 703 1953 talem
726 1910 915 1954 consessum
937 1887 1127 1952 foeditatem
1178 1889 1269 1954 nosci
1293 1895 1326 1953 et
1347 1889 1520 1972 utriusque
1546 1889 1649 1972 partis
1677 1897 1790 1955 exacte
1818 1887 2160 1972 perpendirationes.

145 1983 278 2039 tuorum
311 1995 461 2039 amorum
488 1985 639 2040 extenua.
686 1972 796 2055 Quam
829 1982 941 2038 autem
972 1980 1126 2038 strenuus
1178 1971 1246 2039 Sed
1268 1995 1311 2038 ne
1338 1975 1374 2038 in
1400 1974 1600 2040 immensum
1628 1976 1734 2040 exiret
1755 1976 1854 2054 actio,
1883 1978 2039 2041 convenit
2061 1990 2099 2043 ut
2119 1976 2162 2042 de

145 2060 246 2125 fueris
279 2060 403 2125 athleta
438 2061 473 2123 in
506 2060 745 2144 propugnando
773 2059 946 2144 evangelio
974 2068 1008 2124 et
1036 2059 1125 2144 quali
1179 2060 1299 2141 scripto
1327 2060 1561 2138 recitarentur,
1598 2082 1681 2144 quae
1715 2068 1828 2126 tama
1856 2061 1974 2127 Oarolo
2011 2085 2112 2147 quam
2141 2083 2162 2128 a

147 2144 265 2209 ardore
293 2154 351 2209 aut
372 2143 480 2210 studio
502 2146 707 2224 incubueris,
737 2144 816 2229 quid
838 2145 1003 2210 referam?
1048 2144 1126 2211 Una
1177 2144 1295 2210 Vireto
1318 2145 1449 2228 prodita
1470 2147 1611 2211 fuerant.

146 2229 227 2296 haec
248 2230 399 2309 historia,
422 2233 552 2313 opinor,
576 2252 674 2314 quam
698 2231 849 2309 retulisti,
871 2230 1127 2314 locupletissima

146 2317 210 2381 erit
242 2317 344 2380 testis.
390 2316 487 2399 Oapti
516 2325 613 2381 erant
640 2316 864 2382 adolescentes
896 2316 946 2380 illi
978 2315 1020 2381 ob
1053 2337 1125 2380 sus-

145 2422 250 2485 pensa
277 2400 437 2484 quaedam
467 2402 659 2479 simulacra,
689 2423 753 2486 quo
779 2400 832 2466 die
853 2402 1001 2485 papistae
1023 2422 1126 2484 pana-

145 2507 240 2553 ceam
262 2509 357 2552 suum
380 2486 505 2552 idolum
527 2496 667 2572 gestant.
695 2487 845 2553 Iuvenile
866 2487 1000 2569 quidem
1022 2496 1055 2552 et
1074 2488 1126 2551 in·
1266 2487 1443 2553 Bubeium
1479 2488 1663 2554 catholicam
1690 2510 1752 2571 pro
1785 2490 1903 2554 sunnis
1931 2491 2080 2571 fidelibus
2109 2494 2160 2559 de-

145 2572 388 2639 consideratum
408 2573 554 2651 facinus,
583 2595 680 2638 nemo
699 2581 807 2657 negat.
850 2573 981 2639 Fateris
1003 2581 1126 2652 tamen,
1177 2574 1295 2656 functis
1315 2575 1373 2653 pie
1402 2593 1510 2638 nasse
1541 2595 1577 2637 an
1604 2595 1696 2639 orare
1723 2581 1757 2639 ut
1779 2575 1946 2641 liberentur
1973 2598 1995 2641 a
2016 2583 2162 2645 merted

147 2658 232 2742 quod
256 2660 291 2723 in
314 2679 426 2723 eorum
448 2660 774 2725 excusationemtibi
796 2659 980 2741 aquodam
1003 2657 1127 2725 dietum
1179 2660 1277 2724 utam
1298 2660 1422 2724 uenturi
1443 2661 1562 2725 emenii
1585 2666 1817 2741 cenaequantur.

148 2744 263 2823 hierat,
288 2765 495 2828 summopere
517 2746 679 2811 arrisisse:
704 2744 805 2828 digna
824 2745 924 2810 fuisse
945 2744 1004 2809 illa
1026 2746 1127 2810 simn-
1268 2742 1417 2826 Suppono
1438 2746 1509 2812 duo.
1556 2746 1704 2810 Primum
1727 2747 1807 2828 quod
1822 2746 1929 2828 fides
1950 2751 2067 2814 mortui
2089 2757 2162 2815 sunt

146 2829 237 2929 laura
264 2829 428 2929 pluribus·
443 2830 643 2930 suspendiis,
670 2851 754 2914 quae
776 2836 825 2895 tot
847 2851 950 2895 annos
969 2831 1039 2930 Dei
1057 2830 1128 2931 glo·
1152 2822 1155 2929 l
1180 2831 1219 2895 de
1246 2831 1372 2896 entatu
1405 2829 1539 2911 Olenia,
1568 2837 1596 2897 et
1617 2831 1708 2897 Deua
1735 2853 1796 2897 non
1823 2832 2028 2915 ensfunditur
2055 2838 2163 2902 vorari

145 2917 1128 3086 tt?tttttltttt,wutttatt‘httt
1153 3058 1155 3103 ,
1180 2915 1865 3081 btttttfttttn.t?nttt
1885 2920 2024 3071 tii·
2040 2921 2168 3073 abb.

145 3085 211 3151 Dei
245 3089 401 3170 permoti,
443 3089 550 3172 magis
586 3110 685 3172 quam
718 3110 821 3171 pravo
857 3089 960 3152 animi
998 3089 1126 3166 affectu,
1152 3108 1156 3175 f
1181 3090 1263 3153 enim
1283 3087 1428 3154 Christus
1450 3095 1593 3153 mortum
1613 3096 1659 3153 est
1676 3096 1703 3153 et
1720 3092 1904 3170 resurrexit,
1927 3097 1962 3156 ut
1982 3093 2162 3159 doininmr

143 3170 270 3237 rabiem
296 3174 475 3256 impiorum
509 3175 545 3237 in
574 3195 609 3239 se
641 3173 868 3241 accenderant.
919 3172 987 3239 Sed
1022 3175 1128 3256 finga—
1152 3182 1155 3239 t
1180 3180 1210 3238 et
1230 3180 1421 3238 mortuorum
1432 3180 1460 3238 et
1479 3176 1661 3238 viventium.
1698 3175 1779 3240 Item
1789 3175 1924 3260 Aupuat
1946 3178 1997 3243 lib.
2019 3180 2058 3244 de
2078 3178 2162 3245 Ciui-

143 3277 221 3322 mns
242 3259 457 3341 petulantiam
475 3259 609 3325 illorum
632 3259 761 3326 modica
783 3260 894 3343 aliqua
912 3260 1128 3344 castigatione
1180 3264 1240 3325 tate
1257 3259 1323 3323 Dei
1344 3263 1399 3324 20.
1421 3279 1489 3340 cap.
1516 3264 1544 3323 9.
1567 3261 1629 3324 ait.-
1649 3260 1757 3343 Neque
1778 3264 1861 3327 enim
1877 3263 2011 3343 piorum
2031 3267 2162 3333 animae

145 3343 359 3410 coercendam
381 3346 492 3424 irrisae,
516 3343 603 3429 quod
620 3347 730 3412 fervor
748 3346 867 3411 aetatis
884 3345 1020 3430 paulum
1039 3346 1129 3411 ultra
1179 3351 1371 3410 monueram
1392 3349 1582 3426 separantur
1603 3345 1642 3412 ab
1661 3347 1796 3412 emissio.

147 3435 254 3494 metas
276 3450 331 3496 eos
353 3431 526 3496 extulerat.
562 3433 614 3497 'Pu
635 3432 725 3498 illius
747 3431 812 3499 loci
833 3440 945 3515 pastor
965 3453 1052 3511 eras3
1074 3452 1127 3497 res
1268 3429 1446 3497 Secundum
1468 3451 1608 3513 suppono
1631 3433 1790 3515 defundes
1818 3434 1853 3497 in
1877 3433 2001 3501 Uiriato
2021 3439 2161 3504 noudum

145 3514 236 3578 enim
264 3522 358 3599 geste
386 3521 461 3594 [pag.
481 3523 535 3596 το]
564 3528 615 3583 est
638 3518 861 3602 Alenconii.²)
904 3516 1035 3582 Idolum
1063 3519 1127 3582 cir·
1179 3518 1435 3597 reprornicarbnea
1463 3517 1616 3599 accensae
1637 3538 1692 3582 nee
1716 3527 1960 3586 mncmurnatcm
1977 3523 2162 3604 felicitatem

146 3600 389 3665 cnmferebatur
411 3622 471 3684 per
491 3602 609 3668 urbem
636 3625 702 3667 non
724 3605 795 3669 sine
816 3602 941 3686 insigni
962 3602 1028 3668 Dei
1049 3624 1126 3668 con·
1179 3623 1274 3683 want
1301 3604 1522 3685 consenuere?
1557 3608 1644 3684 suut,
1677 3605 1805 3685 adeptos
1834 3605 1952 3688 fuissen-
1984 3615 2162 3692 euspedant

146 3684 283 3750 tumelia
300 3692 335 3749 et
353 3696 580 3753 sacrosanctae
597 3708 717 3753 coenae
733 3687 871 3752 Domini
888 3688 1125 3770 profanatione,
1179 3689 1263 3752 enim
1284 3689 1550 3754 immortalitatem
1572 3710 1703 3755 aarum
1722 3709 1894 3773 caporum.
1934 3693 2059 3776 Oportet
2075 3696 2162 3762 erun

147 3769 233 3854 quod
253 3778 290 3834 tu
317 3790 447 3854 quoque
468 3773 595 3838 fateris:
628 3775 753 3839 vocasti
781 3773 868 3838 enim
892 3775 1003 3838 Deum
1024 3794 1126 3856 pana·
1178 3773 1380 3854 corruptibile
1405 3778 1479 3853 [pag.
1505 3779 1559 3852 72]
1594 3774 1650 3841 boc
1678 3777 1807 3842 induere
1840 3779 2105 3861 incorruptionem
2132 3787 2163 3848 et

145 3876 241 3923 ceum
263 3857 477 3939 papietarum.
521 3859 648 3924 Eratne
670 3857 790 3924 silendi
812 3858 967 3941 tempus?
990 3858 1127 3943 negabis
1178 3858 1307 3922 mortale
1327 3858 1382 3923 boe
1401 3863 1452 3924 etc.

146 3950 180 4008 te
205 3942 307 4008 fuisse
335 3961 450 4008 canem
479 3952 624 4023 mutum,
653 3952 686 4010 et
715 3944 806 4009 aliud
833 3944 974 4022 idolum,
1005 3945 1060 4027 qui
1085 3944 1127 4009 ad
1267 3942 1332 4008 His
1353 3945 1540 4026 suppositis,
1558 3945 1657 4027 probo
1679 3948 1889 4015 emissiones
1910 3950 1962 4017 his
1982 3952 2163 4019 rationibus

145 4035 274 4095 tantm
308 4029 586 4095 abominationem
622 4031 742 4095 tacitus
779 4028 995 4096 conniveres‘?
1042 4028 1126 4111 Quis
1179 4048 1260 4112 quae
1280 4033 1454 4110 aequamur
1475 4050 1515 4094 en
1537 4031 1699 4113 scriptura
1718 4035 1899 4116 desumptus.

146 4134 214 4179 non
235 4114 350 4181 videat
367 4116 506 4182 iuvenes
522 4117 603 4182 istos
625 4125 784 4199 tanquam
806 4138 848 4182 ex
868 4115 1032 4198 lapidibus
1055 4137 1127 4181 sus·
1268 4119 1297 4179 1.
1334 4113 1459 4195 Primo,
1488 4112 1634 4181 Christus
1661 4120 1764 4183 orauit
1786 4141 1850 4200 pro
1878 4121 2022 4188 omnibus
2048 4125 2161 4206 abdis,

146 4201 261 4267 citans
290 4201 392 4267 fuisse
428 4222 448 4266 a
475 4203 619 4267 Domino
648 4210 686 4265 ut
716 4201 750 4266 la
773 4201 843 4267 ides
871 4201 935 4283 ipsi
964 4201 1127 4285 perfidum
1179 4201 1237 4283 qui
1257 4220 1328 4265 eum
1344 4207 1590 4282 praecnmrant,
1614 4205 1669 4284 qui
1691 4209 1762 4269 tune
1782 4211 1871 4271 erant
1888 4212 1916 4271 et
1934 4210 2040 4288 futuri
2062 4216 2162 4277 erant

146 4295 239 4350 tunm
273 4286 441 4353 silentium
475 4287 692 4352 damnarent?
743 4223 871 4353 dalton]
905 4287 967 4352 hoe
1000 4285 1059 4351 tibi
1091 4289 1127 4352 in
1182 4286 1267 4351 Nam
1290 4307 1323 4352 se
1338 4308 1400 4368 pro
1422 4287 1489 4352 aits
1511 4287 1636 4367 obtutit;
1657 4291 1758 4354 oraoit
1779 4297 1882 4358 auten
1904 4293 2082 4377 efficaciter,
2098 4317 2163 4379 pro

146 4380 293 4436 mentem
319 4373 433 4438 venire
462 4381 540 4439 tuno
570 4372 697 4439 debuit:
733 4372 804 4438 Gur
830 4394 897 4438 non
922 4394 982 4457 ego
1008 4374 1125 4456 potius,
1179 4372 1410 4455 quibuscunque
1438 4394 1471 4439 se
1493 4373 1613 4454 ebulit,
1642 4395 1713 4459 erpo
1733 4397 1797 4457 pro
1824 4378 1969 4458 fidelibus
1996 4380 2162 4463 defurme.

147 4455 233 4539 quod
255 4458 352 4523 officii
374 4461 440 4524 mei
462 4467 541 4537 erat,
563 4459 601 4524 in
622 4457 711 4523 idola
732 4459 884 4525 invectus
907 4480 996 4538 sum,
1028 4481 1126 4542 quam
1184 4457 1302 4524 Orabat
1326 4464 1431 4524 auum
1458 4465 1493 4523 nt
1523 4461 1746 4542 complerentur
1772 4465 1808 4527 in
1836 4464 1979 4530 munibus
2012 4467 2163 4534 menbris

147 4549 193 4618 ut,
214 4561 270 4606 me
292 4555 452 4624 cessante,
474 4545 532 4610 isti
553 4565 690 4609 manum
711 4543 949 4610 admoverent?
995 4542 1062 4610 Sed
1084 4566 1127 4610 ne
1179 4545 1250 4609 auia
1271 4564 1376 4610 omnes
1391 4546 1619 4626 prannnonea
1637 4546 1846 4631 manpeiieae,
1875 4571 2011 4633 quarum
2030 4552 2112 4634 finis
2134 4557 2164 4619 ei

146 4638 226 4692 tune
254 4648 381 4710 quoque
416 4632 550 4696 verbulo
578 4652 645 4699 uno
674 4630 843 4709 indicasti,
878 4636 1038 4713 quantum
1067 4631 1128 4695 tibi
1178 4630 1431 4710 complementum
1460 4636 1505 4696 eat
1525 4633 1711 4698 resurreetio
1738 4641 1930 4702 monueram
1952 4643 1981 4702 et
2002 4640 2070 4705 vita
2091 4662 2164 4707 anr-

145 4712 340 4792 idololatria,
363 4735 428 4796 qua
449 4716 564 4798 polluti
584 4725 680 4783 erant
701 4737 815 4783 omnes
837 4717 900 4795 tui,
930 4715 1126 4799 displiceret.
1178 4716 1246 4781 turi
1265 4715 1391 4781 amasii.

145 4799 220 4864 Hoc
243 4819 321 4863 vero
347 4806 514 4866 extremae
536 4810 586 4868 ost
602 4804 769 4887 nequitiae
789 4802 877 4887 quod
894 4801 1033 4868 miseros
1053 4802 1128 4867 illos
1266 4805 1298 4865 2.
1331 4801 1424 4882 Iam,
1445 4823 1528 4868 nune
1555 4811 1623 4869 arat
1646 4805 1792 4874 Christus
1812 4830 1874 4892 pro
1896 4810 2040 4878 mnibus
2068 4835 2163 4880 uuna

1182 4886 1248 4951 bris
1264 4888 1334 4951 suis
1350 4892 1385 4950 ut
1395 4889 1617 4970 perficientium
1639 4892 1777 4974 Munati
1793 4901 1868 4960 aunt
1881 4896 2020 4962 rnembra
2032 4897 2161 4981 Christi,

1183 4992 1221 5036 ea
1240 4973 1344 5054 primo
1366 4975 1544 5055 supposita:
1567 4975 1673 5059 Ipitur
1694 4985 1746 5044 ete.

216 5091 245 5154 1)
264 5088 358 5144 Hodie
375 5087 491 5144 autur:
507 5089 585 5157 place
603 5091 637 5145 de
657 5092 751 5149 &m
1267 5063 1301 5157 ⁸3.
1337 5058 1521 5157 Praeterea,
1546 5060 1691 5129 Christus
1712 5067 1819 5131 vivers
1841 5068 1877 5132 in
1898 5089 1990 5135 earne
2005 5071 2161 5152 passibili

215 5158 245 5226 2)
264 5159 389 5228 dieseon
406 5159 436 5212 in
456 5156 641 5213 Normcndu'a.
1183 5148 1286 5209 nant
1311 5144 1442 5209 liberata
1463 5167 1484 5210 a
1505 5154 1617 5229 morie,
1647 5170 1744 5231 quam
1769 5152 1873 5219 miens
1898 5154 2062 5221 mbitunus
2083 5163 2158 5235 erat,

1150 2374 1153 2397 ·
1369 2350 1548 2416 Axiomata
1570 2351 1680 2416 Oaroli
1703 2363 1736 2417 et
1757 2353 1974 2435 probationes.
