4620 5894
152 234 215 298 611

150 417 344 505 praesulum
365 413 648 483 administratione
669 413 865 565 loguuntur:
888 433 931 478 ne
952 413 1025 498 quis
1046 419 1137 478 tran-

152 504 293 590 quillum
325 523 364 570 ao
384 503 559 568 florentem
585 499 682 585 regni
732 497 830 564 bristi
852 505 975 566 statum
995 499 1137 565 somnia-

151 598 214 657 ret
256 590 361 674 Ergo,
383 588 530 672 sipenes
552 584 773 669 apostolorum
795 605 997 651 successores
1014 583 1138 651 residet

151 675 299 755 ecelesia,
322 692 591 757 eos.quaeramus
612 692 827 750 successores,
849 672 906 755 qui
922 669 1079 737 traditam
1095 670 1136 737 ab

150 761 220 828 illis
246 761 430 828 doctrinam
458 757 599 842 posteris
630 755 773 823 fideliter
800 778 860 840 per
887 777 1006 823 manus
1032 755 1137 822 uadi-

152 847 270 915 derint

239 931 326 1011 Scio,
349 940 387 996 ut
403 931 593 996 continuam
610 929 697 994 hanc
714 928 954 995 successionem
971 948 1138 994 commen-

154 1019 234 1086 dent
253 1019 422 1095 Irenaeus,
441 1014 614 1100 Origenes,
637 1014 856 1098 Augustinus,
875 1021 909 1080 et
925 1013 981 1079 alii
1004 1014 1138 1098 quidam

152 1126 195 1171 ex
216 1104 391 1172 veteribus.
435 1101 504 1168 Sed
534 1121 664 1167 merum
689 1102 803 1166 t'ucum
828 1100 956 1167 iaciunt
972 1101 1029 1184 qui
1050 1101 1137 1166 eius·

151 1190 242 1257 modi
271 1188 460 1255 testimonio
498 1186 710 1274 tyrannidem
746 1194 902 1269 papatus,
936 1207 1021 1270 quae
1053 1185 1137 1251 nihil

151 1296 326 1345 commune
344 1274 445 1341 habet
467 1295 542 1341 cum
561 1273 697 1356 antiqua
713 1271 869 1338 ecclesiae
890 1273 1006 1352 forma,
1024 1271 1136 1337 desen-

150 1362 228 1429 dere
256 1367 428 1427 conantur.
477 1359 617 1424 Irenaeo
646 1366 680 1422 et
701 1356 842 1442 Origeni
866 1359 1037 1443 negotium
1065 1367 1137 1424 erat

148 1467 227 1515 eum
255 1446 413 1530 improbis
440 1444 675 1524 nebulonibus,
704 1444 774 1527 qui,
803 1465 906 1526 quum
933 1442 1136 1528 prodigiosos

150 1554 280 1599 errores
300 1532 487 1617 proferrent
507 1532 544 1596 in
564 1530 720 1609 medium,
743 1551 797 1595 eos
819 1529 884 1596 sibi
902 1529 1062 1596 divinitus
1083 1552 1136 1597 re-

149 1621 277 1687 velatos
300 1639 371 1684 esse
393 1617 571 1684 iactabant.
615 1616 729 1681 Huius
753 1615 918 1682 mendacii
938 1615 1043 1682 facilis
1065 1623 1136 1683 orat

148 1705 317 1783 refutatio,
351 1702 437 1788 quod
466 1701 573 1768 adhue
601 1702 795 1785 superstites
820 1707 915 1768 erant
941 1701 1052 1781 multi,
1080 1703 1136 1785 qui

147 1790 329 1857 familiares
355 1789 577 1873 apostolorum
612 1786 781 1871 discipulis
814 1788 954 1853 fuerant.
1006 1788 1136 1854 Recens

146 1884 219 1942 eret
240 1877 311 1941 eius
335 1874 504 1942 doetrinae
527 1875 688 1940 memoria
709 1895 808 1956 quam
831 1873 969 1956 apostoli
992 1872 1135 1939 tradide-

144 1969 230 2028 rant.
275 1961 351 2045 Ipsi
378 1958 616 2045 quodammodo
643 1960 784 2043 parietes
812 1958 918 2026 adhuc
941 1980 1055 2025 eorum
1077 1981 1136 2026 vo·

144 2047 237 2115 oibus
256 2048 493 2131 personabant.
538 2046 713 2125 Miramur,
737 2046 766 2111 si
786 2045 837 2111 illi
859 2047 965 2112 sancti
982 2046 1047 2114 viri
1069 2053 1135 2111 tes·

145 2139 195 2199 tes
222 2134 400 2199 citaverint
425 2132 596 2211 ecelesias,
630 2153 713 2215 quae
741 2139 774 2197 et
801 2133 842 2198 ab
870 2132 951 2216 ipsis
979 2130 1135 2214 apostolis

144 2218 319 2284 institutae
341 2219 473 2285 fuerant
495 2229 528 2284 et
550 2238 665 2282 eorum
686 2217 940 2296 institutionem,
963 2218 1034 2282 sine
1056 2239 1134 2282 eon-

144 2305 317 2385 troversia,
336 2301 565 2371 retinuerant?
593 2302 772 2386 Pugnabat
793 2303 1001 2387 Augustinus
1019 2312 1135 2368 contra

144 2391 358 2469 Donatistae,
388 2391 444 2474 qui
466 2389 588 2454 furiosa
610 2388 766 2472 superbia
787 2388 893 2453 inflati
915 2389 1001 2455 solos
1023 2410 1059 2454 se
1081 2411 1133 2456 eo-

145 2476 280 2544 elesiam
301 2477 424 2543 habero
445 2474 682 2559 gloriabantur,
705 2495 807 2557 quum
829 2479 903 2553 [pag.
928 2480 1002 2555 106]
1021 2480 1134 2540 tamen

145 2561 231 2628 nihil
259 2572 346 2628 esset
370 2582 488 2628 causae
511 2581 571 2625 cur
593 2560 633 2626 ab
662 2560 734 2626 aliis
757 2559 962 2626 dissiderent.
1008 2559 1134 2628 Obiicit

145 2648 213 2715 illis
237 2648 464 2734 Augustinus,
492 2668 574 2730 quas
596 2646 646 2712 illi
667 2645 886 2730 repudiabant
907 2647 1077 2727 ecclesias,
1101 2656 1134 2714 et

144 2755 166 2800 a
193 2735 314 2820 quibus
341 2733 575 2801 mesaionem
600 2733 761 2812 fecerant,
796 2734 951 2799 continua
978 2733 1063 2799 serie
1092 2733 1133 2799 ab

144 2821 227 2905 ipsis
260 2821 418 2905 apostolis
450 2818 597 2885 fluxisse.
653 2818 788 2902 Optimo
819 2818 854 2884 id
886 2818 1018 2903 quidem
1044 2821 1131 2885 iure:

145 2928 249 2991 quum
271 2927 328 2973 eas
349 2907 387 2972 in
408 2913 541 2988 recepta
562 2904 664 2972 semel
687 2903 836 2970 doctrina
856 2905 1039 2989 perstitisse
1062 2904 1133 2971 Do-

144 2993 289 3060 natistae
316 2997 545 3078 agnoscerent
596 2991 644 3056 At
665 2991 764 3076 longe
791 2990 922 3059 diversa
948 2997 999 3057 est
1019 3000 1133 3058 nostra

143 3079 238 3146 ratio.
289 3077 504 3146 successores
531 3078 621 3143 enim
649 3076 872 3161 apostolorum
903 3077 1003 3144 fuisse
1031 3099 1133 3163 nega·

143 3186 235 3245 mus,
269 3166 326 3250 qui
358 3165 400 3232 ab
432 3186 546 3232 eorum
579 3161 644 3229 fide
678 3163 890 3248 doctrinaque
923 3163 1131 3230 desciverint

143 3250 319 3319 Perfidiosi
342 3252 399 3318 isti
419 3249 627 3330 mediatores,
649 3251 706 3336 qui
726 3250 880 3317 tenebras
896 3250 1039 3317 miscent
1055 3271 1133 3317 cum

143 3338 226 3417 luce,
249 3359 349 3422 quam
371 3336 541 3404 dissimilis
563 3337 606 3401 sit
628 3337 762 3420 antiquo
785 3336 941 3403 ecclesiae
967 3336 1131 3421 regimini,

143 3423 199 3488 vel
225 3424 337 3506 potius
365 3423 530 3491 contraria
556 3443 715 3507 praesens
743 3423 928 3507 dissipatio,
946 3444 1015 3488 non
1037 3423 1132 3508 igno-

144 3513 231 3574 rant
283 3508 389 3575 (iuius
418 3530 497 3594 ergo
526 3507 751 3591 impudentiae
779 3517 845 3589 est,
874 3508 916 3574 ad
943 3510 1131 3594 opprimen-

145 3591 223 3659 dam
250 3594 437 3673 ecclesiam,
466 3615 588 3659 nomen
611 3594 768 3661 eeclesiae
799 3596 904 3679 ipsius
931 3594 1130 3663 obtendere?

143 3679 285 3747 Utinam
312 3702 391 3747 vero
425 3679 468 3745 ad
501 3679 591 3745 huno
623 3700 727 3762 usque
760 3680 848 3746 diem
882 3682 1029 3747 stetisset
1064 3682 1130 3761 illa,

145 3787 246 3850 quam
277 3767 501 3844 mentiuntur,
531 3766 702 3832 successio.
747 3766 849 3849 Apud
871 3788 932 3833 nos
953 3775 1041 3832 oerte
1064 3788 1132 3832 non

146 3851 326 3919 difficulter
353 3852 530 3932 inveniret,
567 3873 666 3934 quam
703 3859 866 3931 meretur,
901 3853 1130 3919 reverentiam.

145 3937 209 4018 Sit,
234 3940 381 4023 inquam,
411 3938 506 4004 Petri
527 3958 695 4004 successor
722 3959 817 4023 papa,
846 3939 875 4004 si
897 3939 1034 4022 apostoli
1057 3939 1132 4004 iun·

144 4034 246 4111 gutur
266 4025 383 4091 officio.
429 4021 497 4090 Sed
519 4025 554 4089 iu
576 4045 639 4108 quo
661 4025 725 4091 sita
746 4034 797 4091 est
818 4026 987 4104 successio,
1010 4023 1075 4091 nisi
1097 4026 1133 4090 in

144 4113 368 4197 perpetuitate
397 4109 588 4177 doetrinae?
634 4109 673 4177 Si
700 4118 810 4176 autem
844 4111 885 4178 ab
906 4111 948 4178 iis
978 4120 1133 4196 corrupta

146 4205 207 4276 est,
228 4198 295 4264 imo
317 4198 485 4264 exstincta
514 4204 548 4262 et
576 4196 698 4262 abolita
724 4197 945 4280 apostolorum
974 4196 1131 4278 doctrina,

146 4284 204 4369 qui
226 4306 339 4350 eorum
361 4282 478 4350 haberi
499 4283 616 4350 volunt
632 4305 850 4350 successores:
872 4284 945 4367 quis
963 4307 1030 4350 nou
1048 4284 1132 4350 stul·

144 4376 215 4436 tarn
237 4392 351 4436 eorum
372 4371 565 4437 iactantiam
588 4368 757 4435 derideat?
792 4368 920 4435 Eodem
941 4390 1061 4454 nempe
1079 4393 1133 4436 ar-

147 4465 306 4539 gumento
338 4456 479 4540 probare
512 4456 596 4521 mihi
633 4456 738 4534 liceat,
756 4457 779 4537 ¹)
820 4463 980 4540 tyrannos
1019 4478 1132 4523 omnes

147 4541 288 4624 optimos
310 4543 411 4609 fuisse
438 4543 600 4608 libertatis
626 4541 786 4609 vindices:
816 4543 971 4625 quoniam
992 4562 1013 4607 a
1033 4563 1132 4628 repu-

145 4625 233 4692 blica
255 4625 297 4691 ad
319 4648 433 4693 eorum
454 4627 680 4695 monarchiam
701 4628 875 4694 continuus
896 4628 996 4694 fuerit
1012 4630 1132 4696 transi·

147 4720 212 4777 tus.
257 4712 356 4778 Nune
377 4735 419 4778 an
441 4716 489 4779 ita
511 4716 562 4794 sit,
586 4736 628 4780 ex
650 4736 687 4781 re
708 4716 768 4780 fiat
790 4715 981 4781 aestimatio.
990 4715 1019 4800 ²)
1065 4715 1132 4782 Sed

146 4798 209 4865 hoc
230 4797 341 4881 ipsum
369 4820 411 4864 ne
432 4801 505 4879 fiat,
539 4823 581 4866 ex
608 4803 755 4885 professo
782 4807 902 4870 cavent
925 4801 1132 4882 mediatores,

151 4938 353 4947 -·.-.--—-.

218 5022 248 5082 1)
267 5021 332 5075 licet
352 5018 456 5074 Gallos.
476 5020 541 5075 Bes.
559 5028 586 5077 et
601 5024 688 5079 Anat

218 5091 248 5155 2)
268 5090 391 5144 assavoir
413 5106 465 5158 que
489 5090 515 5143 le
539 5090 613 5159 l’npe
632 5108 698 5147 avec
715 5109 760 5149 aes
779 5102 912 5163 supposta
935 5102 984 5150 ont
1001 5093 1132 5149 destruiot

147 5165 225 5216 toute
243 5160 270 5215 la
288 5159 374 5214 veritt
391 5158 425 5214 de
443 5158 521 5214 Dieu.

953 226 1085 291 VERA
1107 223 1370 293 nuonnslan

2107 228 2168 291 612

1189 415 1246 496 qui
1279 433 1322 479 ex
1343 413 1483 495 honore,
1510 435 1608 497 quern
1635 414 1786 497 personis
1813 413 1981 497 deferunt,
2007 413 2172 498 praeiudi·

1188 500 1279 566 cium
1298 500 1372 566 fieri
1393 500 1513 567 volunt
1534 499 1575 568 de
1596 500 1751 566 docmina

1274 585 1322 653 Ut
1342 586 1450 652 locum
1478 585 1568 652 hunc
1595 585 1742 651 breviter
1763 583 1969 652 concludam:
2000 585 2172 655 mesiam

1188 669 1255 737 Dei
1282 672 1481 755 quaerimus.
1531 672 1694 738 Fatemur
1721 693 1850 751 omnes,
1879 672 1927 738 sic
1953 680 2172 757 propagatam

1188 756 1290 824 frenae
1319 759 1360 825 ab
1389 758 1500 837 initio,
1526 766 1565 823 ut
1591 759 1747 824 continuo
1768 757 1974 824 saeculorum
1995 758 2112 825 ordine
2130 757 2173 825 ad

1189 864 1250 909 nos
1271 864 1376 927 usqua
1399 842 1584 923 duraverit,
1607 851 1641 909 et
1660 843 1757 910 hodie
1779 843 1900 910 diffusa
1921 844 1966 910 sit
1985 866 2046 928 per
2066 851 2173 912 totum

1189 928 1311 996 orbem.
1351 935 1426 1009 [pag.
1447 934 1521 1009 107]
1543 930 1661 996 Restat
1682 929 1787 995 altera
1808 930 1969 1012 quaestio:
1992 931 2081 997 sitne
2096 950 2172 1017 per·

1189 1016 1280 1082 sonis
1307 1015 1451 1101 alligata.
1500 1015 1571 1082 Nos
1599 1037 1698 1098 quam
1729 1016 1948 1098 periculosum
1969 1018 2013 1083 sit
2040 1016 2104 1084 hoc
2123 1017 2171 1082 me

1190 1102 1261 1179 teri,
1284 1103 1417 1167 tametsi
1440 1100 1601 1179 videmus,
1634 1101 1788 1167 nolumus
1805 1102 1831 1187 ¹)
1854 1108 1967 1168 tamen
1992 1102 2075 1169 adeo
2100 1123 2171 1170 esee

1188 1187 1328 1266 solliciti,
1351 1195 1390 1253 ut
1420 1207 1595 1253 caveamus
1618 1188 1853 1270 inposterum.
1887 1185 1956 1254 Sed
1982 1208 2085 1273 quum
2110 1189 2173 1257 sibi

1188 1282 1350 1357 usurpent
1371 1293 1491 1339 nomen
1513 1272 1682 1352 eeclesiae,
1706 1273 1763 1356 qui
1784 1293 1859 1338 eam
1878 1273 2043 1353 funditus,
2065 1295 2171 1358 quan·

1187 1367 1261 1424 tum
1283 1360 1318 1424 in
1338 1380 1374 1424 se
1397 1366 1482 1439 erat,
1504 1357 1733 1442 perdiderunt,
1757 1360 1850 1425 cuius
1873 1359 2040 1426 socordiae
2060 1361 2171 1441 merit,

1189 1445 1307 1511 saltem
1339 1446 1505 1528 praesenti
1536 1445 1624 1511 malo
1654 1467 1721 1510 non
1753 1444 1954 1511 reclamare?
2004 1445 2081 1511 Iam
2112 1468 2170 1513 suo

1188 1538 1335 1614 tempore
1358 1531 1487 1598 dicebat
1508 1530 1674 1611 Hilarius,
1705 1531 1875 1598 ecclesiam
1902 1532 2011 1615 potius
2039 1531 2172 1600 delites·

1188 1637 1261 1682 aare
1289 1617 1325 1682 in
1354 1617 1520 1697 cavernis,
1548 1639 1648 1700 quarn
1674 1618 1711 1681 in
1738 1617 1905 1700 primariis
1935 1616 2069 1684 sedibus
2091 1620 2171 1685 emi·

1187 1723 1276 1769 nere.
1320 1701 1415 1784 Quae
1435 1701 1477 1768 ad
1499 1710 1568 1768 tarn
1590 1702 1805 1781 horrendam,
1827 1723 1910 1785 quae
1930 1702 2050 1787 ubique
2073 1702 2172 1770 hodie

1187 1797 1366 1872 grassatur,
1388 1789 1580 1855 vastitatem
1602 1787 1837 1873 deplorandam
1858 1790 2082 1871 querimoniae
2103 1791 2172 1857 sut·

1187 1874 1319 1940 finiant?
1364 1873 1512 1940 Aliunde
1533 1876 1650 1958 igitur,
1673 1896 1773 1958 quarn
1794 1897 1835 1940 ex
1857 1874 2032 1940 hominum
2053 1876 2171 1955 titulis,

1187 1959 1328 2042 petenda
1355 1962 1419 2026 erit
1446 1960 1602 2026 ecelesiae
1631 1961 1782 2046 cognitio.
1827 1960 1874 2025 Et
1894 1961 2019 2026 frustra
2039 1961 2078 2026 in
2100 1963 2170 2029 eius

1186 2045 1441 2130 investigatione
1469 2047 1659 2125 circuimus,
1694 2068 1795 2130 quum
1822 2046 1908 2111 ultro
1933 2068 1969 2113 se
1996 2048 2093 2115 nobis
2113 2070 2170 2116 vs-

1187 2132 1316 2196 rissima
1344 2133 1426 2197 ratio
1456 2133 1582 2196 offerat.
1634 2132 1718 2214 Quis
1747 2133 1834 2197 enim
1857 2139 2023 2213 nostrum,
2050 2141 2091 2198 ut
2111 2134 2170 2200 ho·

1187 2218 1311 2283 minem
1333 2225 1498 2302 agnoscat,
1522 2218 1592 2284 cius
1616 2219 1741 2284 calceos
1763 2219 1818 2282 vel
1840 2216 1939 2301 pedes
1960 2219 2167 2287 intuebitur?

1185 2303 1242 2367 An
1262 2323 1330 2367 non
1356 2304 1391 2368 in
1419 2304 1536 2368 faciem
1557 2305 1667 2388 potius
1691 2313 1781 2370 recta
1803 2303 2012 2370 coniiciemus
2033 2305 2168 2372 oculos?

1186 2388 1256 2454 Our
1277 2411 1355 2474 ergo
1378 2390 1413 2455 iu
1435 2390 1675 2456 consideranda
1696 2390 1847 2469 ecclesia,
1871 2411 1935 2455 non
1958 2390 1998 2456 ab
2020 2392 2094 2475 ipso
2116 2414 2169 2459 ca·

1185 2476 1255 2558 pito
1280 2476 1470 2559 incipimus,
1499 2477 1694 2625 praesertim
1722 2497 1825 2559 quum
1860 2496 1898 2541 eo
1925 2498 1985 2541 nos
2012 2475 2169 2545 Christus

1185 2561 1256 2644 ipso
1273 2560 1427 2628 revocet?
1467 2562 1499 2628 U
1522 2564 1534 2626 i
1561 2563 1624 2626 erit
1652 2561 1808 2640 cadaver,
1838 2560 1961 2645 inquit,
1989 2561 2072 2630 illue
2091 2585 2169 2630 con·

1186 2645 1414 2731 gregabuutur
1439 2647 1566 2730 aquilae
1593 2647 1729 2735 (Matth.
1749 2652 1801 2724 24,
1828 2647 1894 2731 28).
1939 2646 2054 2729 Quare
2083 2650 2170 2716 siin

1185 2739 1310 2798 certam
1338 2733 1493 2799 ecclesiae
1521 2734 1683 2799 unitatem
1705 2733 1886 2799 coalescere
1907 2732 2002 2814 libet,
2024 2735 2061 2800 in
2082 2736 2172 2803 veri·

1184 2825 1288 2884 tatem
1310 2817 1435 2885 Christi
1457 2826 1587 2887 tantum
1609 2820 1862 2886 consentiamus.

1272 2903 1386 2985 Quum
1419 2905 1462 2971 ad
1492 2905 1647 2973 eeclesiae
1692 2906 1903 2971 autoritatem
1935 2914 2075 2975 ventum
2107 2918 2171 2989 est,

1185 2988 1434 3142 guibuseunque
1461 2992 1545 3059 fucis
1567 2993 1799 3075 imperitorum
1826 2991 1935 3059 oculos
1958 2992 2079 3058 ludant
2099 3014 2173 3060 me·

1207 3077 1344 3158 iatores,
1379 3077 1444 3144 hue
1469 3077 1603 3145 taudem
1629 3077 1798 3158 recidunt,
1826 3085 1863 3142 ut
1890 3077 2077 3162 proverbe
2103 3080 2173 3148 Dei

1186 3162 1256 3228 sola
1280 3163 1389 3229 valeat
1415 3165 1589 3230 hominum
1616 3163 1726 3231 libido.
1777 3164 1866 3231 Nota
1893 3172 1944 3229 est
1963 3164 2025 3231 illa
2046 3166 2174 3251 triplex

1184 3249 1362 3316 cantilena:
1402 3272 1474 3316 esse
1505 3272 1607 3334 penes
1646 3250 1818 3318 ecclesiam
1854 3250 2041 3317 discernere
2072 3272 2174 3321 veras

1185 3336 1366 3420 scripturas
1387 3336 1428 3403 ab
1446 3335 1657 3414 adulterinis:
1687 3335 1825 3404 eandem
1850 3337 1971 3403 habere
1992 3339 2044 3404 ius
2063 3339 2174 3405 inter-

1185 3421 1351 3505 pretandi:
1387 3424 1457 3489 eius
1484 3422 1695 3489 traditionem
1716 3423 1922 3490 oraculorum
1944 3424 2014 3490 vim
2033 3423 2172 3492 habere.

1184 3508 1250 3575 His
1270 3508 1366 3575 iactis
1385 3508 1608 3575 fundamentis
1629 3511 1739 3593 palam
1763 3517 1822 3588 est,
1845 3518 1994 3593 ereptum
2011 3510 2085 3577 Deo
2104 3511 2175 3578 im-

1183 3595 1315 3677 perium
1344 3595 1385 3660 ad
1414 3595 1513 3662 lituos
1536 3607 1570 3660 et
1597 3596 1719 3662 infulas
1741 3597 1922 3661 transferri.
1967 3594 2174 3677 Quahscun-

1184 3701 1249 3763 que
1279 3681 1324 3746 sit
1351 3704 1466 3747 eorum
1494 3689 1642 3761 caterva,
1673 3683 1729 3764 qui
1749 3681 1849 3747 modo
1871 3681 2048 3765 episcopali
2070 3683 2173 3752 titulo

1186 3767 1255 3832 sint
1277 3767 1395 3845 ornati,
1426 3773 1501 3848 [pag.
1524 3772 1596 3847 108]
1626 3767 1799 3835 ecelesiam
1825 3769 2005 3834 constituit.
2049 3768 2172 3852 Porro,

1185 3851 1385 3917 immensum
1412 3853 1571 3936 estquod
1597 3854 1663 3921 illis
1684 3854 1803 3934 licebit,
1822 3855 1851 3920 si
1873 3854 2009 3920 arbitrio
2031 3876 2092 3921 suo
2114 3856 2173 3923 in·

1186 3943 1410 4020 terpretentur
1432 3941 1646 4023 scripturam,
1670 3941 1699 4006 si
1720 3939 1797 4006 fidei
1819 3940 1974 4006 articulos
1994 3938 2172 4024 fabricent,

1185 4023 1275 4108 leges
1306 4024 1478 4108 imponant
1504 4027 1722 4093 conscientiis.
1774 4024 1864 4107 Quid
1890 4026 1992 4110 igitru
2014 4024 2088 4092 Deo
2108 4030 2173 4096 fiet

1185 4109 1374 4192 reliquum?
1425 4112 1519 4178 Haeo
1545 4112 1620 4195 plus
1649 4134 1748 4195 quam
1781 4112 1956 4178 manifesta
1987 4120 2038 4178 est
2070 4118 2172 4199 regni

1184 4194 1327 4276 Christi,
1357 4218 1457 4264 sanae
1490 4197 1672 4278 doctrinae,
1704 4198 1820 4264 salutis
1849 4206 1983 4264 nostrae
2012 4198 2172 4282 proditio.

1184 4282 1231 4346 Et
1252 4303 1312 4349 nos
1334 4282 1512 4350 discordias
1536 4285 1623 4349 alere
1652 4305 1831 4368 pacemque
1852 4283 2012 4367 impedire
2034 4305 2074 4352 ao
2094 4293 2172 4355 tur·

1185 4366 1264 4434 bare
1292 4369 1497 4448 clamabunt,
1528 4371 1592 4434 nisi
1622 4371 1772 4455 protinus
1798 4368 2040 4436 assentiamur?
2075 4370 2173 4454 Quin

1184 4456 1354 4539 proprium
1382 4456 1540 4522 ecclesiae
1562 4457 1707 4523 officium
1735 4456 1794 4535 sit,
1822 4456 2005 4540 scripturae
2027 4478 2126 4524 veras
2150 4482 2173 4526 a

1185 4542 1403 4624 supposititiis
1426 4542 1620 4624 discernere,
1643 4565 1709 4608 non
1722 4565 1819 4627 nego:
1843 4563 1972 4626 nempe,
1995 4543 2073 4626 quia
2089 4543 2171 4613 obe·

1186 4624 1313 4693 dienter
1339 4629 1564 4712 amplectitur,
1593 4629 1751 4712 quidquid
1772 4630 1837 4695 Dei
1859 4638 1921 4695 est:
1951 4636 1986 4694 et
2007 4651 2086 4698 oves
2107 4654 2171 4698 au·

1186 4710 1283 4777 diunt
1305 4736 1419 4781 vocem
1439 4716 1590 4799 pastoris,
1614 4716 1797 4781 alienorum
1818 4735 1934 4782 vocem
1956 4736 2023 4780 non
2045 4717 2171 4784 admit-

1186 4804 1271 4863 tunt.
1315 4798 1384 4866 Sed
1413 4802 1570 4868 ecclesiae
1594 4801 1714 4867 iudicio
1741 4802 1935 4868 submittere
1956 4812 2172 4873 sacrosancta

1185 4881 1252 4948 Dei
1273 4887 1420 4966 oracula,
1448 4895 1486 4952 ut
1506 4889 1598 4971 quusi
1619 4889 1767 4971 precario
1790 4910 1883 4954 suam
1905 4889 1994 4954 inter
2014 4888 2172 4959 homines

1255 5158 1284 5225 1)
1303 5158 1381 5217 Besa
1396 5167 1422 5217 a
1438 5161 1525 5219 Amet.
1542 5161 1683 5219 malote:
1699 5162 1843 5220 noluimus.
