4620 5894
142 236 288 304 XXXII
732 235 1005 302 TRAOTATUS
1029 235 1322 302 THEOLOGICI
1344 233 1566 301 MINORES.

143 425 246 493 libelli
266 432 385 510 partes,
408 425 479 492 sive
497 426 605 508 petius
623 424 654 490 ei
670 423 797 489 inserta
814 423 1009 490 documenta
1031 446 1051 490 a
1071 446 1145 510 pag.
1170 427 1210 489 64
1233 424 1274 489 ad
1302 427 1358 488 123
1383 430 1514 489 exstant
1531 424 1631 489 etiam
1652 424 1687 488 in
1699 423 1954 492 Commentariis
1976 427 2154 493 ministerii

144 539 356 625 (Registre
378 537 424 603 de
445 536 485 601 la
505 534 736 602 Venerable
758 535 1024 620 Compagnie)
1046 536 1137 602 Tem.
1161 536 1207 602 ΙΙ.
1975 554 1981 561 ·

300 649 429 730 Quibus
451 648 499 712 ita
519 668 561 713 ex
586 647 669 712 actis
697 647 837 730 publicis
857 646 894 711 in
915 654 1121 730 praesentem
1144 669 1240 713 usum
1263 649 1410 730 repetitis
1431 647 1541 731 pergit
1563 655 1657 713 autor
1673 649 1708 712 in
1731 649 1915 716 enarrando
1936 670 2058 717 causae
2080 671 2155 733 pro-

145 782 240 828 cessu
259 762 345 845 (pag.
372 763 431 823 123
454 764 550 842 seq.):
574 780 609 824 se
631 779 700 831 non
721 758 863 842 amplius
886 757 929 823 ad
946 758 1110 842 desperati
1132 759 1288 825 haeretiei
1311 758 1460 826 convicia
1479 759 1697 842 respondisse,
1722 781 1823 844 quum
1845 761 1980 828 ultimas
2009 761 2081 828 eius
2102 784 2155 828 ca»

144 871 289 939 lumnius
311 871 450 949 intactas
479 869 663 952 relinquere
683 870 840 936 maluerit
862 890 961 955 quam
989 871 1052 936 sibi
1073 892 1204 936 sumere
1231 870 1316 954 quod
1342 871 1355 934 i
1440 892 1500 936 suo
1527 870 1682 937 licuisset.
1728 869 1892 938 Senatum
1912 894 1994 940 roro
2016 879 2156 956 quatuor

144 984 325 1050 helveticas
342 980 496 1068 acclamas
519 980 648 1062 adiisse,
671 981 875 1066 Tigurinum,
898 982 1113 1061 Beruensem,
1135 983 1356 1049 Basiliensem
1373 972 1387 995 ”
1409 964 1681 1061 ’Βοὴαῐυείαηαῃ
1704 981 1808 1066 deque
1830 992 1900 1050 tota
1921 1006 2022 1051 causa
2043 1006 2156 1050 earnm

145 1096 347 1163 consuluisse
364 1101 519 1178 pastores.
565 1091 717 1173 Quorum
738 1094 965 1176 responsiones
987 1114 1087 1176 quum
1105 1094 1256 1160 unanimi
1277 1113 1439 1160 consensu
1461 1091 1594 1158 Servati
1611 1114 1738 1160 errores
1759 1096 1847 1161 iuste
1868 1096 2089 1181 reprehensos
2110 1097 2156 1162 ai·

145 1209 347 1285 firmassent,
376 1224 660 1288 supervacaneum
681 1203 787 1271 videri
808 1211 848 1269 ut
869 1205 1018 1289 singulae
1040 1206 1176 1270 seorsim
1197 1211 1438 1270 recenseantur.
1483 1205 1594 1271 Unam
1622 1206 1725 1290 igitur
1747 1207 1939 1290 Tigurinum
1966 1208 2156 1290 speciminis

144 1319 215 1385 loco
241 1318 343 1384 verbo
367 1323 465 1382 tenus
484 1315 682 1400 descriptam
703 1316 879 1382 lectoribus
900 1316 1057 1382 exhibere
1078 1317 1158 1382 satis
1179 1316 1342 1382 habuisse.
1394 1316 1498 1382 Cuius
1520 1317 1710 1399 exemplum
1731 1316 1853 1402 legitur
1875 1339 1950 1403 pag.
1976 1321 2154 1399 125-130,

146 1455 166 1497 a
188 1428 281 1495 nobis
303 1451 345 1494 ex
367 1427 572 1514 autographo
594 1429 630 1492 in
651 1427 794 1495 archivis
816 1427 1057 1512 genevensibus
1085 1434 1251 1494 asservato
1279 1429 1486 1513 recognitum
1513 1437 1548 1493 et
1573 1429 1793 1493 emendatum.
1845 1430 1956 1512 Atque
1985 1430 2040 1498 hic
2062 1431 2157 1498 liceat

145 1542 240 1609 nobis
257 1548 300 1620 te,
323 1539 482 1606 benevole
504 1539 615 1620 lector,
638 1539 678 1605 de
699 1539 858 1623 peculiari
880 1537 1020 1623 quadam
1042 1546 1076 1604 et
1096 1560 1176 1622 prae
1198 1541 1335 1605 caeteris
1360 1540 1536 1623 conspicua
1555 1540 1668 1624 scripti
1689 1539 1798 1605 indole
1820 1561 1964 1607 monere.
2011 1540 2110 1624 Quod
2129 1543 2156 1608 si

148 1659 276 1720 attente
296 1651 484 1736 perlegeris,
505 1657 539 1717 et
560 1649 692 1718 Servati
714 1651 935 1734 quaestiones,
963 1651 1205 1734 responsiones,
1234 1653 1462 1718 annotationes
1491 1672 1604 1717 omnes
1631 1659 1666 1716 et
1687 1652 1852 1736 singulas,
1880 1675 2000 1737 easque
2022 1654 2156 1720 minime

147 1764 336 1845 dqurtatus
365 1763 407 1829 ab
435 1769 548 1828 autore
575 1763 636 1828 tibi
665 1761 804 1829 candide
826 1762 1008 1846 propositas
1029 1762 1303 1840 consideraveris,
1333 1764 1454 1827 mirum
1481 1784 1561 1828 sane
1589 1767 1675 1828 esset
1703 1763 1731 1828 si
1760 1785 1827 1828 non
1848 1763 1885 1828 in
1907 1764 2155 1831 admirationem

145 1875 313 1961 quandam
334 1875 483 1958 rapiaris,
506 1897 548 1940 ne
570 1882 739 1958 stuporem
761 1873 920 1953 dicamus,
956 1894 1055 1956 super
1076 1874 1169 1938 illam
1192 1882 1339 1941 sanctam
1361 1872 1544 1954 citatam,
1567 1896 1632 1957 qua
1653 1896 1734 1940 usus
1757 1875 1863 1940 estin
1885 1876 2082 1959 exponenda
2103 1876 2155 1942 de·

145 1985 365 2070 claranduque
386 1992 457 2051 tota
478 2006 585 2052 causa
619 1984 709 2051 Sane
730 1984 837 2050 euiris
859 1984 950 2050 haud
971 1985 1084 2069 inique
1105 1984 1263 2052 iudicanti
1285 2007 1481 2069 persuasum
1503 1987 1575 2064 erit,
1598 1986 1687 2052 huno
1710 1987 1828 2066 virum,
1852 2008 1953 2069 quum
1974 1987 2058 2054 haec
2081 1987 2157 2054 talia

145 2101 208 2164 toti
229 2099 407 2166 christiano
429 2097 500 2163 orbi
521 2096 661 2181 legenda
680 2096 845 2176 obtulerit,
868 2097 931 2163 sibi
952 2096 1105 2162 veritatis
1127 2098 1225 2163 unice
1242 2096 1423 2163 adfectatae
1444 2099 1610 2163 conscium
1632 2097 1742 2177 fuisse,
1763 2118 1870 2180 neque
1887 2098 1954 2162 ullo
1972 2096 2073 2165 dubio
2089 2107 2156 2165 tur·

145 2209 261 2275 batum
282 2210 362 2292 quin
384 2208 463 2274 boni
484 2209 565 2275 aivis
587 2216 621 2273 et
642 2207 700 2272 fidi
717 2209 857 2291 pastoris
879 2209 985 2274 officio
1006 2209 1139 2275 functus
1160 2209 1268 2274 fuerit.

301 2319 394 2400 Quas
419 2319 486 2385 hue
513 2340 618 2402 usque
646 2319 873 2385 recensuimus
901 2318 1002 2384 libelli
1032 2327 1156 2403 partes,
1185 2341 1240 2385 eas
1270 2342 1335 2386 non
1361 2321 1526 2386 immerito
1553 2319 1746 2386 historicam
1774 2340 1891 2386 causae
1919 2323 2156 2408 expositionem

146 2432 278 2510 dixeris,
303 2431 423 2514 quippe
446 2451 528 2512 quae
551 2430 604 2496 vel
627 2452 752 2495 meram
773 2451 885 2496 rerum
907 2445 1074 2515 gestarum
1097 2433 1321 2497 narrationem
1343 2430 1505 2510 exhibeat,
1528 2430 1583 2497 rel
1603 2431 1677 2514 ipsa
1698 2452 1814 2497 causae
1836 2432 1965 2514 publice
1986 2445 2079 2500 actae
2101 2433 2156 2499 do·

146 2550 299 2610 eumenta
319 2542 449 2608 referat.
486 2539 645 2624 Sequitur
665 2542 732 2607 iam
754 2562 832 2625 pars
854 2542 959 2608 altera
976 2564 1078 2626 eaque
1099 2544 1206 2628 magis
1227 2543 1416 2622 theoretica,
1438 2545 1509 2609 sire
1530 2543 1639 2626 potius
1661 2543 1829 2626 polemica,
1852 2564 1916 2626 qua
1937 2545 2064 2611 scilicet
2085 2545 2157 2612 vul·

147 2678 209 2740 gus
226 2654 385 2719 lectorum
408 2653 513 2718 fusius
535 2652 727 2719 edoceretur
744 2651 784 2718 de
808 2653 940 2720 Servati
963 2656 1141 2733 erroribus,
1171 2655 1258 2737 iique
1287 2654 1365 2719 data
1383 2675 1482 2739 opera
1503 2654 1735 2719 refutarentur.
1780 2653 1908 2719 Verum
1931 2655 2070 2720 ethaeo
2092 2656 2158 2724 dis·

146 2767 274 2852 putatio
302 2786 369 2831 non
396 2786 462 2830 uno
489 2772 603 2830 tenore
633 2763 787 2831 decurrit.
831 2766 883 2831 Ao
909 2765 1055 2850 primum
1083 2766 1215 2848 quidem
1243 2767 1421 2850 exponitur
1449 2765 1579 2832 Serveti
1605 2763 1828 2849 Christologia
1855 2767 1945 2851 (pag.
1973 2767 2157 2852 130-175)

146 2877 269 2962 absque
290 2876 359 2942 ulla
375 2876 531 2960 peculiari
553 2875 654 2941 huius
674 2877 779 2960 partis
800 2877 1022 2960 inscriptione,
1050 2877 1097 2942 ita
1119 2887 1157 2942 ut
1184 2898 1267 2962 quae
1287 2879 1370 2943 ratio
1392 2879 1481 2942 inter
1503 2897 1577 2942 eam
1599 2883 1633 2941 et
1654 2875 1904 2960 praecedentem
1926 2878 2159 2946 Turicensium

68 2990 72 2995 ’
145 2989 320 3075 epistolam
341 2987 524 3054 intercedat
544 2987 683 3054 lectores
704 2988 815 3052 minus
836 2987 930 3054 facile
951 2988 1160 3072 perspiciant,
1183 2998 1217 3053 et
1237 2989 1399 3054 versionis
1420 2988 1557 3073 gallicae
1579 2994 1675 3053 autor
1696 2987 1782 3054 hane
1802 2988 1956 3053 lacunam
1974 2990 2160 3073 expleverit

145 3101 327 3185 praemissa
348 3098 494 3165 rubrica:
532 3098 616 3165 Pras
637 3099 739 3180 ample
766 3099 956 3165 declaration
983 3101 1038 3167 des
1059 3121 1184 3167 meme
1212 3099 1420 3166 abomination
1447 3101 1485 3166 de
1508 3099 1615 3165 Servat
1638 3099 1717 3181 faite
1739 3121 1807 3180 par
1829 3100 1857 3164 I.
1882 3098 2003 3169 Calain.
2025 3152 2028 3157 .
2048 3099 2161 3187 Quam

145 3214 248 3279 talem
270 3211 524 3278 declarationem
546 3211 677 3293 exeipit,
696 3219 730 3276 ot
750 3211 881 3293 quidem
904 3233 963 3277 suo
985 3213 1118 3296 proprio
1144 3212 1242 3278 titulo
1263 3220 1394 3291 ornata,
1424 3211 1584 3293 Refntatio
1610 3211 1843 3277 calumniarum
1869 3212 1985 3295 quidne
2013 3211 2166 3283 Ser-ndns*

145 3326 266 3390 instem
288 3343 431 3389 errmnm
451 3342 582 3388 sacram
602 3322 833 3388 damnationem
854 3345 876 3388 a
896 3325 1055 3390 ministris
1073 3324 1296 3408 praecentus
1324 3323 1529 3405 maseriptam
1558 3322 1658 3387 eluere
1688 3323 1738 3388 cet
1760 3324 1870 3388 saitem
1891 3325 2012 3390 etndme
2031 3327 2161 3393 tentavit

146 3437 236 3519 (pag.
263 3435 462 3518 lto-257),
491 3433 549 3498 ubi
571 3434 707 3518 triginta
728 3442 763 3499 et
783 3441 856 3501 octo
877 3435 954 3501 illae
975 3436 1212 3520 propositiones
1234 3435 1420 3501 haereticae
1447 3455 1489 3498 ex
1516 3433 1670 3517 operibus
1693 3433 1824 3499 Serveti
1855 3443 1952 3500 antea
1975 3455 1995 3499 a
2017 3436 2161 3503 Calvino

143 3552 329 3629 excerptae,
352 3553 386 3609 et
402 3565 503 3628 supra
524 3546 590 3609 iam
613 3543 795 3628 descriptae
816 3554 850 3610 et
871 3548 1042 3627 refutatae,
1065 3548 1172 3613 denuo
1194 3547 1364 3632 sigillatim
1384 3547 1605 3624 excutiuntur,
1628 3553 1661 3610 et
1678 3546 1800 3629 partim
1817 3547 1948 3629 quidem
1967 3547 2162 3632 diligentius

145 3656 267 3742 partim
290 3656 402 3739 paucis
424 3662 557 3720 tantum
580 3657 728 3722 versibus
750 3665 981 3724 retractantur.
1025 3659 1067 3722 In
1089 3679 1229 3741 quarum
1251 3658 1449 3742 penultima,
1477 3679 1561 3740 quae
1590 3657 1630 3722 de
1658 3657 1926 3741 paedobaptismo
1950 3660 2033 3743 agit,
2065 3667 2163 3726 autor

144 3790 225 3853 prae
247 3766 386 3833 caeteris
407 3767 565 3845 subsistit,
590 3774 686 3850 atque
706 3767 795 3833 inter
817 3768 883 3833 alia
904 3769 1051 3854 singulas
1074 3769 1255 3835 adversarii
1276 3770 1421 3834 rationes
1446 3789 1585 3834 numero
1608 3770 1727 3852 viginti
1749 3776 1864 3835 contra
1884 3768 1947 3834 hoo
1968 3771 2164 3836 institutum

146 3879 293 3964 prolatas
315 3877 453 3961 exponit
474 3877 704 3961 expositaeque
722 3878 883 3963 profligat.
928 3880 970 3945 In
991 3881 1057 3945 fine
1078 3901 1165 3960 vero,
1189 3879 1338 3946 absoluta
1360 3880 1619 3965 propositionum
1641 3880 1773 3945 illarum
1795 3881 2001 3960 recensione,
2035 3882 2164 3950 multus

146 3999 199 4058 cst
221 3989 535 4075 indemonstrando
550 3999 586 4055 et
607 3989 811 4073 explodenda
833 3990 966 4057 Serveti
987 3991 1233 4075 pelagianismo.
1278 3993 1396 4057 Finem
1418 3993 1497 4057 facit
1518 3992 1686 4058 variorum
1707 3993 1777 4056 eius
1800 3992 1997 4083 placitorum
2018 3994 2163 4080 farrago,

144 4125 229 4188 qaae
251 4103 343 4186 prius
365 4101 494 4181 omissa,
517 4122 607 4168 nune
629 4101 790 4186 spicilegii
813 4102 883 4169 rice
905 4111 999 4168 extra
1021 4102 1170 4168 ordinem
1192 4102 1312 4182 addita,
1331 4124 1399 4168 non
1421 4103 1533 4168 minus
1555 4103 1675 4168 acriter
1697 4123 1795 4185 quam
1817 4111 1948 4168 caetera
1969 4103 2164 4172 discindun-

145 4222 211 4282 tur.
257 4214 429 4281 Ooronidis
450 4213 521 4280 loco
548 4215 683 4297 apponit
707 4213 808 4279 breve
831 4213 1020 4282 Serveticae
1047 4214 1230 4299 theologiae
1257 4213 1486 4298 compendium
1514 4235 1574 4303 per
1599 4213 1687 4279 locos
1715 4213 1909 4296 dispositum
1938 4216 2028 4300 (pag.
2054 4221 2162 4281 257-

146 4330 237 4411 261),
260 4326 317 4392 ubi
339 4327 450 4410 agitur
472 4325 513 4391 de
535 4326 616 4403 Deo,
641 4325 680 4390 de
703 4325 846 4405 Christo,
868 4326 909 4392 de
930 4328 1056 4410 spiritu,
1080 4325 1120 4391 de
1141 4326 1274 4392 homine
1295 4327 1428 4409 eiusque
1449 4325 1667 4408 corruptione,
1698 4323 1738 4390 de
1760 4325 1842 4406 fide,
1877 4325 1918 4390 de
1947 4327 2092 4409 iustitia,
2121 4330 2162 4396 de

147 4439 335 4505 differentia
346 4438 468 4504 veteris
481 4446 515 4503 et
525 4437 605 4503 nori
616 4439 812 4503 testamenti.
831 4438 907 4503 roei
919 4438 1002 4505 libro
1015 4438 1278 4521 subscripserunt
1289 4444 1421 4521 praeter
1431 4438 1541 4520 ipsum
1554 4436 1734 4503 Calvinum
1745 4437 1992 4520 quatuordecim
2005 4441 2160 4507 ministri

305 4547 418 4629 Quum
439 4549 475 4614 in
497 4550 559 4615 hoo
580 4550 701 4631 scripto
724 4549 884 4615 Calvinus
905 4550 1098 4634 saepissime
1121 4547 1251 4615 Servati
1280 4549 1451 4632 opiniones
1473 4569 1514 4614 ex
1537 4549 1608 4614 eius
1629 4549 1857 4615 recentissimo
1892 4569 1999 4633 opere,
2023 4573 2080 4617 sen
2103 4575 2161 4636 po-

148 4662 215 4726 tius
238 4661 468 4742 opusculorum
490 4661 657 4727 variorum
679 4660 871 4728 collectione
892 4682 992 4744 quam
1014 4661 1075 4727 sub
1098 4659 1315 4725 Restitntmnis
1328 4659 1566 4725 Christianismi
1586 4660 1683 4725 titulo
1705 4680 1809 4743 nuper
1828 4660 1980 4725 Viennae
2002 4661 2161 4742 ediderat,

147 4773 359 4856 depromptas
380 4773 466 4852 citet,
490 4771 635 4856 adeoque
653 4773 757 4855 ipsius
777 4771 856 4836 libri
877 4772 1006 4857 paginis
1028 4777 1179 4838 accurate
1201 4770 1360 4855 allegatis,
1383 4770 1541 4836 lectorum
1561 4773 1698 4836 interest
1717 4771 1810 4849 scire,
1833 4769 2010 4836 editionem
2028 4775 2160 4854 Murrii,

146 4884 245 4954 ouius
265 4880 367 4948 solius
388 4883 483 4949 nobis
503 4884 597 4969 copia
613 4883 685 4964 fuit,
707 4905 809 4967 quum
827 4884 1018 4950 authentica
1039 4883 1241 4967 exemplaria
1259 4882 1367 4949 corvis
1387 4882 1692 4962 albisrariorasint,
1714 4883 1982 4947 herumiormam
2000 4883 2161 4952 haetenus

147 5001 407 5078 repraesentare,
430 5001 468 5058 nt
490 4995 611 5079 pagina
631 4996 772 5080 paginae
792 4995 1002 5080 respondeat,
1030 4995 1175 5079 adeoque
1201 4995 1257 5077 qui
1286 4994 1448 5061 aNostro
1476 4994 1707 5079 significantur
1734 4995 1864 5060 numeri
1892 4995 1927 5058 in
1950 4993 2008 5058 illa
2031 5018 2160 5081 quoque

146 5105 252 5190 relegi
273 5111 404 5188 queant.
