<?xml version="1.0" encoding="UTF-8"?>
<!DOCTYPE html PUBLIC "-//W3C//DTD XHTML 1.0 Transitional//EN"
    "http://www.w3.org/TR/xhtml1/DTD/xhtml1-transitional.dtd">
<html xmlns="http://www.w3.org/1999/xhtml" xml:lang="en" lang="en">
 <head>
  <title>
</title>
<meta http-equiv="Content-Type" content="text/html;charset=utf-8" />
  <meta name='ocr-system' content='tesseract 3.04.00' />
  <meta name='ocr-capabilities' content='ocr_page ocr_carea ocr_par ocr_line ocrx_word'/>
</head>
<body>
  <div class='ocr_page' id='page_1' title='image "./ioanniscalvinio14calvgoog_0489.png"; bbox 0 0 4620 5894; ppageno 0'>
   <div class='ocr_carea' id='block_1_1' title="bbox 207 146 2219 221">
    <p class='ocr_par' dir='ltr' id='par_1_1' title="bbox 207 146 2219 221">
     <span class='ocr_line' id='line_1_1' title="bbox 207 146 2219 221; baseline -0 -1"><span class='ocrx_word' id='word_1_1' title='bbox 207 155 251 221; x_wconf 77' lang='lat' dir='ltr'><strong>Bb</strong></span> <span class='ocrx_word' id='word_1_2' title='bbox 1032 148 1098 217; x_wconf 83' lang='lat' dir='ltr'><strong>DE</strong></span> <span class='ocrx_word' id='word_1_3' title='bbox 1124 146 1401 218; x_wconf 75' lang='lat' dir='ltr'><strong>SOANDALIS.</strong></span> <span class='ocrx_word' id='word_1_4' title='bbox 2181 152 2219 219; x_wconf 67' lang='lat' dir='ltr'><strong>Sd</strong></span> 
     </span>
    </p>
   </div>
   <div class='ocr_carea' id='block_1_2' title="bbox 208 336 2224 1452">
    <p class='ocr_par' dir='ltr' id='par_1_2' title="bbox 208 336 2222 765">
     <span class='ocr_line' id='line_1_2' title="bbox 208 336 2222 426; baseline -0.001 -17"><span class='ocrx_word' id='word_1_5' title='bbox 208 341 311 409; x_wconf 86' lang='lat' dir='ltr'><strong>latius</strong></span> <span class='ocrx_word' id='word_1_6' title='bbox 330 349 445 408; x_wconf 89' lang='lat' dir='ltr'><strong>tamen</strong></span> <span class='ocrx_word' id='word_1_7' title='bbox 464 341 641 426; x_wconf 85' lang='lat' dir='ltr'><strong>propagari</strong></span> <span class='ocrx_word' id='word_1_8' title='bbox 662 360 731 406; x_wconf 93' lang='lat' dir='ltr'><strong>non</strong></span> <span class='ocrx_word' id='word_1_9' title='bbox 755 339 861 405; x_wconf 88' lang='lat' dir='ltr'><strong>desiit.</strong></span> <span class='ocrx_word' id='word_1_10' title='bbox 905 340 1011 424; x_wconf 89' lang='lat' dir='ltr'><strong>quue</strong></span> <span class='ocrx_word' id='word_1_11' title='bbox 1032 358 1112 404; x_wconf 84' lang='lat' dir='ltr'><strong>rere</strong></span> <span class='ocrx_word' id='word_1_12' title='bbox 1133 336 1197 401; x_wconf 92' lang='lat' dir='ltr'><strong>fnit</strong></span> <span class='ocrx_word' id='word_1_13' title='bbox 1247 344 1335 417; x_wconf 90' lang='lat' dir='ltr'><strong>suut,</strong></span> <span class='ocrx_word' id='word_1_14' title='bbox 1358 336 1490 403; x_wconf 85' lang='lat' dir='ltr'><strong>tametsi</strong></span> <span class='ocrx_word' id='word_1_15' title='bbox 1509 336 1690 403; x_wconf 89' lang='lat' dir='ltr'><strong>multorum</strong></span> <span class='ocrx_word' id='word_1_16' title='bbox 1712 337 1841 403; x_wconf 88' lang='lat' dir='ltr'><strong>animos</strong></span> <span class='ocrx_word' id='word_1_17' title='bbox 1861 339 1996 423; x_wconf 86' lang='lat' dir='ltr'><strong>frangit,</strong></span> <span class='ocrx_word' id='word_1_18' title='bbox 2019 340 2144 424; x_wconf 90' lang='lat' dir='ltr'><strong>optimo</strong></span> <span class='ocrx_word' id='word_1_19' title='bbox 2159 340 2222 407; x_wconf 75' lang='lat' dir='ltr'><strong>Ds&#39;</strong></span> 
     </span>
     <span class='ocr_line' id='line_1_3' title="bbox 211 422 2221 512; baseline -0.001 -17"><span class='ocrx_word' id='word_1_20' title='bbox 211 428 274 495; x_wconf 89' lang='lat' dir='ltr'><strong>sub</strong></span> <span class='ocrx_word' id='word_1_21' title='bbox 303 428 411 495; x_wconf 74' lang='lat' dir='ltr'><strong>mucis</strong></span> <span class='ocrx_word' id='word_1_22' title='bbox 437 426 620 512; x_wconf 74' lang='lat' dir='ltr'><strong>ignominia</strong></span> <span class='ocrx_word' id='word_1_23' title='bbox 646 425 860 510; x_wconf 87' lang='lat' dir='ltr'><strong>triumphare.</strong></span> <span class='ocrx_word' id='word_1_24' title='bbox 904 426 979 491; x_wconf 93' lang='lat' dir='ltr'><strong>Imo</strong></span> <span class='ocrx_word' id='word_1_25' title='bbox 1000 424 1058 509; x_wconf 89' lang='lat' dir='ltr'><strong>qui</strong></span> <span class='ocrx_word' id='word_1_26' title='bbox 1080 442 1196 489; x_wconf 88' lang='lat' dir='ltr'><strong>omnes</strong></span> <span class='ocrx_word' id='word_1_27' title='bbox 1248 422 1383 488; x_wconf 93' lang='lat' dir='ltr'><strong>consilio</strong></span> <span class='ocrx_word' id='word_1_28' title='bbox 1410 423 1534 489; x_wconf 87' lang='lat' dir='ltr'><strong>factum</strong></span> <span class='ocrx_word' id='word_1_29' title='bbox 1561 443 1633 489; x_wconf 87' lang='lat' dir='ltr'><strong>esse</strong></span> <span class='ocrx_word' id='word_1_30' title='bbox 1661 422 1796 489; x_wconf 89' lang='lat' dir='ltr'><strong>taudem</strong></span> <span class='ocrx_word' id='word_1_31' title='bbox 1824 425 1968 490; x_wconf 88' lang='lat' dir='ltr'><strong>sentient</strong></span> <span class='ocrx_word' id='word_1_32' title='bbox 1997 424 2129 507; x_wconf 88' lang='lat' dir='ltr'><strong>fideles,</strong></span> <span class='ocrx_word' id='word_1_33' title='bbox 2161 446 2221 511; x_wconf 87' lang='lat' dir='ltr'><strong>qno</strong></span> 
     </span>
     <span class='ocr_line' id='line_1_4' title="bbox 213 507 2221 596; baseline -0 -16"><span class='ocrx_word' id='word_1_34' title='bbox 213 514 479 581; x_wconf 87' lang='lat' dir='ltr'><strong>circumstantias</strong></span> <span class='ocrx_word' id='word_1_35' title='bbox 507 534 572 596; x_wconf 90' lang='lat' dir='ltr'><strong>qua</strong></span> <span class='ocrx_word' id='word_1_36' title='bbox 600 511 694 578; x_wconf 84' lang='lat' dir='ltr'><strong>decet</strong></span> <span class='ocrx_word' id='word_1_37' title='bbox 721 512 885 594; x_wconf 85' lang='lat' dir='ltr'><strong>aequitate</strong></span> <span class='ocrx_word' id='word_1_38' title='bbox 905 510 1085 594; x_wconf 89' lang='lat' dir='ltr'><strong>reputabit,</strong></span> <span class='ocrx_word' id='word_1_39' title='bbox 1107 509 1196 573; x_wconf 88' lang='lat' dir='ltr'><strong>inter</strong></span> <span class='ocrx_word' id='word_1_40' title='bbox 1247 528 1382 573; x_wconf 91' lang='lat' dir='ltr'><strong>manum</strong></span> <span class='ocrx_word' id='word_1_41' title='bbox 1407 528 1501 573; x_wconf 91' lang='lat' dir='ltr'><strong>suam</strong></span> <span class='ocrx_word' id='word_1_42' title='bbox 1523 510 1558 573; x_wconf 91' lang='lat' dir='ltr'><strong>in</strong></span> <span class='ocrx_word' id='word_1_43' title='bbox 1581 529 1621 573; x_wconf 87' lang='lat' dir='ltr'><strong>ea</strong></span> <span class='ocrx_word' id='word_1_44' title='bbox 1639 507 1813 575; x_wconf 88' lang='lat' dir='ltr'><strong>liberanda</strong></span> <span class='ocrx_word' id='word_1_45' title='bbox 1831 509 1952 575; x_wconf 89' lang='lat' dir='ltr'><strong>clarius</strong></span> <span class='ocrx_word' id='word_1_46' title='bbox 1973 517 2114 577; x_wconf 81' lang='lat' dir='ltr'><strong>exserat</strong></span> <span class='ocrx_word' id='word_1_47' title='bbox 2157 511 2221 579; x_wconf 82' lang='lat' dir='ltr'><strong>Ne·</strong></span> 
     </span>
     <span class='ocr_line' id='line_1_5' title="bbox 213 591 2221 682; baseline -0.002 -17"><span class='ocrx_word' id='word_1_48' title='bbox 213 606 339 665; x_wconf 90' lang='lat' dir='ltr'><strong>mortes</strong></span> <span class='ocrx_word' id='word_1_49' title='bbox 359 600 551 664; x_wconf 86' lang='lat' dir='ltr'><strong>innumeras</strong></span> <span class='ocrx_word' id='word_1_50' title='bbox 572 596 730 662; x_wconf 76' lang='lat' dir='ltr'><strong>fatebitur</strong></span> <span class='ocrx_word' id='word_1_51' title='bbox 745 597 937 663; x_wconf 87' lang='lat' dir='ltr'><strong>continuam</strong></span> <span class='ocrx_word' id='word_1_52' title='bbox 955 596 1056 662; x_wconf 82' lang='lat' dir='ltr'><strong>fuisse</strong></span> <span class='ocrx_word' id='word_1_53' title='bbox 1073 592 1196 658; x_wconf 92' lang='lat' dir='ltr'><strong>multa-</strong></span> <span class='ocrx_word' id='word_1_54' title='bbox 1247 614 1310 676; x_wconf 88' lang='lat' dir='ltr'><strong>que</strong></span> <span class='ocrx_word' id='word_1_55' title='bbox 1337 593 1427 658; x_wconf 91' lang='lat' dir='ltr'><strong>enim</strong></span> <span class='ocrx_word' id='word_1_56' title='bbox 1456 591 1590 677; x_wconf 89' lang='lat' dir='ltr'><strong>abipso</strong></span> <span class='ocrx_word' id='word_1_57' title='bbox 1612 595 1755 673; x_wconf 78' lang='lat' dir='ltr'><strong>servari,</strong></span> <span class='ocrx_word' id='word_1_58' title='bbox 1787 595 1852 661; x_wconf 91' lang='lat' dir='ltr'><strong>nisi</strong></span> <span class='ocrx_word' id='word_1_59' title='bbox 1874 616 1915 659; x_wconf 86' lang='lat' dir='ltr'><strong>ex</strong></span> <span class='ocrx_word' id='word_1_60' title='bbox 1938 604 2044 661; x_wconf 83' lang='lat' dir='ltr'><strong>morte</strong></span> <span class='ocrx_word' id='word_1_61' title='bbox 2066 606 2221 682; x_wconf 58' lang='lat' dir='ltr'><strong>armum,</strong></span> 
     </span>
     <span class='ocr_line' id='line_1_6' title="bbox 214 678 1465 765; baseline -0.006 -14"><span class='ocrx_word' id='word_1_62' title='bbox 214 705 291 751; x_wconf 86' lang='lat' dir='ltr'><strong>rum</strong></span> <span class='ocrx_word' id='word_1_63' title='bbox 308 684 589 751; x_wconf 78' lang='lat' dir='ltr'><strong>resurrectionum</strong></span> <span class='ocrx_word' id='word_1_64' title='bbox 609 684 737 749; x_wconf 88' lang='lat' dir='ltr'><strong>seriem.</strong></span> <span class='ocrx_word' id='word_1_65' title='bbox 784 680 882 764; x_wconf 80' lang='lat' dir='ltr'><strong>Quod</strong></span> <span class='ocrx_word' id='word_1_66' title='bbox 900 702 960 765; x_wconf 94' lang='lat' dir='ltr'><strong>pro</strong></span> <span class='ocrx_word' id='word_1_67' title='bbox 978 702 1039 746; x_wconf 91' lang='lat' dir='ltr'><strong>sua</strong></span> <span class='ocrx_word' id='word_1_68' title='bbox 1055 678 1196 745; x_wconf 90' lang='lat' dir='ltr'><strong>difficul·</strong></span> <span class='ocrx_word' id='word_1_69' title='bbox 1247 680 1465 764; x_wconf 79' lang='lat' dir='ltr'><strong>agnoscimus.</strong></span> 
     </span>
    </p>

    <p class='ocr_par' dir='ltr' id='par_1_3' title="bbox 214 763 2224 1452">
     <span class='ocr_line' id='line_1_7' title="bbox 214 763 2222 853; baseline 0 -18"><span class='ocrx_word' id='word_1_70' title='bbox 214 777 285 837; x_wconf 87' lang='lat' dir='ltr'><strong>tate</strong></span> <span class='ocrx_word' id='word_1_71' title='bbox 306 769 403 837; x_wconf 90' lang='lat' dir='ltr'><strong>nobis</strong></span> <span class='ocrx_word' id='word_1_72' title='bbox 424 767 615 835; x_wconf 89' lang='lat' dir='ltr'><strong>incredibile</strong></span> <span class='ocrx_word' id='word_1_73' title='bbox 633 769 728 847; x_wconf 90' lang='lat' dir='ltr'><strong>foret,</strong></span> <span class='ocrx_word' id='word_1_74' title='bbox 751 767 872 851; x_wconf 91' lang='lat' dir='ltr'><strong>siquis</strong></span> <span class='ocrx_word' id='word_1_75' title='bbox 889 775 1042 832; x_wconf 76' lang='lat' dir='ltr'><strong>narraret</strong></span> <span class='ocrx_word' id='word_1_76' title='bbox 1060 763 1196 849; x_wconf 88' lang='lat' dir='ltr'><strong>posthac</strong></span> <span class='ocrx_word' id='word_1_77' title='bbox 1332 763 1410 829; x_wconf 90' lang='lat' dir='ltr'><strong>Huc</strong></span> <span class='ocrx_word' id='word_1_78' title='bbox 1431 772 1598 848; x_wconf 91' lang='lat' dir='ltr'><strong>postremo</strong></span> <span class='ocrx_word' id='word_1_79' title='bbox 1620 764 1746 831; x_wconf 73' lang='lat' dir='ltr'><strong>seoedit</strong></span> <span class='ocrx_word' id='word_1_80' title='bbox 1766 772 1800 830; x_wconf 93' lang='lat' dir='ltr'><strong>et</strong></span> <span class='ocrx_word' id='word_1_81' title='bbox 1820 766 1886 831; x_wconf 91' lang='lat' dir='ltr'><strong>alia</strong></span> <span class='ocrx_word' id='word_1_82' title='bbox 1907 767 2002 843; x_wconf 88' lang='lat' dir='ltr'><strong>ratio,</strong></span> <span class='ocrx_word' id='word_1_83' title='bbox 2030 766 2119 853; x_wconf 90' lang='lat' dir='ltr'><strong>quod</strong></span> <span class='ocrx_word' id='word_1_84' title='bbox 2142 768 2222 835; x_wconf 86' lang='lat' dir='ltr'><strong>fero·</strong></span> 
     </span>
     <span class='ocr_line' id='line_1_8' title="bbox 215 849 2223 939; baseline 0 -18"><span class='ocrx_word' id='word_1_85' title='bbox 215 856 380 921; x_wconf 92' lang='lat' dir='ltr'><strong>futurum:</strong></span> <span class='ocrx_word' id='word_1_86' title='bbox 402 875 491 921; x_wconf 89' lang='lat' dir='ltr'><strong>nunc</strong></span> <span class='ocrx_word' id='word_1_87' title='bbox 508 875 610 937; x_wconf 88' lang='lat' dir='ltr'><strong>quum</strong></span> <span class='ocrx_word' id='word_1_88' title='bbox 627 854 752 920; x_wconf 89' lang='lat' dir='ltr'><strong>factum</strong></span> <span class='ocrx_word' id='word_1_89' title='bbox 770 860 830 931; x_wconf 90' lang='lat' dir='ltr'><strong>est,</strong></span> <span class='ocrx_word' id='word_1_90' title='bbox 849 874 916 918; x_wconf 91' lang='lat' dir='ltr'><strong>non</strong></span> <span class='ocrx_word' id='word_1_91' title='bbox 934 852 1032 917; x_wconf 93' lang='lat' dir='ltr'><strong>modo</strong></span> <span class='ocrx_word' id='word_1_92' title='bbox 1048 858 1195 917; x_wconf 92' lang='lat' dir='ltr'><strong>contem·</strong></span> <span class='ocrx_word' id='word_1_93' title='bbox 1246 850 1332 915; x_wconf 91' lang='lat' dir='ltr'><strong>ciam</strong></span> <span class='ocrx_word' id='word_1_94' title='bbox 1364 858 1512 914; x_wconf 91' lang='lat' dir='ltr'><strong>nostram</strong></span> <span class='ocrx_word' id='word_1_95' title='bbox 1545 849 1671 915; x_wconf 86' lang='lat' dir='ltr'><strong>domari</strong></span> <span class='ocrx_word' id='word_1_96' title='bbox 1704 851 1777 916; x_wconf 89' lang='lat' dir='ltr'><strong>subi</strong></span> <span class='ocrx_word' id='word_1_97' title='bbox 1803 851 1875 933; x_wconf 84' lang='lat' dir='ltr'><strong>‘qne</strong></span> <span class='ocrx_word' id='word_1_98' title='bbox 1908 853 2016 919; x_wconf 87' lang='lat' dir='ltr'><strong>erucis</strong></span> <span class='ocrx_word' id='word_1_99' title='bbox 2051 852 2223 939; x_wconf 90' lang='lat' dir='ltr'><strong>disciplina</strong></span> 
     </span>
     <span class='ocr_line' id='line_1_9' title="bbox 217 934 2223 1024; baseline 0.001 -18"><span class='ocrx_word' id='word_1_100' title='bbox 217 962 312 1021; x_wconf 90' lang='lat' dir='ltr'><strong>nere,</strong></span> <span class='ocrx_word' id='word_1_101' title='bbox 346 939 404 1007; x_wconf 93' lang='lat' dir='ltr'><strong>sed</strong></span> <span class='ocrx_word' id='word_1_102' title='bbox 431 939 622 1006; x_wconf 85' lang='lat' dir='ltr'><strong>offensionis</strong></span> <span class='ocrx_word' id='word_1_103' title='bbox 649 940 720 1007; x_wconf 92' lang='lat' dir='ltr'><strong>loco</strong></span> <span class='ocrx_word' id='word_1_104' title='bbox 744 938 878 1017; x_wconf 88' lang='lat' dir='ltr'><strong>ducere,</strong></span> <span class='ocrx_word' id='word_1_105' title='bbox 912 958 980 1004; x_wconf 93' lang='lat' dir='ltr'><strong>non</strong></span> <span class='ocrx_word' id='word_1_106' title='bbox 1000 936 1113 1002; x_wconf 89' lang='lat' dir='ltr'><strong>iudicii</strong></span> <span class='ocrx_word' id='word_1_107' title='bbox 1135 942 1194 1015; x_wconf 91' lang='lat' dir='ltr'><strong>est,</strong></span> <span class='ocrx_word' id='word_1_108' title='bbox 1246 934 1443 1019; x_wconf 89' lang='lat' dir='ltr'><strong>plusquam</strong></span> <span class='ocrx_word' id='word_1_109' title='bbox 1465 955 1598 1001; x_wconf 89' lang='lat' dir='ltr'><strong>neeesse</strong></span> <span class='ocrx_word' id='word_1_110' title='bbox 1620 943 1679 1000; x_wconf 91' lang='lat' dir='ltr'><strong>est.</strong></span> <span class='ocrx_word' id='word_1_111' title='bbox 1723 935 1770 1000; x_wconf 87' lang='lat' dir='ltr'><strong>Vi</strong></span> <span class='ocrx_word' id='word_1_112' title='bbox 1793 957 1886 1003; x_wconf 90' lang='lat' dir='ltr'><strong>emus</strong></span> <span class='ocrx_word' id='word_1_113' title='bbox 1908 946 1946 1003; x_wconf 91' lang='lat' dir='ltr'><strong>ut</strong></span> <span class='ocrx_word' id='word_1_114' title='bbox 1966 938 2119 1019; x_wconf 91' lang='lat' dir='ltr'><strong>eeclesia,</strong></span> <span class='ocrx_word' id='word_1_115' title='bbox 2141 961 2223 1024; x_wconf 87' lang='lat' dir='ltr'><strong>quae</strong></span> 
     </span>
     <span class='ocr_line' id='line_1_10' title="bbox 217 1020 2221 1111; baseline 0 -19"><span class='ocrx_word' id='word_1_116' title='bbox 217 1025 276 1092; x_wconf 92' lang='lat' dir='ltr'><strong>sed</strong></span> <span class='ocrx_word' id='word_1_117' title='bbox 302 1026 440 1111; x_wconf 81' lang='lat' dir='ltr'><strong>maligni</strong></span> <span class='ocrx_word' id='word_1_118' title='bbox 468 1025 601 1092; x_wconf 90' lang='lat' dir='ltr'><strong>fastidii.</strong></span> <span class='ocrx_word' id='word_1_119' title='bbox 644 1024 700 1089; x_wconf 93' lang='lat' dir='ltr'><strong>Illi</strong></span> <span class='ocrx_word' id='word_1_120' title='bbox 729 1023 861 1108; x_wconf 91' lang='lat' dir='ltr'><strong>quidem</strong></span> <span class='ocrx_word' id='word_1_121' title='bbox 888 1024 1032 1089; x_wconf 88' lang='lat' dir='ltr'><strong>maxime</strong></span> <span class='ocrx_word' id='word_1_122' title='bbox 1059 1020 1196 1089; x_wconf 88' lang='lat' dir='ltr'><strong>violenti</strong></span> <span class='ocrx_word' id='word_1_123' title='bbox 1247 1020 1283 1085; x_wconf 93' lang='lat' dir='ltr'><strong>in</strong></span> <span class='ocrx_word' id='word_1_124' title='bbox 1310 1020 1428 1087; x_wconf 90' lang='lat' dir='ltr'><strong>mediis</strong></span> <span class='ocrx_word' id='word_1_125' title='bbox 1454 1020 1685 1087; x_wconf 86' lang='lat' dir='ltr'><strong>vexationibus</strong></span> <span class='ocrx_word' id='word_1_126' title='bbox 1714 1022 1879 1104; x_wconf 86' lang='lat' dir='ltr'><strong>spirituali</strong></span> <span class='ocrx_word' id='word_1_127' title='bbox 1911 1024 2025 1108; x_wconf 84' lang='lat' dir='ltr'><strong>vigore</strong></span> <span class='ocrx_word' id='word_1_128' title='bbox 2057 1027 2221 1107; x_wconf 85' lang='lat' dir='ltr'><strong>floruerat,</strong></span> 
     </span>
     <span class='ocr_line' id='line_1_11' title="bbox 216 1106 2223 1195; baseline 0.001 -18"><span class='ocrx_word' id='word_1_129' title='bbox 216 1111 353 1177; x_wconf 89' lang='lat' dir='ltr'><strong>fuerunt</strong></span> <span class='ocrx_word' id='word_1_130' title='bbox 372 1112 526 1195; x_wconf 90' lang='lat' dir='ltr'><strong>impetus,</strong></span> <span class='ocrx_word' id='word_1_131' title='bbox 548 1110 606 1176; x_wconf 90' lang='lat' dir='ltr'><strong>sed</strong></span> <span class='ocrx_word' id='word_1_132' title='bbox 628 1110 712 1176; x_wconf 91' lang='lat' dir='ltr'><strong>aliae</strong></span> <span class='ocrx_word' id='word_1_133' title='bbox 733 1130 861 1194; x_wconf 89' lang='lat' dir='ltr'><strong>quoque</strong></span> <span class='ocrx_word' id='word_1_134' title='bbox 879 1116 1004 1174; x_wconf 89' lang='lat' dir='ltr'><strong>aetates</strong></span> <span class='ocrx_word' id='word_1_135' title='bbox 1021 1109 1062 1173; x_wconf 89' lang='lat' dir='ltr'><strong>ab</strong></span> <span class='ocrx_word' id='word_1_136' title='bbox 1080 1106 1196 1172; x_wconf 88' lang='lat' dir='ltr'><strong>eadem</strong></span> <span class='ocrx_word' id='word_1_137' title='bbox 1247 1106 1347 1172; x_wconf 90' lang='lat' dir='ltr'><strong>nimis</strong></span> <span class='ocrx_word' id='word_1_138' title='bbox 1375 1106 1462 1172; x_wconf 89' lang='lat' dir='ltr'><strong>laeta</strong></span> <span class='ocrx_word' id='word_1_139' title='bbox 1489 1126 1569 1190; x_wconf 88' lang='lat' dir='ltr'><strong>paee</strong></span> <span class='ocrx_word' id='word_1_140' title='bbox 1598 1106 1753 1172; x_wconf 83' lang='lat' dir='ltr'><strong>diffluxit.</strong></span> <span class='ocrx_word' id='word_1_141' title='bbox 1797 1106 1907 1174; x_wconf 86' lang='lat' dir='ltr'><strong>Hodie</strong></span> <span class='ocrx_word' id='word_1_142' title='bbox 1933 1131 2037 1193; x_wconf 88' lang='lat' dir='ltr'><strong>quum</strong></span> <span class='ocrx_word' id='word_1_143' title='bbox 2059 1112 2121 1178; x_wconf 92' lang='lat' dir='ltr'><strong>snb</strong></span> <span class='ocrx_word' id='word_1_144' title='bbox 2143 1111 2223 1179; x_wconf 89' lang='lat' dir='ltr'><strong>duro</strong></span> 
     </span>
     <span class='ocr_line' id='line_1_12' title="bbox 217 1190 2222 1275; baseline 0 -11"><span class='ocrx_word' id='word_1_145' title='bbox 217 1198 324 1264; x_wconf 89' lang='lat' dir='ltr'><strong>crucis</strong></span> <span class='ocrx_word' id='word_1_146' title='bbox 340 1195 460 1263; x_wconf 89' lang='lat' dir='ltr'><strong>militia</strong></span> <span class='ocrx_word' id='word_1_147' title='bbox 475 1196 613 1261; x_wconf 91' lang='lat' dir='ltr'><strong>minime</strong></span> <span class='ocrx_word' id='word_1_148' title='bbox 630 1197 797 1262; x_wconf 90' lang='lat' dir='ltr'><strong>immunes</strong></span> <span class='ocrx_word' id='word_1_149' title='bbox 815 1196 957 1260; x_wconf 74' lang='lat' dir='ltr'><strong>filerunt.</strong></span> <span class='ocrx_word' id='word_1_150' title='bbox 998 1192 1090 1275; x_wconf 78' lang='lat' dir='ltr'><strong>Quin</strong></span> <span class='ocrx_word' id='word_1_151' title='bbox 1106 1190 1195 1257; x_wconf 89' lang='lat' dir='ltr'><strong>duri-</strong></span> <span class='ocrx_word' id='word_1_152' title='bbox 1247 1199 1444 1275; x_wconf 88' lang='lat' dir='ltr'><strong>austeroque</strong></span> <span class='ocrx_word' id='word_1_153' title='bbox 1471 1192 1584 1257; x_wconf 88' lang='lat' dir='ltr'><strong>fraeno</strong></span> <span class='ocrx_word' id='word_1_154' title='bbox 1613 1213 1676 1257; x_wconf 90' lang='lat' dir='ltr'><strong>nos</strong></span> <span class='ocrx_word' id='word_1_155' title='bbox 1697 1193 1862 1260; x_wconf 89' lang='lat' dir='ltr'><strong>Dominus</strong></span> <span class='ocrx_word' id='word_1_156' title='bbox 1886 1197 2082 1264; x_wconf 89' lang='lat' dir='ltr'><strong>constrictos</strong></span> <span class='ocrx_word' id='word_1_157' title='bbox 2103 1206 2222 1275; x_wconf 86' lang='lat' dir='ltr'><strong>teneat,</strong></span> 
     </span>
     <span class='ocr_line' id='line_1_13' title="bbox 217 1277 2224 1366; baseline 0.001 -19"><span class='ocrx_word' id='word_1_158' title='bbox 217 1302 275 1347; x_wconf 89' lang='lat' dir='ltr'><strong>ora</strong></span> <span class='ocrx_word' id='word_1_159' title='bbox 296 1283 478 1349; x_wconf 88' lang='lat' dir='ltr'><strong>certamina</strong></span> <span class='ocrx_word' id='word_1_160' title='bbox 499 1288 578 1347; x_wconf 92' lang='lat' dir='ltr'><strong>sunt</strong></span> <span class='ocrx_word' id='word_1_161' title='bbox 598 1281 742 1365; x_wconf 81' lang='lat' dir='ltr'><strong>experti,</strong></span> <span class='ocrx_word' id='word_1_162' title='bbox 770 1282 827 1365; x_wconf 86' lang='lat' dir='ltr'><strong>qui</strong></span> <span class='ocrx_word' id='word_1_163' title='bbox 847 1281 974 1346; x_wconf 86' lang='lat' dir='ltr'><strong>sincere</strong></span> <span class='ocrx_word' id='word_1_164' title='bbox 995 1298 1033 1343; x_wconf 89' lang='lat' dir='ltr'><strong>ae</strong></span> <span class='ocrx_word' id='word_1_165' title='bbox 1054 1277 1196 1343; x_wconf 86' lang='lat' dir='ltr'><strong>fideliter</strong></span> <span class='ocrx_word' id='word_1_166' title='bbox 1247 1277 1399 1344; x_wconf 80' lang='lat' dir='ltr'><strong>videmus</strong></span> <span class='ocrx_word' id='word_1_167' title='bbox 1431 1287 1470 1342; x_wconf 93' lang='lat' dir='ltr'><strong>ut</strong></span> <span class='ocrx_word' id='word_1_168' title='bbox 1501 1279 1625 1360; x_wconf 92' lang='lat' dir='ltr'><strong>passim</strong></span> <span class='ocrx_word' id='word_1_169' title='bbox 1658 1299 1773 1344; x_wconf 88' lang='lat' dir='ltr'><strong>omnes</strong></span> <span class='ocrx_word' id='word_1_170' title='bbox 1804 1279 1873 1345; x_wconf 88' lang='lat' dir='ltr'><strong>fere</strong></span> <span class='ocrx_word' id='word_1_171' title='bbox 1905 1280 2109 1349; x_wconf 76' lang='lat' dir='ltr'><strong>lasciviant..</strong></span> <span class='ocrx_word' id='word_1_172' title='bbox 2136 1282 2224 1366; x_wconf 74' lang='lat' dir='ltr'><strong>Quid</strong></span> 
     </span>
     <span class='ocr_line' id='line_1_14' title="bbox 214 1363 2223 1452; baseline 0.001 -19"><span class='ocrx_word' id='word_1_173' title='bbox 214 1368 287 1433; x_wconf 89' lang='lat' dir='ltr'><strong>Deo</strong></span> <span class='ocrx_word' id='word_1_174' title='bbox 315 1368 440 1434; x_wconf 83' lang='lat' dir='ltr'><strong>servire</strong></span> <span class='ocrx_word' id='word_1_175' title='bbox 468 1373 547 1433; x_wconf 92' lang='lat' dir='ltr'><strong>tune</strong></span> <span class='ocrx_word' id='word_1_176' title='bbox 574 1366 739 1433; x_wconf 79' lang='lat' dir='ltr'><strong>volebant.</strong></span> <span class='ocrx_word' id='word_1_177' title='bbox 787 1366 910 1433; x_wconf 83' lang='lat' dir='ltr'><strong>Fasces</strong></span> <span class='ocrx_word' id='word_1_178' title='bbox 938 1363 1065 1431; x_wconf 84' lang='lat' dir='ltr'><strong>Ohristi</strong></span> <span class='ocrx_word' id='word_1_179' title='bbox 1091 1383 1195 1446; x_wconf 91' lang='lat' dir='ltr'><strong>regno</strong></span> <span class='ocrx_word' id='word_1_180' title='bbox 1247 1363 1355 1441; x_wconf 89' lang='lat' dir='ltr'><strong>fieret,</strong></span> <span class='ocrx_word' id='word_1_181' title='bbox 1378 1364 1406 1428; x_wconf 92' lang='lat' dir='ltr'><strong>si</strong></span> <span class='ocrx_word' id='word_1_182' title='bbox 1428 1363 1531 1429; x_wconf 88' lang='lat' dir='ltr'><strong>libere</strong></span> <span class='ocrx_word' id='word_1_183' title='bbox 1553 1363 1738 1429; x_wconf 84' lang='lat' dir='ltr'><strong>exsultandi</strong></span> <span class='ocrx_word' id='word_1_184' title='bbox 1761 1364 1896 1431; x_wconf 90' lang='lat' dir='ltr'><strong>daretur</strong></span> <span class='ocrx_word' id='word_1_185' title='bbox 1917 1367 2066 1434; x_wconf 82' lang='lat' dir='ltr'><strong>occasio?</strong></span> <span class='ocrx_word' id='word_1_186' title='bbox 2112 1367 2223 1452; x_wconf 78' lang='lat' dir='ltr'><strong>Quum</strong></span> 
     </span>
    </p>
   </div>
   <div class='ocr_carea' id='block_1_3' title="bbox 112 1448 2222 1540">
    <p class='ocr_par' dir='ltr' id='par_1_4' title="bbox 112 1448 2222 1540">
     <span class='ocr_line' id='line_1_15' title="bbox 112 1448 2222 1540; baseline 0 -21"><span class='ocrx_word' id='word_1_187' title='bbox 112 1468 115 1473; x_wconf 89' lang='grc'><strong><em>·</em></strong></span> <span class='ocrx_word' id='word_1_188' title='bbox 216 1453 417 1519; x_wconf 87' lang='lat' dir='ltr'><strong>submiserat</strong></span> <span class='ocrx_word' id='word_1_189' title='bbox 448 1473 621 1519; x_wconf 88' lang='lat' dir='ltr'><strong>romanum</strong></span> <span class='ocrx_word' id='word_1_190' title='bbox 663 1453 849 1535; x_wconf 89' lang='lat' dir='ltr'><strong>imperium.</strong></span> <span class='ocrx_word' id='word_1_191' title='bbox 906 1450 1023 1515; x_wconf 83' lang='lat' dir='ltr'><strong>Videri</strong></span> <span class='ocrx_word' id='word_1_192' title='bbox 1056 1448 1196 1514; x_wconf 90' lang='lat' dir='ltr'><strong>ecclesia</strong></span> <span class='ocrx_word' id='word_1_193' title='bbox 1247 1448 1410 1533; x_wconf 87' lang='lat' dir='ltr'><strong>evangelii</strong></span> <span class='ocrx_word' id='word_1_194' title='bbox 1427 1449 1584 1532; x_wconf 87' lang='lat' dir='ltr'><strong>professio</strong></span> <span class='ocrx_word' id='word_1_195' title='bbox 1602 1449 1699 1533; x_wconf 91' lang='lat' dir='ltr'><strong>longe</strong></span> <span class='ocrx_word' id='word_1_196' title='bbox 1716 1449 1847 1533; x_wconf 87' lang='lat' dir='ltr'><strong>lateque</strong></span> <span class='ocrx_word' id='word_1_197' title='bbox 1864 1452 2222 1540; x_wconf 82' lang='lat' dir='ltr'><strong>inGermaniaregna·</strong></span> 
     </span>
    </p>
   </div>
   <div class='ocr_carea' id='block_1_4' title="bbox 209 1534 2230 4912">
    <p class='ocr_par' dir='ltr' id='par_1_5' title="bbox 209 1534 2230 4912">
     <span class='ocr_line' id='line_1_16' title="bbox 258 1534 2222 1622; baseline 0.001 -19"><span class='ocrx_word' id='word_1_198' title='bbox 258 1544 346 1604; x_wconf 90' lang='lat' dir='ltr'><strong>terat</strong></span> <span class='ocrx_word' id='word_1_199' title='bbox 372 1540 409 1603; x_wconf 93' lang='lat' dir='ltr'><strong>in</strong></span> <span class='ocrx_word' id='word_1_200' title='bbox 436 1538 533 1604; x_wconf 88' lang='lat' dir='ltr'><strong>beata</strong></span> <span class='ocrx_word' id='word_1_201' title='bbox 559 1538 678 1620; x_wconf 89' lang='lat' dir='ltr'><strong>quictis</strong></span> <span class='ocrx_word' id='word_1_202' title='bbox 705 1545 740 1602; x_wconf 89' lang='lat' dir='ltr'><strong>et</strong></span> <span class='ocrx_word' id='word_1_203' title='bbox 767 1537 892 1622; x_wconf 91' lang='lat' dir='ltr'><strong>gloriae</strong></span> <span class='ocrx_word' id='word_1_204' title='bbox 919 1535 996 1602; x_wconf 91' lang='lat' dir='ltr'><strong>sedo</strong></span> <span class='ocrx_word' id='word_1_205' title='bbox 1029 1534 1194 1600; x_wconf 75' lang='lat' dir='ltr'><strong>collocuta.</strong></span> <span class='ocrx_word' id='word_1_206' title='bbox 1247 1542 1307 1611; x_wconf 89' lang='lat' dir='ltr'><strong>ret,</strong></span> <span class='ocrx_word' id='word_1_207' title='bbox 1330 1541 1364 1598; x_wconf 93' lang='lat' dir='ltr'><strong>et</strong></span> <span class='ocrx_word' id='word_1_208' title='bbox 1385 1535 1533 1619; x_wconf 87' lang='lat' dir='ltr'><strong>integrae</strong></span> <span class='ocrx_word' id='word_1_209' title='bbox 1553 1534 1662 1599; x_wconf 92' lang='lat' dir='ltr'><strong>adhno</strong></span> <span class='ocrx_word' id='word_1_210' title='bbox 1683 1543 1794 1601; x_wconf 88' lang='lat' dir='ltr'><strong>essent</strong></span> <span class='ocrx_word' id='word_1_211' title='bbox 1816 1541 1890 1617; x_wconf 77' lang='lat' dir='ltr'><strong>[pag.</strong></span> <span class='ocrx_word' id='word_1_212' title='bbox 1914 1543 1969 1617; x_wconf 83' lang='grc'><strong>43]</strong></span> <span class='ocrx_word' id='word_1_213' title='bbox 1992 1559 2108 1605; x_wconf 90' lang='lat' dir='ltr'><strong>eornm</strong></span> <span class='ocrx_word' id='word_1_214' title='bbox 2127 1541 2222 1620; x_wconf 85' lang='lat' dir='ltr'><strong>vires,</strong></span> 
     </span>
     <span class='ocr_line' id='line_1_17' title="bbox 213 1560 2222 1705; baseline 0.001 -16"><span class='ocrx_word' id='word_1_215' title='bbox 213 1560 384 1689; x_wconf 66' lang='lat' dir='ltr'><strong>Doarbarce</strong></span> <span class='ocrx_word' id='word_1_216' title='bbox 418 1625 518 1689; x_wconf 91' lang='lat' dir='ltr'><strong>etiam</strong></span> <span class='ocrx_word' id='word_1_217' title='bbox 550 1624 700 1688; x_wconf 90' lang='lat' dir='ltr'><strong>nationes</strong></span> <span class='ocrx_word' id='word_1_218' title='bbox 732 1623 769 1687; x_wconf 91' lang='lat' dir='ltr'><strong>in</strong></span> <span class='ocrx_word' id='word_1_219' title='bbox 802 1622 928 1689; x_wconf 81' lang='lat' dir='ltr'><strong>Christi</strong></span> <span class='ocrx_word' id='word_1_220' title='bbox 956 1621 1194 1705; x_wconf 87' lang='lat' dir='ltr'><strong>possessionem</strong></span> <span class='ocrx_word' id='word_1_221' title='bbox 1247 1619 1305 1701; x_wconf 91' lang='lat' dir='ltr'><strong>qui</strong></span> <span class='ocrx_word' id='word_1_222' title='bbox 1326 1619 1368 1684; x_wconf 92' lang='lat' dir='ltr'><strong>ad</strong></span> <span class='ocrx_word' id='word_1_223' title='bbox 1390 1619 1548 1685; x_wconf 84' lang='lat' dir='ltr'><strong>tuendam</strong></span> <span class='ocrx_word' id='word_1_224' title='bbox 1570 1620 1687 1685; x_wconf 89' lang='lat' dir='ltr'><strong>bonam</strong></span> <span class='ocrx_word' id='word_1_225' title='bbox 1711 1642 1844 1687; x_wconf 87' lang='lat' dir='ltr'><strong>eausam</strong></span> <span class='ocrx_word' id='word_1_226' title='bbox 1860 1621 2061 1690; x_wconf 83' lang='lat' dir='ltr'><strong>videbantur</strong></span> <span class='ocrx_word' id='word_1_227' title='bbox 2077 1627 2222 1705; x_wconf 89' lang='lat' dir='ltr'><strong>animati,</strong></span> 
     </span>
     <span class='ocr_line' id='line_1_18' title="bbox 214 1703 2222 1789; baseline 0.001 -15"><span class='ocrx_word' id='word_1_228' title='bbox 214 1716 455 1775; x_wconf 88' lang='lat' dir='ltr'><strong>concesserant.</strong></span> <span class='ocrx_word' id='word_1_229' title='bbox 498 1709 628 1774; x_wconf 85' lang='lat' dir='ltr'><strong>Verum</strong></span> <span class='ocrx_word' id='word_1_230' title='bbox 661 1708 818 1774; x_wconf 88' lang='lat' dir='ltr'><strong>haeretici</strong></span> <span class='ocrx_word' id='word_1_231' title='bbox 849 1708 978 1773; x_wconf 89' lang='lat' dir='ltr'><strong>interea</strong></span> <span class='ocrx_word' id='word_1_232' title='bbox 1007 1727 1044 1772; x_wconf 90' lang='lat' dir='ltr'><strong>ac</strong></span> <span class='ocrx_word' id='word_1_233' title='bbox 1077 1703 1196 1789; x_wconf 87' lang='lat' dir='ltr'><strong>perfidi</strong></span> <span class='ocrx_word' id='word_1_234' title='bbox 1247 1703 1373 1787; x_wconf 91' lang='lat' dir='ltr'><strong>hacque</strong></span> <span class='ocrx_word' id='word_1_235' title='bbox 1400 1704 1521 1771; x_wconf 89' lang='lat' dir='ltr'><strong>fiducia</strong></span> <span class='ocrx_word' id='word_1_236' title='bbox 1548 1711 1740 1789; x_wconf 90' lang='lat' dir='ltr'><strong>susceptum</strong></span> <span class='ocrx_word' id='word_1_237' title='bbox 1761 1717 1848 1772; x_wconf 85' lang='lat' dir='ltr'><strong>esset</strong></span> <span class='ocrx_word' id='word_1_238' title='bbox 1865 1708 2052 1775; x_wconf 87' lang='lat' dir='ltr'><strong>luctuosum</strong></span> <span class='ocrx_word' id='word_1_239' title='bbox 2074 1711 2139 1777; x_wconf 85' lang='lat' dir='ltr'><strong>hoe</strong></span> <span class='ocrx_word' id='word_1_240' title='bbox 2160 1712 2222 1779; x_wconf 87' lang='lat' dir='ltr'><strong>bel-</strong></span> 
     </span>
     <span class='ocr_line' id='line_1_19' title="bbox 213 1789 2221 1882; baseline 0.002 -24"><span class='ocrx_word' id='word_1_241' title='bbox 213 1794 367 1860; x_wconf 90' lang='lat' dir='ltr'><strong>homines</strong></span> <span class='ocrx_word' id='word_1_242' title='bbox 393 1814 505 1859; x_wconf 87' lang='lat' dir='ltr'><strong>rerum</strong></span> <span class='ocrx_word' id='word_1_243' title='bbox 533 1793 582 1860; x_wconf 91' lang='lat' dir='ltr'><strong>sie</strong></span> <span class='ocrx_word' id='word_1_244' title='bbox 610 1794 838 1877; x_wconf 87' lang='lat' dir='ltr'><strong>potiebantur,</strong></span> <span class='ocrx_word' id='word_1_245' title='bbox 871 1798 910 1858; x_wconf 93' lang='lat' dir='ltr'><strong>ut</strong></span> <span class='ocrx_word' id='word_1_246' title='bbox 936 1793 1031 1877; x_wconf 91' lang='lat' dir='ltr'><strong>probi</strong></span> <span class='ocrx_word' id='word_1_247' title='bbox 1059 1790 1195 1873; x_wconf 89' lang='lat' dir='ltr'><strong>verique</strong></span> <span class='ocrx_word' id='word_1_248' title='bbox 1247 1789 1332 1867; x_wconf 90' lang='lat' dir='ltr'><strong>lum,</strong></span> <span class='ocrx_word' id='word_1_249' title='bbox 1366 1789 1518 1874; x_wconf 89' lang='lat' dir='ltr'><strong>qnodque</strong></span> <span class='ocrx_word' id='word_1_250' title='bbox 1544 1790 1720 1857; x_wconf 81' lang='lat' dir='ltr'><strong>infeliciter</strong></span> <span class='ocrx_word' id='word_1_251' title='bbox 1743 1794 1855 1871; x_wconf 87' lang='lat' dir='ltr'><strong>cessit,</strong></span> <span class='ocrx_word' id='word_1_252' title='bbox 1889 1796 2006 1861; x_wconf 91' lang='lat' dir='ltr'><strong>erectis</strong></span> <span class='ocrx_word' id='word_1_253' title='bbox 2028 1797 2065 1862; x_wconf 91' lang='lat' dir='ltr'><strong>in</strong></span> <span class='ocrx_word' id='word_1_254' title='bbox 2087 1818 2221 1882; x_wconf 86' lang='lat' dir='ltr'><strong>magnas</strong></span> 
     </span>
     <span class='ocr_line' id='line_1_20' title="bbox 213 1876 2220 1968; baseline 0.002 -24"><span class='ocrx_word' id='word_1_255' title='bbox 213 1890 363 1963; x_wconf 89' lang='lat' dir='ltr'><strong>pastores</strong></span> <span class='ocrx_word' id='word_1_256' title='bbox 383 1901 404 1944; x_wconf 90' lang='lat' dir='ltr'><strong>a</strong></span> <span class='ocrx_word' id='word_1_257' title='bbox 425 1879 495 1944; x_wconf 91' lang='lat' dir='ltr'><strong>suis</strong></span> <span class='ocrx_word' id='word_1_258' title='bbox 517 1879 664 1945; x_wconf 90' lang='lat' dir='ltr'><strong>ecclesiis</strong></span> <span class='ocrx_word' id='word_1_259' title='bbox 680 1901 740 1962; x_wconf 88' lang='lat' dir='ltr'><strong>por</strong></span> <span class='ocrx_word' id='word_1_260' title='bbox 756 1880 824 1947; x_wconf 80' lang='lat' dir='ltr'><strong>vinr</strong></span> <span class='ocrx_word' id='word_1_261' title='bbox 842 1900 904 1945; x_wconf 91' lang='lat' dir='ltr'><strong>nec</strong></span> <span class='ocrx_word' id='word_1_262' title='bbox 922 1880 994 1944; x_wconf 90' lang='lat' dir='ltr'><strong>sine</strong></span> <span class='ocrx_word' id='word_1_263' title='bbox 1013 1876 1196 1962; x_wconf 86' lang='lat' dir='ltr'><strong>ignominia</strong></span> <span class='ocrx_word' id='word_1_264' title='bbox 1247 1896 1322 1956; x_wconf 86' lang='lat' dir='ltr'><strong>spes</strong></span> <span class='ocrx_word' id='word_1_265' title='bbox 1345 1877 1450 1960; x_wconf 87' lang='lat' dir='ltr'><strong>partis</strong></span> <span class='ocrx_word' id='word_1_266' title='bbox 1469 1883 1603 1942; x_wconf 88' lang='lat' dir='ltr'><strong>nostrae</strong></span> <span class='ocrx_word' id='word_1_267' title='bbox 1624 1878 1742 1944; x_wconf 89' lang='lat' dir='ltr'><strong>animia</strong></span> <span class='ocrx_word' id='word_1_268' title='bbox 1765 1878 1834 1943; x_wconf 81' lang='lat' dir='ltr'><strong>dixi</strong></span> <span class='ocrx_word' id='word_1_269' title='bbox 1852 1879 2028 1962; x_wconf 84' lang='lat' dir='ltr'><strong>aliquando</strong></span> <span class='ocrx_word' id='word_1_270' title='bbox 2044 1883 2186 1965; x_wconf 87' lang='lat' dir='ltr'><strong>publice,</strong></span> <span class='ocrx_word' id='word_1_271' title='bbox 2199 1885 2220 1968; x_wconf 88' lang='lat'><strong>¹)</strong></span> 
     </span>
     <span class='ocr_line' id='line_1_21' title="bbox 212 1960 2221 2050; baseline 0.003 -20"><span class='ocrx_word' id='word_1_272' title='bbox 212 1964 319 2050; x_wconf 87' lang='lat' dir='ltr'><strong>fugati</strong></span> <span class='ocrx_word' id='word_1_273' title='bbox 341 1965 376 2031; x_wconf 88' lang='lat' dir='ltr'><strong>in</strong></span> <span class='ocrx_word' id='word_1_274' title='bbox 398 1964 590 2049; x_wconf 88' lang='lat' dir='ltr'><strong>regionibns</strong></span> <span class='ocrx_word' id='word_1_275' title='bbox 612 1966 734 2049; x_wconf 88' lang='lat' dir='ltr'><strong>ignotis</strong></span> <span class='ocrx_word' id='word_1_276' title='bbox 756 1964 956 2030; x_wconf 82' lang='lat' dir='ltr'><strong>exsularent.</strong></span> <span class='ocrx_word' id='word_1_277' title='bbox 1000 1964 1050 2028; x_wconf 83' lang='lat' dir='ltr'><strong>Ac</strong></span> <span class='ocrx_word' id='word_1_278' title='bbox 1072 1982 1115 2026; x_wconf 91' lang='lat' dir='ltr'><strong>ne</strong></span> <span class='ocrx_word' id='word_1_279' title='bbox 1137 1983 1194 2026; x_wconf 85' lang='lat' dir='ltr'><strong>ex·</strong></span> <span class='ocrx_word' id='word_1_280' title='bbox 1246 1960 1323 2044; x_wconf 92' lang='lat' dir='ltr'><strong>plus</strong></span> <span class='ocrx_word' id='word_1_281' title='bbox 1344 1982 1364 2026; x_wconf 92' lang='lat' dir='ltr'><strong>a</strong></span> <span class='ocrx_word' id='word_1_282' title='bbox 1386 1970 1499 2028; x_wconf 89' lang='lat' dir='ltr'><strong>nostra</strong></span> <span class='ocrx_word' id='word_1_283' title='bbox 1525 1982 1624 2045; x_wconf 89' lang='lat' dir='ltr'><strong>quam</strong></span> <span class='ocrx_word' id='word_1_284' title='bbox 1650 1963 1796 2028; x_wconf 90' lang='lat' dir='ltr'><strong>hostium</strong></span> <span class='ocrx_word' id='word_1_285' title='bbox 1823 1965 1962 2031; x_wconf 87' lang='lat' dir='ltr'><strong>victoria</strong></span> <span class='ocrx_word' id='word_1_286' title='bbox 1983 1966 2078 2032; x_wconf 92' lang='lat' dir='ltr'><strong>nobis</strong></span> <span class='ocrx_word' id='word_1_287' title='bbox 2099 1970 2221 2036; x_wconf 84' lang='lat' dir='ltr'><strong>instare</strong></span> 
     </span>
     <span class='ocr_line' id='line_1_22' title="bbox 213 2047 2220 2134; baseline 0.003 -19"><span class='ocrx_word' id='word_1_288' title='bbox 213 2050 325 2116; x_wconf 91' lang='lat' dir='ltr'><strong>silium</strong></span> <span class='ocrx_word' id='word_1_289' title='bbox 355 2051 489 2134; x_wconf 88' lang='lat' dir='ltr'><strong>quidem</strong></span> <span class='ocrx_word' id='word_1_290' title='bbox 517 2051 584 2116; x_wconf 91' lang='lat' dir='ltr'><strong>illis</strong></span> <span class='ocrx_word' id='word_1_291' title='bbox 606 2051 806 2134; x_wconf 89' lang='lat' dir='ltr'><strong>permissum</strong></span> <span class='ocrx_word' id='word_1_292' title='bbox 834 2051 962 2127; x_wconf 74' lang='lat' dir='ltr'><strong>luisset,</strong></span> <span class='ocrx_word' id='word_1_293' title='bbox 991 2049 1057 2114; x_wconf 89' lang='lat' dir='ltr'><strong>nisi</strong></span> <span class='ocrx_word' id='word_1_294' title='bbox 1078 2047 1194 2113; x_wconf 88' lang='lat' dir='ltr'><strong>latuis-</strong></span> <span class='ocrx_word' id='word_1_295' title='bbox 1246 2047 1394 2129; x_wconf 88' lang='lat' dir='ltr'><strong>periculi.</strong></span> <span class='ocrx_word' id='word_1_296' title='bbox 1439 2048 1554 2131; x_wconf 87' lang='lat' dir='ltr'><strong>Neque</strong></span> <span class='ocrx_word' id='word_1_297' title='bbox 1587 2048 1675 2113; x_wconf 90' lang='lat' dir='ltr'><strong>enim</strong></span> <span class='ocrx_word' id='word_1_298' title='bbox 1708 2060 1778 2113; x_wconf 88' lang='lat' dir='ltr'><strong>tam</strong></span> <span class='ocrx_word' id='word_1_299' title='bbox 1810 2050 2003 2117; x_wconf 88' lang='lat' dir='ltr'><strong>metuendas</strong></span> <span class='ocrx_word' id='word_1_300' title='bbox 2035 2075 2109 2120; x_wconf 91' lang='lat' dir='ltr'><strong>esse</strong></span> <span class='ocrx_word' id='word_1_301' title='bbox 2141 2056 2220 2122; x_wconf 88' lang='lat' dir='ltr'><strong>ullas</strong></span> 
     </span>
     <span class='ocr_line' id='line_1_23' title="bbox 213 2133 2220 2222; baseline 0.002 -20"><span class='ocrx_word' id='word_1_302' title='bbox 213 2144 289 2202; x_wconf 92' lang='lat' dir='ltr'><strong>seut</strong></span> <span class='ocrx_word' id='word_1_303' title='bbox 310 2137 352 2202; x_wconf 91' lang='lat' dir='ltr'><strong>ab</strong></span> <span class='ocrx_word' id='word_1_304' title='bbox 374 2136 522 2202; x_wconf 92' lang='lat' dir='ltr'><strong>hostium</strong></span> <span class='ocrx_word' id='word_1_305' title='bbox 551 2136 738 2221; x_wconf 84' lang='lat' dir='ltr'><strong>tyrannide.</strong></span> <span class='ocrx_word' id='word_1_306' title='bbox 784 2134 881 2216; x_wconf 77' lang='lat' dir='ltr'><strong>Quod</strong></span> <span class='ocrx_word' id='word_1_307' title='bbox 903 2142 972 2199; x_wconf 85' lang='lat' dir='ltr'><strong>tam</strong></span> <span class='ocrx_word' id='word_1_308' title='bbox 996 2133 1098 2200; x_wconf 90' lang='lat' dir='ltr'><strong>atroci</strong></span> <span class='ocrx_word' id='word_1_309' title='bbox 1119 2154 1194 2216; x_wconf 90' lang='lat' dir='ltr'><strong>per·</strong></span> <span class='ocrx_word' id='word_1_310' title='bbox 1246 2133 1364 2213; x_wconf 86' lang='lat' dir='ltr'><strong>clades,</strong></span> <span class='ocrx_word' id='word_1_311' title='bbox 1387 2154 1486 2217; x_wconf 92' lang='lat' dir='ltr'><strong>quam</strong></span> <span class='ocrx_word' id='word_1_312' title='bbox 1504 2135 1602 2198; x_wconf 88' lang='lat' dir='ltr'><strong>nimis</strong></span> <span class='ocrx_word' id='word_1_313' title='bbox 1623 2135 1833 2218; x_wconf 89' lang='lat' dir='ltr'><strong>triumphale,</strong></span> <span class='ocrx_word' id='word_1_314' title='bbox 1855 2144 1894 2202; x_wconf 92' lang='lat' dir='ltr'><strong>ut</strong></span> <span class='ocrx_word' id='word_1_315' title='bbox 1910 2137 1957 2200; x_wconf 84' lang='lat' dir='ltr'><strong>ita</strong></span> <span class='ocrx_word' id='word_1_316' title='bbox 1976 2138 2102 2222; x_wconf 91' lang='lat' dir='ltr'><strong>loquar,</strong></span> <span class='ocrx_word' id='word_1_317' title='bbox 2125 2162 2220 2207; x_wconf 83' lang='lat' dir='ltr'><strong>evan·</strong></span> 
     </span>
     <span class='ocr_line' id='line_1_24' title="bbox 213 2217 2220 2305; baseline 0.003 -18"><span class='ocrx_word' id='word_1_318' title='bbox 213 2222 449 2304; x_wconf 84' lang='lat' dir='ltr'><strong>aequationum</strong></span> <span class='ocrx_word' id='word_1_319' title='bbox 472 2221 647 2287; x_wconf 85' lang='lat' dir='ltr'><strong>violentiae</strong></span> <span class='ocrx_word' id='word_1_320' title='bbox 669 2221 820 2305; x_wconf 87' lang='lat' dir='ltr'><strong>exposita</strong></span> <span class='ocrx_word' id='word_1_321' title='bbox 846 2241 943 2304; x_wconf 89' lang='lat' dir='ltr'><strong>saepe</strong></span> <span class='ocrx_word' id='word_1_322' title='bbox 965 2220 1028 2284; x_wconf 86' lang='lat' dir='ltr'><strong>fuit</strong></span> <span class='ocrx_word' id='word_1_323' title='bbox 1049 2218 1193 2295; x_wconf 88' lang='lat' dir='ltr'><strong>ecclesia,</strong></span> <span class='ocrx_word' id='word_1_324' title='bbox 1246 2219 1380 2302; x_wconf 89' lang='lat' dir='ltr'><strong>gelium,</strong></span> <span class='ocrx_word' id='word_1_325' title='bbox 1403 2217 1489 2302; x_wconf 88' lang='lat' dir='ltr'><strong>quod</strong></span> <span class='ocrx_word' id='word_1_326' title='bbox 1511 2240 1572 2285; x_wconf 90' lang='lat' dir='ltr'><strong>nos</strong></span> <span class='ocrx_word' id='word_1_327' title='bbox 1589 2219 1628 2283; x_wconf 84' lang='lat' dir='ltr'><strong>cd</strong></span> <span class='ocrx_word' id='word_1_328' title='bbox 1647 2220 1860 2286; x_wconf 86' lang='lat' dir='ltr'><strong>insolentium</strong></span> <span class='ocrx_word' id='word_1_329' title='bbox 1878 2223 2019 2288; x_wconf 84' lang='lat' dir='ltr'><strong>efferret.</strong></span> <span class='ocrx_word' id='word_1_330' title='bbox 2054 2226 2127 2293; x_wconf 90' lang='lat' dir='ltr'><strong>Neo</strong></span> <span class='ocrx_word' id='word_1_331' title='bbox 2148 2248 2220 2293; x_wconf 82' lang='lat' dir='ltr'><strong>vero</strong></span> 
     </span>
     <span class='ocr_line' id='line_1_25' title="bbox 212 2303 2220 2397; baseline 0.002 -26"><span class='ocrx_word' id='word_1_332' title='bbox 212 2304 301 2390; x_wconf 89' lang='lat' dir='ltr'><strong>quod</strong></span> <span class='ocrx_word' id='word_1_333' title='bbox 332 2307 403 2370; x_wconf 90' lang='lat' dir='ltr'><strong>fere</strong></span> <span class='ocrx_word' id='word_1_334' title='bbox 434 2314 601 2389; x_wconf 89' lang='lat' dir='ltr'><strong>prostrata</strong></span> <span class='ocrx_word' id='word_1_335' title='bbox 633 2307 694 2371; x_wconf 91' lang='lat' dir='ltr'><strong>sub</strong></span> <span class='ocrx_word' id='word_1_336' title='bbox 727 2306 872 2371; x_wconf 91' lang='lat' dir='ltr'><strong>hostium</strong></span> <span class='ocrx_word' id='word_1_337' title='bbox 906 2304 1044 2389; x_wconf 92' lang='lat' dir='ltr'><strong>pedibus</strong></span> <span class='ocrx_word' id='word_1_338' title='bbox 1081 2304 1194 2384; x_wconf 91' lang='lat' dir='ltr'><strong>iacuit,</strong></span> <span class='ocrx_word' id='word_1_339' title='bbox 1247 2326 1300 2370; x_wconf 92' lang='lat' dir='ltr'><strong>me</strong></span> <span class='ocrx_word' id='word_1_340' title='bbox 1327 2305 1423 2370; x_wconf 90' lang='lat' dir='ltr'><strong>istius</strong></span> <span class='ocrx_word' id='word_1_341' title='bbox 1452 2305 1543 2371; x_wconf 79' lang='lat' dir='ltr'><strong>vocis</strong></span> <span class='ocrx_word' id='word_1_342' title='bbox 1570 2303 1668 2371; x_wconf 92' lang='lat' dir='ltr'><strong>hodie</strong></span> <span class='ocrx_word' id='word_1_343' title='bbox 1696 2327 1823 2388; x_wconf 88' lang='lat' dir='ltr'><strong>qnoque</strong></span> <span class='ocrx_word' id='word_1_344' title='bbox 1849 2308 2004 2392; x_wconf 88' lang='lat' dir='ltr'><strong>poenitet.</strong></span> <span class='ocrx_word' id='word_1_345' title='bbox 2047 2311 2123 2378; x_wconf 89' lang='lat' dir='ltr'><strong>Nisi</strong></span> <span class='ocrx_word' id='word_1_346' title='bbox 2151 2334 2220 2397; x_wconf 84' lang='lat' dir='ltr'><strong>pre</strong></span> 
     </span>
     <span class='ocr_line' id='line_1_26' title="bbox 213 2388 2219 2479; baseline 0.004 -22"><span class='ocrx_word' id='word_1_347' title='bbox 213 2391 326 2475; x_wconf 88' lang='lat' dir='ltr'><strong>procul</strong></span> <span class='ocrx_word' id='word_1_348' title='bbox 356 2391 489 2474; x_wconf 89' lang='lat' dir='ltr'><strong>quidem</strong></span> <span class='ocrx_word' id='word_1_349' title='bbox 524 2390 587 2456; x_wconf 93' lang='lat' dir='ltr'><strong>hoc</strong></span> <span class='ocrx_word' id='word_1_350' title='bbox 611 2390 703 2456; x_wconf 89' lang='lat' dir='ltr'><strong>abest</strong></span> <span class='ocrx_word' id='word_1_351' title='bbox 730 2412 750 2455; x_wconf 89' lang='lat' dir='ltr'><strong>a</strong></span> <span class='ocrx_word' id='word_1_352' title='bbox 778 2391 885 2474; x_wconf 90' lang='lat' dir='ltr'><strong>speeie</strong></span> <span class='ocrx_word' id='word_1_353' title='bbox 913 2398 1064 2456; x_wconf 75' lang='lat' dir='ltr'><strong>terrama</strong></span> <span class='ocrx_word' id='word_1_354' title='bbox 1086 2388 1194 2474; x_wconf 89' lang='lat' dir='ltr'><strong>digni·</strong></span> <span class='ocrx_word' id='word_1_355' title='bbox 1245 2391 1341 2456; x_wconf 90' lang='lat' dir='ltr'><strong>fanae</strong></span> <span class='ocrx_word' id='word_1_356' title='bbox 1379 2390 1533 2455; x_wconf 89' lang='lat' dir='ltr'><strong>licentiae</strong></span> <span class='ocrx_word' id='word_1_357' title='bbox 1568 2391 1733 2457; x_wconf 91' lang='lat' dir='ltr'><strong>Dominus</strong></span> <span class='ocrx_word' id='word_1_358' title='bbox 1768 2392 1898 2459; x_wconf 86' lang='lat' dir='ltr'><strong>obviam</strong></span> <span class='ocrx_word' id='word_1_359' title='bbox 1932 2402 2062 2462; x_wconf 90' lang='lat' dir='ltr'><strong>mature</strong></span> <span class='ocrx_word' id='word_1_360' title='bbox 2098 2398 2219 2479; x_wconf 85' lang='lat' dir='ltr'><strong>ivisset,</strong></span> 
     </span>
     <span class='ocr_line' id='line_1_27' title="bbox 212 2475 2220 2565; baseline 0.004 -23"><span class='ocrx_word' id='word_1_361' title='bbox 212 2478 299 2542; x_wconf 89' lang='lat' dir='ltr'><strong>tatis.</strong></span> <span class='ocrx_word' id='word_1_362' title='bbox 346 2475 443 2558; x_wconf 83' lang='lat' dir='ltr'><strong>Quod</strong></span> <span class='ocrx_word' id='word_1_363' title='bbox 476 2483 586 2542; x_wconf 90' lang='lat' dir='ltr'><strong>autem</strong></span> <span class='ocrx_word' id='word_1_364' title='bbox 619 2478 759 2561; x_wconf 84' lang='lat' dir='ltr'><strong>exignus</strong></span> <span class='ocrx_word' id='word_1_365' title='bbox 791 2477 922 2559; x_wconf 91' lang='lat' dir='ltr'><strong>piorum</strong></span> <span class='ocrx_word' id='word_1_366' title='bbox 952 2496 1111 2541; x_wconf 91' lang='lat' dir='ltr'><strong>numerus</strong></span> <span class='ocrx_word' id='word_1_367' title='bbox 1143 2477 1194 2539; x_wconf 94' lang='lat' dir='ltr'><strong>in·</strong></span> <span class='ocrx_word' id='word_1_368' title='bbox 1245 2475 1380 2541; x_wconf 89' lang='lat' dir='ltr'><strong>morbus</strong></span> <span class='ocrx_word' id='word_1_369' title='bbox 1406 2475 1523 2542; x_wconf 79' lang='lat' dir='ltr'><strong>frnsset</strong></span> <span class='ocrx_word' id='word_1_370' title='bbox 1549 2478 1707 2559; x_wconf 90' lang='lat' dir='ltr'><strong>temporis</strong></span> <span class='ocrx_word' id='word_1_371' title='bbox 1736 2500 1888 2545; x_wconf 88' lang='lat' dir='ltr'><strong>successu</strong></span> <span class='ocrx_word' id='word_1_372' title='bbox 1916 2483 2156 2565; x_wconf 87' lang='lat' dir='ltr'><strong>propemodum</strong></span> <span class='ocrx_word' id='word_1_373' title='bbox 2174 2487 2220 2551; x_wconf 92' lang='lat' dir='ltr'><strong>in·</strong></span> 
     </span>
     <span class='ocr_line' id='line_1_28' title="bbox 212 2561 2220 2647; baseline 0.005 -19"><span class='ocrx_word' id='word_1_374' title='bbox 212 2564 301 2628; x_wconf 82' lang='lat' dir='ltr'><strong>vieta</strong></span> <span class='ocrx_word' id='word_1_375' title='bbox 322 2561 402 2627; x_wconf 90' lang='lat' dir='ltr'><strong>fidoi</strong></span> <span class='ocrx_word' id='word_1_376' title='bbox 422 2562 611 2627; x_wconf 89' lang='lat' dir='ltr'><strong>constantia</strong></span> <span class='ocrx_word' id='word_1_377' title='bbox 631 2568 743 2627; x_wconf 91' lang='lat' dir='ltr'><strong>tantos</strong></span> <span class='ocrx_word' id='word_1_378' title='bbox 761 2561 1051 2645; x_wconf 87' lang='lat' dir='ltr'><strong>persequutionum</strong></span> <span class='ocrx_word' id='word_1_379' title='bbox 1072 2561 1194 2626; x_wconf 84' lang='lat' dir='ltr'><strong>fluctus</strong></span> <span class='ocrx_word' id='word_1_380' title='bbox 1245 2561 1409 2627; x_wconf 89' lang='lat' dir='ltr'><strong>curabilis.</strong></span> <span class='ocrx_word' id='word_1_381' title='bbox 1445 2562 1549 2627; x_wconf 91' lang='lat' dir='ltr'><strong>Nulla</strong></span> <span class='ocrx_word' id='word_1_382' title='bbox 1566 2561 1732 2628; x_wconf 90' lang='lat' dir='ltr'><strong>doetrinae</strong></span> <span class='ocrx_word' id='word_1_383' title='bbox 1749 2565 1874 2647; x_wconf 90' lang='lat' dir='ltr'><strong>piisque</strong></span> <span class='ocrx_word' id='word_1_384' title='bbox 1891 2567 2128 2635; x_wconf 90' lang='lat' dir='ltr'><strong>monitionibus</strong></span> <span class='ocrx_word' id='word_1_385' title='bbox 2145 2571 2220 2637; x_wconf 84' lang='lat' dir='ltr'><strong>fuis·</strong></span> 
     </span>
     <span class='ocr_line' id='line_1_29' title="bbox 213 2646 2220 2736; baseline 0.002 -24"><span class='ocrx_word' id='word_1_386' title='bbox 213 2647 398 2732; x_wconf 86' lang='lat' dir='ltr'><strong>superavit,</strong></span> <span class='ocrx_word' id='word_1_387' title='bbox 421 2646 507 2730; x_wconf 94' lang='lat' dir='ltr'><strong>quod</strong></span> <span class='ocrx_word' id='word_1_388' title='bbox 530 2654 698 2735; x_wconf 81' lang='lat' dir='ltr'><strong>superstes</strong></span> <span class='ocrx_word' id='word_1_389' title='bbox 717 2646 868 2712; x_wconf 90' lang='lat' dir='ltr'><strong>omnibus</strong></span> <span class='ocrx_word' id='word_1_390' title='bbox 888 2647 1042 2731; x_wconf 83' lang='lat' dir='ltr'><strong>tyrannis</strong></span> <span class='ocrx_word' id='word_1_391' title='bbox 1060 2666 1098 2711; x_wconf 92' lang='lat' dir='ltr'><strong>ac</strong></span> <span class='ocrx_word' id='word_1_392' title='bbox 1114 2646 1194 2711; x_wconf 89' lang='lat' dir='ltr'><strong>hae·</strong></span> <span class='ocrx_word' id='word_1_393' title='bbox 1246 2657 1296 2713; x_wconf 90' lang='lat' dir='ltr'><strong>set</strong></span> <span class='ocrx_word' id='word_1_394' title='bbox 1321 2648 1490 2731; x_wconf 64' lang='lat' dir='ltr'><strong>euterius.</strong></span> <span class='ocrx_word' id='word_1_395' title='bbox 1535 2646 1736 2713; x_wconf 78' lang='lat' dir='ltr'><strong>Medicorum</strong></span> <span class='ocrx_word' id='word_1_396' title='bbox 1766 2650 1971 2733; x_wconf 85' lang='lat' dir='ltr'><strong>disciplinam</strong></span> <span class='ocrx_word' id='word_1_397' title='bbox 1998 2654 2057 2736; x_wconf 90' lang='lat' dir='ltr'><strong>qui</strong></span> <span class='ocrx_word' id='word_1_398' title='bbox 2075 2656 2220 2723; x_wconf 87' lang='lat' dir='ltr'><strong>nondum</strong></span> 
     </span>
     <span class='ocr_line' id='line_1_30' title="bbox 212 2730 2219 2818; baseline 0.005 -20"><span class='ocrx_word' id='word_1_399' title='bbox 212 2734 325 2800; x_wconf 88' lang='lat' dir='ltr'><strong>rctiois</strong></span> <span class='ocrx_word' id='word_1_400' title='bbox 348 2733 413 2798; x_wconf 88' lang='lat' dir='ltr'><strong>fuit</strong></span> <span class='ocrx_word' id='word_1_401' title='bbox 432 2733 585 2812; x_wconf 87' lang='lat' dir='ltr'><strong>ecclesia,</strong></span> <span class='ocrx_word' id='word_1_402' title='bbox 609 2754 693 2817; x_wconf 91' lang='lat' dir='ltr'><strong>quae</strong></span> <span class='ocrx_word' id='word_1_403' title='bbox 714 2753 829 2798; x_wconf 82' lang='lat' dir='ltr'><strong>veram</strong></span> <span class='ocrx_word' id='word_1_404' title='bbox 851 2731 928 2797; x_wconf 91' lang='lat' dir='ltr'><strong>fidei</strong></span> <span class='ocrx_word' id='word_1_405' title='bbox 948 2731 1130 2797; x_wconf 88' lang='lat' dir='ltr'><strong>doctrinam</strong></span> <span class='ocrx_word' id='word_1_406' title='bbox 1153 2730 1195 2796; x_wconf 87' lang='lat' dir='ltr'><strong>ad</strong></span> <span class='ocrx_word' id='word_1_407' title='bbox 1245 2732 1420 2798; x_wconf 86' lang='lat' dir='ltr'><strong>admittere</strong></span> <span class='ocrx_word' id='word_1_408' title='bbox 1447 2734 1687 2814; x_wconf 86' lang='lat' dir='ltr'><strong>sustinuerant,</strong></span> <span class='ocrx_word' id='word_1_409' title='bbox 1709 2735 1822 2818; x_wconf 87' lang='lat' dir='ltr'><strong>iugum</strong></span> <span class='ocrx_word' id='word_1_410' title='bbox 1845 2757 1956 2816; x_wconf 91' lang='lat' dir='ltr'><strong>omne,</strong></span> <span class='ocrx_word' id='word_1_411' title='bbox 1979 2760 2047 2803; x_wconf 91' lang='lat' dir='ltr'><strong>non</strong></span> <span class='ocrx_word' id='word_1_412' title='bbox 2069 2762 2166 2808; x_wconf 90' lang='lat' dir='ltr'><strong>secus</strong></span> <span class='ocrx_word' id='word_1_413' title='bbox 2186 2763 2219 2807; x_wconf 90' lang='lat' dir='ltr'><strong>ac</strong></span> 
     </span>
     <span class='ocr_line' id='line_1_31' title="bbox 211 2817 2221 2906; baseline 0.005 -23"><span class='ocrx_word' id='word_1_414' title='bbox 211 2828 362 2903; x_wconf 90' lang='lat' dir='ltr'><strong>posteros</strong></span> <span class='ocrx_word' id='word_1_415' title='bbox 384 2819 634 2896; x_wconf 88' lang='lat' dir='ltr'><strong>transmitteret,</strong></span> <span class='ocrx_word' id='word_1_416' title='bbox 658 2819 720 2883; x_wconf 91' lang='lat' dir='ltr'><strong>hoe</strong></span> <span class='ocrx_word' id='word_1_417' title='bbox 742 2839 822 2884; x_wconf 85' lang='lat' dir='ltr'><strong>vero</strong></span> <span class='ocrx_word' id='word_1_418' title='bbox 844 2825 895 2883; x_wconf 93' lang='lat' dir='ltr'><strong>est</strong></span> <span class='ocrx_word' id='word_1_419' title='bbox 915 2817 1120 2884; x_wconf 87' lang='lat' dir='ltr'><strong>luculentum</strong></span> <span class='ocrx_word' id='word_1_420' title='bbox 1144 2817 1193 2881; x_wconf 93' lang='lat' dir='ltr'><strong>di·</strong></span> <span class='ocrx_word' id='word_1_421' title='bbox 1244 2818 1424 2884; x_wconf 88' lang='lat' dir='ltr'><strong>indomitae</strong></span> <span class='ocrx_word' id='word_1_422' title='bbox 1441 2818 1579 2897; x_wconf 89' lang='lat' dir='ltr'><strong>belluac,</strong></span> <span class='ocrx_word' id='word_1_423' title='bbox 1603 2819 1745 2885; x_wconf 89' lang='lat' dir='ltr'><strong>violento</strong></span> <span class='ocrx_word' id='word_1_424' title='bbox 1763 2821 1889 2904; x_wconf 90' lang='lat' dir='ltr'><strong>impetn</strong></span> <span class='ocrx_word' id='word_1_425' title='bbox 1906 2825 2082 2906; x_wconf 85' lang='lat' dir='ltr'><strong>rupissent.</strong></span> <span class='ocrx_word' id='word_1_426' title='bbox 2119 2828 2221 2894; x_wconf 77' lang='lat' dir='ltr'><strong>Tanta</strong></span> 
     </span>
     <span class='ocr_line' id='line_1_32' title="bbox 211 2902 2219 2997; baseline 0.006 -29"><span class='ocrx_word' id='word_1_427' title='bbox 211 2905 311 2970; x_wconf 82' lang='lat' dir='ltr'><strong>vinae</strong></span> <span class='ocrx_word' id='word_1_428' title='bbox 323 2904 704 2983; x_wconf 86' lang='lat' dir='ltr'><strong>virtutistestimonium,</strong></span> <span class='ocrx_word' id='word_1_429' title='bbox 723 2903 811 2987; x_wconf 90' lang='lat' dir='ltr'><strong>quod</strong></span> <span class='ocrx_word' id='word_1_430' title='bbox 829 2923 931 2986; x_wconf 86' lang='lat' dir='ltr'><strong>supra</strong></span> <span class='ocrx_word' id='word_1_431' title='bbox 947 2923 1061 2968; x_wconf 91' lang='lat' dir='ltr'><strong>omues</strong></span> <span class='ocrx_word' id='word_1_432' title='bbox 1078 2902 1194 2968; x_wconf 89' lang='lat' dir='ltr'><strong>mundi</strong></span> <span class='ocrx_word' id='word_1_433' title='bbox 1244 2903 1399 2970; x_wconf 86' lang='lat' dir='ltr'><strong>infamiae</strong></span> <span class='ocrx_word' id='word_1_434' title='bbox 1426 2905 1557 2971; x_wconf 85' lang='lat' dir='ltr'><strong>macula</strong></span> <span class='ocrx_word' id='word_1_435' title='bbox 1584 2903 1626 2969; x_wconf 88' lang='lat' dir='ltr'><strong>ab</strong></span> <span class='ocrx_word' id='word_1_436' title='bbox 1653 2907 1823 2990; x_wconf 83' lang='lat' dir='ltr'><strong>evangelio</strong></span> <span class='ocrx_word' id='word_1_437' title='bbox 1851 2909 1995 2993; x_wconf 85' lang='lat' dir='ltr'><strong>abstergi</strong></span> <span class='ocrx_word' id='word_1_438' title='bbox 2016 2930 2086 2977; x_wconf 92' lang='lat' dir='ltr'><strong>non</strong></span> <span class='ocrx_word' id='word_1_439' title='bbox 2106 2912 2219 2997; x_wconf 80' lang='lat' dir='ltr'><strong>potuit,</strong></span> 
     </span>
     <span class='ocr_line' id='line_1_33' title="bbox 211 2988 2218 3078; baseline 0.004 -24"><span class='ocrx_word' id='word_1_440' title='bbox 211 2990 334 3075; x_wconf 88' lang='lat' dir='ltr'><strong>glorias</strong></span> <span class='ocrx_word' id='word_1_441' title='bbox 368 2994 444 3069; x_wconf 79' lang='lat' dir='ltr'><strong>[pag.</strong></span> <span class='ocrx_word' id='word_1_442' title='bbox 467 2995 520 3066; x_wconf 79' lang='lat'><strong>42]</strong></span> <span class='ocrx_word' id='word_1_443' title='bbox 556 2989 655 3074; x_wconf 91' lang='lat' dir='ltr'><strong>longe</strong></span> <span class='ocrx_word' id='word_1_444' title='bbox 687 2988 827 3054; x_wconf 84' lang='lat' dir='ltr'><strong>excellit.</strong></span> <span class='ocrx_word' id='word_1_445' title='bbox 878 2989 933 3053; x_wconf 89' lang='lat' dir='ltr'><strong>Ita</strong></span> <span class='ocrx_word' id='word_1_446' title='bbox 962 2989 999 3053; x_wconf 91' lang='lat' dir='ltr'><strong>in</strong></span> <span class='ocrx_word' id='word_1_447' title='bbox 1027 2990 1194 3072; x_wconf 88' lang='lat' dir='ltr'><strong>praesenti</strong></span> <span class='ocrx_word' id='word_1_448' title='bbox 1245 3011 1345 3074; x_wconf 89' lang='lat' dir='ltr'><strong>quam</strong></span> <span class='ocrx_word' id='word_1_449' title='bbox 1372 2991 1401 3056; x_wconf 89' lang='lat' dir='ltr'><strong>si</strong></span> <span class='ocrx_word' id='word_1_450' title='bbox 1429 2990 1471 3055; x_wconf 92' lang='lat' dir='ltr'><strong>ad</strong></span> <span class='ocrx_word' id='word_1_451' title='bbox 1498 2990 1694 3056; x_wconf 90' lang='lat' dir='ltr'><strong>modestiam</strong></span> <span class='ocrx_word' id='word_1_452' title='bbox 1719 2994 1752 3057; x_wconf 87' lang='lat' dir='ltr'><strong>vi</strong></span> <span class='ocrx_word' id='word_1_453' title='bbox 1774 3001 1807 3056; x_wconf 88' lang='lat' dir='ltr'><strong>et</strong></span> <span class='ocrx_word' id='word_1_454' title='bbox 1829 2994 1926 3059; x_wconf 89' lang='lat' dir='ltr'><strong>malis</strong></span> <span class='ocrx_word' id='word_1_455' title='bbox 1945 2996 2050 3062; x_wconf 90' lang='lat' dir='ltr'><strong>coacti</strong></span> <span class='ocrx_word' id='word_1_456' title='bbox 2072 2998 2218 3078; x_wconf 78' lang='lat' dir='ltr'><strong>fluissent,</strong></span> 
     </span>
     <span class='ocr_line' id='line_1_34' title="bbox 211 3073 2219 3159; baseline 0.005 -18"><span class='ocrx_word' id='word_1_457' title='bbox 211 3074 367 3141; x_wconf 88' lang='lat' dir='ltr'><strong>eeclesiae</strong></span> <span class='ocrx_word' id='word_1_458' title='bbox 400 3074 588 3140; x_wconf 88' lang='lat' dir='ltr'><strong>calamitate</strong></span> <span class='ocrx_word' id='word_1_459' title='bbox 620 3074 712 3140; x_wconf 89' lang='lat' dir='ltr'><strong>nulla</strong></span> <span class='ocrx_word' id='word_1_460' title='bbox 744 3073 887 3158; x_wconf 85' lang='lat' dir='ltr'><strong>refulget</strong></span> <span class='ocrx_word' id='word_1_461' title='bbox 919 3074 1078 3157; x_wconf 86' lang='lat' dir='ltr'><strong>dignitas,</strong></span> <span class='ocrx_word' id='word_1_462' title='bbox 1111 3094 1194 3156; x_wconf 88' lang='lat' dir='ltr'><strong>quae</strong></span> <span class='ocrx_word' id='word_1_463' title='bbox 1245 3077 1300 3158; x_wconf 91' lang='lat' dir='ltr'><strong>qui</strong></span> <span class='ocrx_word' id='word_1_464' title='bbox 1328 3097 1402 3141; x_wconf 87' lang='lat' dir='ltr'><strong>eam</strong></span> <span class='ocrx_word' id='word_1_465' title='bbox 1429 3090 1545 3159; x_wconf 88' lang='lat' dir='ltr'><strong>sponte</strong></span> <span class='ocrx_word' id='word_1_466' title='bbox 1572 3076 1731 3143; x_wconf 86' lang='lat' dir='ltr'><strong>haetenus</strong></span> <span class='ocrx_word' id='word_1_467' title='bbox 1760 3077 1884 3144; x_wconf 89' lang='lat' dir='ltr'><strong>discere</strong></span> <span class='ocrx_word' id='word_1_468' title='bbox 1905 3079 2091 3148; x_wconf 89' lang='lat' dir='ltr'><strong>noluerant.</strong></span> <span class='ocrx_word' id='word_1_469' title='bbox 2135 3085 2219 3151; x_wconf 90' lang='lat' dir='ltr'><strong>Rur-</strong></span> 
     </span>
     <span class='ocr_line' id='line_1_35' title="bbox 210 3159 2220 3256; baseline 0.005 -29"><span class='ocrx_word' id='word_1_470' title='bbox 210 3160 351 3227; x_wconf 87' lang='lat' dir='ltr'><strong>eoeleste</strong></span> <span class='ocrx_word' id='word_1_471' title='bbox 373 3159 438 3226; x_wconf 89' lang='lat' dir='ltr'><strong>Dei</strong></span> <span class='ocrx_word' id='word_1_472' title='bbox 466 3180 608 3245; x_wconf 85' lang='lat' dir='ltr'><strong>rognum</strong></span> <span class='ocrx_word' id='word_1_473' title='bbox 635 3159 808 3225; x_wconf 91' lang='lat' dir='ltr'><strong>hominum</strong></span> <span class='ocrx_word' id='word_1_474' title='bbox 835 3159 937 3225; x_wconf 92' lang='lat' dir='ltr'><strong>oeulis</strong></span> <span class='ocrx_word' id='word_1_475' title='bbox 960 3167 1191 3243; x_wconf 86' lang='lat' dir='ltr'><strong>repraesentet.</strong></span> <span class='ocrx_word' id='word_1_476' title='bbox 1245 3182 1321 3226; x_wconf 93' lang='lat' dir='ltr'><strong>sum</strong></span> <span class='ocrx_word' id='word_1_477' title='bbox 1343 3162 1406 3228; x_wconf 90' lang='lat' dir='ltr'><strong>hoo</strong></span> <span class='ocrx_word' id='word_1_478' title='bbox 1428 3162 1589 3233; x_wconf 82' lang='lat' dir='ltr'><strong>examine.</strong></span> <span class='ocrx_word' id='word_1_479' title='bbox 1613 3163 1701 3245; x_wconf 93' lang='lat' dir='ltr'><strong>quali</strong></span> <span class='ocrx_word' id='word_1_480' title='bbox 1724 3165 1861 3247; x_wconf 91' lang='lat' dir='ltr'><strong>quisque</strong></span> <span class='ocrx_word' id='word_1_481' title='bbox 1883 3173 1971 3232; x_wconf 91' lang='lat' dir='ltr'><strong>esset</strong></span> <span class='ocrx_word' id='word_1_482' title='bbox 1987 3168 2110 3251; x_wconf 91' lang='lat' dir='ltr'><strong>animo,</strong></span> <span class='ocrx_word' id='word_1_483' title='bbox 2132 3182 2220 3256; x_wconf 89' lang='lat' dir='ltr'><strong>pate·</strong></span> 
     </span>
     <span class='ocr_line' id='line_1_36' title="bbox 209 3244 2220 3338; baseline 0.006 -26"><span class='ocrx_word' id='word_1_484' title='bbox 209 3246 297 3312; x_wconf 84' lang='lat' dir='ltr'><strong>Nam</strong></span> <span class='ocrx_word' id='word_1_485' title='bbox 321 3267 360 3311; x_wconf 91' lang='lat' dir='ltr'><strong>ea</strong></span> <span class='ocrx_word' id='word_1_486' title='bbox 382 3266 517 3329; x_wconf 84' lang='lat' dir='ltr'><strong>opressa</strong></span> <span class='ocrx_word' id='word_1_487' title='bbox 538 3246 660 3311; x_wconf 90' lang='lat' dir='ltr'><strong>summi</strong></span> <span class='ocrx_word' id='word_1_488' title='bbox 678 3245 791 3311; x_wconf 88' lang='lat' dir='ltr'><strong>hostes</strong></span> <span class='ocrx_word' id='word_1_489' title='bbox 809 3247 834 3329; x_wconf 92' lang='lat'><strong>¹)</strong></span> <span class='ocrx_word' id='word_1_490' title='bbox 855 3245 961 3328; x_wconf 89' lang='lat' dir='ltr'><strong>ipsius</strong></span> <span class='ocrx_word' id='word_1_491' title='bbox 983 3244 1079 3310; x_wconf 87' lang='lat' dir='ltr'><strong>titulo</strong></span> <span class='ocrx_word' id='word_1_492' title='bbox 1100 3247 1194 3328; x_wconf 89' lang='lat' dir='ltr'><strong>quasi</strong></span> <span class='ocrx_word' id='word_1_493' title='bbox 1244 3247 1322 3313; x_wconf 87' lang='lat' dir='ltr'><strong>fecit</strong></span> <span class='ocrx_word' id='word_1_494' title='bbox 1349 3247 1520 3314; x_wconf 90' lang='lat' dir='ltr'><strong>Dominus.</strong></span> <span class='ocrx_word' id='word_1_495' title='bbox 1572 3248 1750 3331; x_wconf 86' lang='lat' dir='ltr'><strong>Magnifice</strong></span> <span class='ocrx_word' id='word_1_496' title='bbox 1778 3270 1892 3316; x_wconf 91' lang='lat' dir='ltr'><strong>omnes</strong></span> <span class='ocrx_word' id='word_1_497' title='bbox 1920 3253 2135 3338; x_wconf 87' lang='lat' dir='ltr'><strong>evangelium</strong></span> <span class='ocrx_word' id='word_1_498' title='bbox 2164 3259 2220 3324; x_wconf 91' lang='lat' dir='ltr'><strong>sub</strong></span> 
     </span>
     <span class='ocr_line' id='line_1_37' title="bbox 211 3329 2224 3416; baseline 0.005 -20"><span class='ocrx_word' id='word_1_499' title='bbox 211 3332 325 3416; x_wconf 89' lang='lat' dir='ltr'><strong>spoliis</strong></span> <span class='ocrx_word' id='word_1_500' title='bbox 359 3333 468 3397; x_wconf 91' lang='lat' dir='ltr'><strong>ornati</strong></span> <span class='ocrx_word' id='word_1_501' title='bbox 495 3351 562 3396; x_wconf 90' lang='lat' dir='ltr'><strong>non</strong></span> <span class='ocrx_word' id='word_1_502' title='bbox 588 3333 701 3396; x_wconf 89' lang='lat' dir='ltr'><strong>miuus</strong></span> <span class='ocrx_word' id='word_1_503' title='bbox 729 3329 905 3396; x_wconf 88' lang='lat' dir='ltr'><strong>crudeliter</strong></span> <span class='ocrx_word' id='word_1_504' title='bbox 932 3351 1031 3412; x_wconf 87' lang='lat' dir='ltr'><strong>qnam</strong></span> <span class='ocrx_word' id='word_1_505' title='bbox 1053 3331 1194 3414; x_wconf 90' lang='lat' dir='ltr'><strong>superbe</strong></span> <span class='ocrx_word' id='word_1_506' title='bbox 1244 3333 1405 3416; x_wconf 79' lang='lat' dir='ltr'><strong>umbra2)</strong></span> <span class='ocrx_word' id='word_1_507' title='bbox 1423 3332 1597 3399; x_wconf 85' lang='lat' dir='ltr'><strong>iactabant.</strong></span> <span class='ocrx_word' id='word_1_508' title='bbox 1634 3334 1765 3400; x_wconf 85' lang='lat' dir='ltr'><strong>Primae</strong></span> <span class='ocrx_word' id='word_1_509' title='bbox 1783 3337 1817 3400; x_wconf 94' lang='lat' dir='ltr'><strong>in</strong></span> <span class='ocrx_word' id='word_1_510' title='bbox 1835 3337 1951 3403; x_wconf 89' lang='lat' dir='ltr'><strong>multis</strong></span> <span class='ocrx_word' id='word_1_511' title='bbox 1968 3338 2049 3406; x_wconf 92' lang='lat' dir='ltr'><strong>loeis</strong></span> <span class='ocrx_word' id='word_1_512' title='bbox 2065 3344 2224 3410; x_wconf 87' lang='lat' dir='ltr'><strong>tenebant</strong></span> 
     </span>
     <span class='ocr_line' id='line_1_38' title="bbox 211 3415 2224 3511; baseline 0.005 -28"><span class='ocrx_word' id='word_1_513' title='bbox 211 3438 283 3483; x_wconf 92' lang='lat' dir='ltr'><strong>eam</strong></span> <span class='ocrx_word' id='word_1_514' title='bbox 312 3417 515 3483; x_wconf 89' lang='lat' dir='ltr'><strong>conculeant.</strong></span> <span class='ocrx_word' id='word_1_515' title='bbox 561 3416 599 3482; x_wconf 84' lang='lat' dir='ltr'><strong>Si</strong></span> <span class='ocrx_word' id='word_1_516' title='bbox 622 3417 696 3500; x_wconf 89' lang='lat' dir='ltr'><strong>quis</strong></span> <span class='ocrx_word' id='word_1_517' title='bbox 718 3437 831 3481; x_wconf 89' lang='lat' dir='ltr'><strong>eorum</strong></span> <span class='ocrx_word' id='word_1_518' title='bbox 859 3416 1019 3499; x_wconf 89' lang='lat' dir='ltr'><strong>impietati</strong></span> <span class='ocrx_word' id='word_1_519' title='bbox 1041 3415 1095 3481; x_wconf 87' lang='lat' dir='ltr'><strong>vel</strong></span> <span class='ocrx_word' id='word_1_520' title='bbox 1116 3423 1192 3481; x_wconf 87' lang='lat' dir='ltr'><strong>tan·</strong></span> <span class='ocrx_word' id='word_1_521' title='bbox 1244 3418 1395 3484; x_wconf 88' lang='lat' dir='ltr'><strong>scelerati</strong></span> <span class='ocrx_word' id='word_1_522' title='bbox 1422 3418 1623 3504; x_wconf 82' lang='lat' dir='ltr'><strong>hypocritae.</strong></span> <span class='ocrx_word' id='word_1_523' title='bbox 1673 3421 1756 3486; x_wconf 93' lang='lat' dir='ltr'><strong>Post</strong></span> <span class='ocrx_word' id='word_1_524' title='bbox 1783 3421 1909 3488; x_wconf 88' lang='lat' dir='ltr'><strong>cladem</strong></span> <span class='ocrx_word' id='word_1_525' title='bbox 1938 3444 2016 3489; x_wconf 87' lang='lat' dir='ltr'><strong>vero</strong></span> <span class='ocrx_word' id='word_1_526' title='bbox 2043 3438 2224 3511; x_wconf 88' lang='lat' dir='ltr'><strong>acceptam,</strong></span> 
     </span>
     <span class='ocr_line' id='line_1_39' title="bbox 212 3500 2230 3595; baseline 0.007 -30"><span class='ocrx_word' id='word_1_527' title='bbox 212 3502 322 3566; x_wconf 89' lang='lat' dir='ltr'><strong>tillnm</strong></span> <span class='ocrx_word' id='word_1_528' title='bbox 357 3503 446 3566; x_wconf 90' lang='lat' dir='ltr'><strong>ausit</strong></span> <span class='ocrx_word' id='word_1_529' title='bbox 475 3501 650 3580; x_wconf 91' lang='lat' dir='ltr'><strong>obsistere,</strong></span> <span class='ocrx_word' id='word_1_530' title='bbox 691 3500 825 3585; x_wconf 84' lang='lat' dir='ltr'><strong>gladiis,</strong></span> <span class='ocrx_word' id='word_1_531' title='bbox 864 3500 997 3585; x_wconf 89' lang='lat' dir='ltr'><strong>ignibus</strong></span> <span class='ocrx_word' id='word_1_532' title='bbox 1029 3521 1066 3567; x_wconf 89' lang='lat' dir='ltr'><strong>ao</strong></span> <span class='ocrx_word' id='word_1_533' title='bbox 1095 3523 1192 3566; x_wconf 92' lang='lat' dir='ltr'><strong>omne</strong></span> <span class='ocrx_word' id='word_1_534' title='bbox 1245 3503 1378 3586; x_wconf 91' lang='lat' dir='ltr'><strong>quidam</strong></span> <span class='ocrx_word' id='word_1_535' title='bbox 1393 3506 1506 3589; x_wconf 86' lang='lat' dir='ltr'><strong>magni</strong></span> <span class='ocrx_word' id='word_1_536' title='bbox 1521 3504 1664 3570; x_wconf 92' lang='lat' dir='ltr'><strong>nominis</strong></span> <span class='ocrx_word' id='word_1_537' title='bbox 1680 3507 1848 3591; x_wconf 89' lang='lat' dir='ltr'><strong>principes</strong></span> <span class='ocrx_word' id='word_1_538' title='bbox 1860 3508 2011 3591; x_wconf 89' lang='lat' dir='ltr'><strong>protinus</strong></span> <span class='ocrx_word' id='word_1_539' title='bbox 2030 3516 2230 3595; x_wconf 82' lang='lat' dir='ltr'><strong>exanimati,</strong></span> 
     </span>
     <span class='ocr_line' id='line_1_40' title="bbox 212 3586 2227 3683; baseline 0.005 -31"><span class='ocrx_word' id='word_1_540' title='bbox 212 3608 318 3671; x_wconf 88' lang='lat' dir='ltr'><strong>genus</strong></span> <span class='ocrx_word' id='word_1_541' title='bbox 352 3588 524 3652; x_wconf 85' lang='lat' dir='ltr'><strong>tormentis</strong></span> <span class='ocrx_word' id='word_1_542' title='bbox 555 3586 795 3665; x_wconf 89' lang='lat' dir='ltr'><strong>formidabiles,</strong></span> <span class='ocrx_word' id='word_1_543' title='bbox 836 3607 934 3652; x_wconf 88' lang='lat' dir='ltr'><strong>verae</strong></span> <span class='ocrx_word' id='word_1_544' title='bbox 969 3587 1125 3653; x_wconf 85' lang='lat' dir='ltr'><strong>eeclesiae</strong></span> <span class='ocrx_word' id='word_1_545' title='bbox 1155 3589 1191 3652; x_wconf 93' lang='lat' dir='ltr'><strong>in</strong></span> <span class='ocrx_word' id='word_1_546' title='bbox 1244 3588 1369 3655; x_wconf 87' lang='lat' dir='ltr'><strong>nobiles</strong></span> <span class='ocrx_word' id='word_1_547' title='bbox 1381 3590 1584 3673; x_wconf 90' lang='lat' dir='ltr'><strong>respublicae</strong></span> <span class='ocrx_word' id='word_1_548' title='bbox 1596 3600 1687 3655; x_wconf 88' lang='lat' dir='ltr'><strong>metu</strong></span> <span class='ocrx_word' id='word_1_549' title='bbox 1705 3593 1815 3658; x_wconf 91' lang='lat' dir='ltr'><strong>neseio</strong></span> <span class='ocrx_word' id='word_1_550' title='bbox 1836 3615 1900 3677; x_wconf 92' lang='lat' dir='ltr'><strong>quo</strong></span> <span class='ocrx_word' id='word_1_551' title='bbox 1918 3598 2087 3676; x_wconf 85' lang='lat' dir='ltr'><strong>attonitae,</strong></span> <span class='ocrx_word' id='word_1_552' title='bbox 2107 3609 2227 3683; x_wconf 83' lang='lat' dir='ltr'><strong>sponte</strong></span> 
     </span>
     <span class='ocr_line' id='line_1_41' title="bbox 210 3670 2226 3762; baseline 0.008 -25"><span class='ocrx_word' id='word_1_553' title='bbox 210 3673 311 3737; x_wconf 88' lang='lat' dir='ltr'><strong>torris</strong></span> <span class='ocrx_word' id='word_1_554' title='bbox 338 3671 448 3738; x_wconf 91' lang='lat' dir='ltr'><strong>locum</strong></span> <span class='ocrx_word' id='word_1_555' title='bbox 476 3673 532 3737; x_wconf 83' lang='lat' dir='ltr'><strong>vix</strong></span> <span class='ocrx_word' id='word_1_556' title='bbox 562 3672 762 3754; x_wconf 87' lang='lat' dir='ltr'><strong>relinquunt.</strong></span> <span class='ocrx_word' id='word_1_557' title='bbox 806 3670 903 3752; x_wconf 77' lang='lat' dir='ltr'><strong>Quod</strong></span> <span class='ocrx_word' id='word_1_558' title='bbox 927 3673 956 3737; x_wconf 91' lang='lat' dir='ltr'><strong>si</strong></span> <span class='ocrx_word' id='word_1_559' title='bbox 977 3672 1103 3755; x_wconf 89' lang='lat' dir='ltr'><strong>aliquos</strong></span> <span class='ocrx_word' id='word_1_560' title='bbox 1128 3674 1191 3738; x_wconf 90' lang='lat' dir='ltr'><strong>sibi</strong></span> <span class='ocrx_word' id='word_1_561' title='bbox 1244 3674 1465 3740; x_wconf 88' lang='lat' dir='ltr'><strong>conciderunt.</strong></span> <span class='ocrx_word' id='word_1_562' title='bbox 1480 3676 1509 3759; x_wconf 80' lang='lat'><strong>³)</strong></span> <span class='ocrx_word' id='word_1_563' title='bbox 1552 3675 1618 3742; x_wconf 92' lang='lat' dir='ltr'><strong>Hic</strong></span> <span class='ocrx_word' id='word_1_564' title='bbox 1637 3697 1672 3742; x_wconf 90' lang='lat' dir='ltr'><strong>sc</strong></span> <span class='ocrx_word' id='word_1_565' title='bbox 1694 3678 1769 3761; x_wconf 91' lang='lat' dir='ltr'><strong>plus</strong></span> <span class='ocrx_word' id='word_1_566' title='bbox 1786 3700 1885 3762; x_wconf 88' lang='lat' dir='ltr'><strong>quam</strong></span> <span class='ocrx_word' id='word_1_567' title='bbox 1903 3682 2096 3749; x_wconf 87' lang='lat' dir='ltr'><strong>effeminata</strong></span> <span class='ocrx_word' id='word_1_568' title='bbox 2114 3687 2226 3753; x_wconf 91' lang='lat' dir='ltr'><strong>molli·</strong></span> 
     </span>
     <span class='ocr_line' id='line_1_42' title="bbox 212 3757 2228 3857; baseline 0.005 -34"><span class='ocrx_word' id='word_1_569' title='bbox 212 3781 252 3823; x_wconf 85' lang='lat' dir='ltr'><strong>an</strong></span> <span class='ocrx_word' id='word_1_570' title='bbox 302 3757 351 3823; x_wconf 91' lang='lat' dir='ltr'><strong>los</strong></span> <span class='ocrx_word' id='word_1_571' title='bbox 373 3757 538 3836; x_wconf 90' lang='lat' dir='ltr'><strong>inveniat,</strong></span> <span class='ocrx_word' id='word_1_572' title='bbox 569 3778 660 3823; x_wconf 92' lang='lat' dir='ltr'><strong>nunc</strong></span> <span class='ocrx_word' id='word_1_573' title='bbox 683 3757 716 3822; x_wconf 89' lang='lat' dir='ltr'><strong>vi</strong></span> <span class='ocrx_word' id='word_1_574' title='bbox 739 3765 772 3821; x_wconf 92' lang='lat' dir='ltr'><strong>et</strong></span> <span class='ocrx_word' id='word_1_575' title='bbox 793 3757 894 3821; x_wconf 88' lang='lat' dir='ltr'><strong>armis</strong></span> <span class='ocrx_word' id='word_1_576' title='bbox 916 3758 1079 3839; x_wconf 89' lang='lat' dir='ltr'><strong>impetita,</strong></span> <span class='ocrx_word' id='word_1_577' title='bbox 1102 3779 1191 3824; x_wconf 91' lang='lat' dir='ltr'><strong>nunc</strong></span> <span class='ocrx_word' id='word_1_578' title='bbox 1244 3761 1322 3837; x_wconf 90' lang='lat' dir='ltr'><strong>ties,</strong></span> <span class='ocrx_word' id='word_1_579' title='bbox 1352 3761 1419 3825; x_wconf 92' lang='lat' dir='ltr'><strong>imo</strong></span> <span class='ocrx_word' id='word_1_580' title='bbox 1441 3759 1567 3843; x_wconf 89' lang='lat' dir='ltr'><strong>perfida</strong></span> <span class='ocrx_word' id='word_1_581' title='bbox 1588 3762 1737 3846; x_wconf 83' lang='lat' dir='ltr'><strong>ignavia,</strong></span> <span class='ocrx_word' id='word_1_582' title='bbox 1762 3772 1876 3846; x_wconf 88' lang='lat' dir='ltr'><strong>aperte</strong></span> <span class='ocrx_word' id='word_1_583' title='bbox 1897 3765 2051 3848; x_wconf 90' lang='lat' dir='ltr'><strong>prodidit.</strong></span> <span class='ocrx_word' id='word_1_584' title='bbox 2098 3771 2228 3857; x_wconf 71' lang='lat' dir='ltr'><strong>Impius</strong></span> 
     </span>
     <span class='ocr_line' id='line_1_43' title="bbox 211 3842 2226 3930; baseline 0.008 -22"><span class='ocrx_word' id='word_1_585' title='bbox 211 3844 247 3908; x_wconf 93' lang='lat' dir='ltr'><strong>lu</strong></span> <span class='ocrx_word' id='word_1_586' title='bbox 273 3843 364 3908; x_wconf 85' lang='lat' dir='ltr'><strong>&#39;briis</strong></span> <span class='ocrx_word' id='word_1_587' title='bbox 394 3850 530 3921; x_wconf 80' lang='lat' dir='ltr'><strong>vexata,</strong></span> <span class='ocrx_word' id='word_1_588' title='bbox 561 3864 650 3907; x_wconf 88' lang='lat' dir='ltr'><strong>nune</strong></span> <span class='ocrx_word' id='word_1_589' title='bbox 671 3842 772 3906; x_wconf 91' lang='lat' dir='ltr'><strong>minis</strong></span> <span class='ocrx_word' id='word_1_590' title='bbox 794 3849 829 3906; x_wconf 94' lang='lat' dir='ltr'><strong>et</strong></span> <span class='ocrx_word' id='word_1_591' title='bbox 845 3842 1025 3907; x_wconf 90' lang='lat' dir='ltr'><strong>terroribus</strong></span> <span class='ocrx_word' id='word_1_592' title='bbox 1043 3842 1190 3926; x_wconf 88' lang='lat' dir='ltr'><strong>fatigata,</strong></span> <span class='ocrx_word' id='word_1_593' title='bbox 1244 3852 1277 3909; x_wconf 92' lang='lat' dir='ltr'><strong>et</strong></span> <span class='ocrx_word' id='word_1_594' title='bbox 1304 3846 1481 3930; x_wconf 88' lang='lat' dir='ltr'><strong>sacrilegas</strong></span> <span class='ocrx_word' id='word_1_595' title='bbox 1509 3866 1530 3909; x_wconf 86' lang='lat' dir='ltr'><strong>a</strong></span> <span class='ocrx_word' id='word_1_596' title='bbox 1555 3845 1689 3914; x_wconf 80' lang='lat' dir='ltr'><strong>Christo</strong></span> <span class='ocrx_word' id='word_1_597' title='bbox 1719 3849 1915 3916; x_wconf 88' lang='lat' dir='ltr'><strong>defectiones</strong></span> <span class='ocrx_word' id='word_1_598' title='bbox 1937 3851 2028 3916; x_wconf 88' lang='lat' dir='ltr'><strong>iutra</strong></span> <span class='ocrx_word' id='word_1_599' title='bbox 2053 3854 2226 3925; x_wconf 90' lang='lat' dir='ltr'><strong>biennium</strong></span> 
     </span>
     <span class='ocr_line' id='line_1_44' title="bbox 211 3926 2226 4019; baseline 0.008 -26"><span class='ocrx_word' id='word_1_600' title='bbox 211 3928 295 3993; x_wconf 90' lang='lat' dir='ltr'><strong>nihil</strong></span> <span class='ocrx_word' id='word_1_601' title='bbox 324 3929 436 3993; x_wconf 91' lang='lat' dir='ltr'><strong>minus</strong></span> <span class='ocrx_word' id='word_1_602' title='bbox 463 3949 562 4011; x_wconf 87' lang='lat' dir='ltr'><strong>quam</strong></span> <span class='ocrx_word' id='word_1_603' title='bbox 590 3929 717 4012; x_wconf 88' lang='lat' dir='ltr'><strong>regium</strong></span> <span class='ocrx_word' id='word_1_604' title='bbox 752 3926 848 3991; x_wconf 92' lang='lat' dir='ltr'><strong>illum</strong></span> <span class='ocrx_word' id='word_1_605' title='bbox 881 3926 1007 3993; x_wconf 80' lang='lat' dir='ltr'><strong>Christi</strong></span> <span class='ocrx_word' id='word_1_606' title='bbox 1040 3927 1191 3995; x_wconf 89' lang='lat' dir='ltr'><strong>decorem</strong></span> <span class='ocrx_word' id='word_1_607' title='bbox 1243 3931 1277 3994; x_wconf 91' lang='lat' dir='ltr'><strong>in</strong></span> <span class='ocrx_word' id='word_1_608' title='bbox 1290 3931 1425 3996; x_wconf 90' lang='lat' dir='ltr'><strong>natione</strong></span> <span class='ocrx_word' id='word_1_609' title='bbox 1436 3952 1502 3996; x_wconf 89' lang='lat' dir='ltr'><strong>una</strong></span> <span class='ocrx_word' id='word_1_610' title='bbox 1513 3932 1624 4014; x_wconf 89' lang='lat' dir='ltr'><strong>plures</strong></span> <span class='ocrx_word' id='word_1_611' title='bbox 1636 3934 1789 4014; x_wconf 88' lang='lat' dir='ltr'><strong>vidimus,</strong></span> <span class='ocrx_word' id='word_1_612' title='bbox 1808 3955 1907 4019; x_wconf 86' lang='lat' dir='ltr'><strong>quam</strong></span> <span class='ocrx_word' id='word_1_613' title='bbox 1919 3948 2058 4003; x_wconf 77' lang='lat' dir='ltr'><strong>nument</strong></span> <span class='ocrx_word' id='word_1_614' title='bbox 2074 3944 2226 4010; x_wconf 91' lang='lat' dir='ltr'><strong>omnium</strong></span> 
     </span>
     <span class='ocr_line' id='line_1_45' title="bbox 210 4012 2225 4103; baseline 0.005 -24"><span class='ocrx_word' id='word_1_615' title='bbox 210 4024 382 4098; x_wconf 87' lang='lat' dir='ltr'><strong>tantopere</strong></span> <span class='ocrx_word' id='word_1_616' title='bbox 410 4034 431 4078; x_wconf 91' lang='lat' dir='ltr'><strong>a</strong></span> <span class='ocrx_word' id='word_1_617' title='bbox 456 4013 626 4097; x_wconf 89' lang='lat' dir='ltr'><strong>prophetis</strong></span> <span class='ocrx_word' id='word_1_618' title='bbox 653 4012 936 4089; x_wconf 91' lang='lat' dir='ltr'><strong>commendatum,</strong></span> <span class='ocrx_word' id='word_1_619' title='bbox 960 4032 1039 4095; x_wconf 93' lang='lat' dir='ltr'><strong>prae</strong></span> <span class='ocrx_word' id='word_1_620' title='bbox 1061 4035 1096 4078; x_wconf 94' lang='lat' dir='ltr'><strong>se</strong></span> <span class='ocrx_word' id='word_1_621' title='bbox 1117 4016 1189 4079; x_wconf 89' lang='lat' dir='ltr'><strong>fert.</strong></span> <span class='ocrx_word' id='word_1_622' title='bbox 1242 4022 1427 4099; x_wconf 89' lang='lat' dir='ltr'><strong>temporum</strong></span> <span class='ocrx_word' id='word_1_623' title='bbox 1456 4017 1669 4102; x_wconf 79' lang='lat' dir='ltr'><strong>gentiumque</strong></span> <span class='ocrx_word' id='word_1_624' title='bbox 1695 4019 1859 4086; x_wconf 84' lang='lat' dir='ltr'><strong>historiae.</strong></span> <span class='ocrx_word' id='word_1_625' title='bbox 1904 4021 2015 4103; x_wconf 77' lang='lat' dir='ltr'><strong>Quam</strong></span> <span class='ocrx_word' id='word_1_626' title='bbox 2043 4026 2225 4095; x_wconf 85' lang='lat' dir='ltr'><strong>infractum</strong></span> 
     </span>
     <span class='ocr_line' id='line_1_46' title="bbox 209 4097 2225 4188; baseline 0.008 -25"><span class='ocrx_word' id='word_1_627' title='bbox 209 4101 337 4166; x_wconf 86' lang='lat' dir='ltr'><strong>Verum</strong></span> <span class='ocrx_word' id='word_1_628' title='bbox 355 4121 458 4182; x_wconf 92' lang='lat' dir='ltr'><strong>quum</strong></span> <span class='ocrx_word' id='word_1_629' title='bbox 475 4099 649 4164; x_wconf 82' lang='lat' dir='ltr'><strong>minaciter</strong></span> <span class='ocrx_word' id='word_1_630' title='bbox 666 4097 821 4163; x_wconf 89' lang='lat' dir='ltr'><strong>torrendo</strong></span> <span class='ocrx_word' id='word_1_631' title='bbox 834 4100 1003 4163; x_wconf 85' lang='lat' dir='ltr'><strong>aethriosc</strong></span> <span class='ocrx_word' id='word_1_632' title='bbox 1016 4100 1190 4164; x_wconf 88' lang='lat' dir='ltr'><strong>saeviendo</strong></span> <span class='ocrx_word' id='word_1_633' title='bbox 1243 4122 1322 4168; x_wconf 88' lang='lat' dir='ltr'><strong>vero</strong></span> <span class='ocrx_word' id='word_1_634' title='bbox 1340 4103 1384 4166; x_wconf 86' lang='lat' dir='ltr'><strong>ait</strong></span> <span class='ocrx_word' id='word_1_635' title='bbox 1402 4101 1479 4168; x_wconf 89' lang='lat' dir='ltr'><strong>fidei</strong></span> <span class='ocrx_word' id='word_1_636' title='bbox 1502 4103 1610 4183; x_wconf 91' lang='lat' dir='ltr'><strong>robur,</strong></span> <span class='ocrx_word' id='word_1_637' title='bbox 1632 4105 1687 4170; x_wconf 92' lang='lat' dir='ltr'><strong>nbi</strong></span> <span class='ocrx_word' id='word_1_638' title='bbox 1706 4107 1840 4188; x_wconf 90' lang='lat' dir='ltr'><strong>spiritus</strong></span> <span class='ocrx_word' id='word_1_639' title='bbox 1859 4109 1983 4174; x_wconf 87' lang='lat' dir='ltr'><strong>virtute</strong></span> <span class='ocrx_word' id='word_1_640' title='bbox 2000 4111 2103 4176; x_wconf 88' lang='lat' dir='ltr'><strong>eorda</strong></span> <span class='ocrx_word' id='word_1_641' title='bbox 2124 4116 2225 4180; x_wconf 90' lang='lat' dir='ltr'><strong>susti·</strong></span> 
     </span>
     <span class='ocr_line' id='line_1_47' title="bbox 209 4183 2224 4284; baseline 0.003 -32"><span class='ocrx_word' id='word_1_642' title='bbox 209 4207 275 4252; x_wconf 92' lang='lat' dir='ltr'><strong>non</strong></span> <span class='ocrx_word' id='word_1_643' title='bbox 299 4207 337 4251; x_wconf 92' lang='lat' dir='ltr'><strong>eo</strong></span> <span class='ocrx_word' id='word_1_644' title='bbox 360 4194 471 4250; x_wconf 89' lang='lat' dir='ltr'><strong>tamen</strong></span> <span class='ocrx_word' id='word_1_645' title='bbox 493 4205 599 4267; x_wconf 91' lang='lat' dir='ltr'><strong>usque</strong></span> <span class='ocrx_word' id='word_1_646' title='bbox 620 4184 799 4266; x_wconf 88' lang='lat' dir='ltr'><strong>proficiunt</strong></span> <span class='ocrx_word' id='word_1_647' title='bbox 820 4183 927 4265; x_wconf 91' lang='lat' dir='ltr'><strong>impii,</strong></span> <span class='ocrx_word' id='word_1_648' title='bbox 950 4183 1029 4265; x_wconf 92' lang='lat' dir='ltr'><strong>qnin</strong></span> <span class='ocrx_word' id='word_1_649' title='bbox 1050 4184 1114 4249; x_wconf 92' lang='lat' dir='ltr'><strong>Dei</strong></span> <span class='ocrx_word' id='word_1_650' title='bbox 1138 4206 1190 4252; x_wconf 92' lang='lat' dir='ltr'><strong>ec·</strong></span> <span class='ocrx_word' id='word_1_651' title='bbox 1243 4195 1374 4268; x_wconf 89' lang='lat' dir='ltr'><strong>nentur,</strong></span> <span class='ocrx_word' id='word_1_652' title='bbox 1397 4189 1502 4271; x_wconf 90' lang='lat' dir='ltr'><strong>palam</strong></span> <span class='ocrx_word' id='word_1_653' title='bbox 1524 4189 1560 4252; x_wconf 93' lang='lat' dir='ltr'><strong>in</strong></span> <span class='ocrx_word' id='word_1_654' title='bbox 1583 4190 1655 4253; x_wconf 89' lang='lat' dir='ltr'><strong>aliis</strong></span> <span class='ocrx_word' id='word_1_655' title='bbox 1677 4191 1799 4256; x_wconf 89' lang='lat' dir='ltr'><strong>factum</strong></span> <span class='ocrx_word' id='word_1_656' title='bbox 1821 4201 1879 4258; x_wconf 88' lang='lat' dir='ltr'><strong>est.</strong></span> <span class='ocrx_word' id='word_1_657' title='bbox 1924 4193 2068 4260; x_wconf 90' lang='lat' dir='ltr'><strong>Heroica</strong></span> <span class='ocrx_word' id='word_1_658' title='bbox 2085 4218 2224 4284; x_wconf 77' lang='lat' dir='ltr'><strong>magna-</strong></span> 
     </span>
     <span class='ocr_line' id='line_1_48' title="bbox 210 4269 2225 4362; baseline 0.003 -24"><span class='ocrx_word' id='word_1_659' title='bbox 210 4272 311 4339; x_wconf 89' lang='lat' dir='ltr'><strong>clesia</strong></span> <span class='ocrx_word' id='word_1_660' title='bbox 332 4272 392 4337; x_wconf 91' lang='lat' dir='ltr'><strong>sub</strong></span> <span class='ocrx_word' id='word_1_661' title='bbox 415 4271 521 4337; x_wconf 90' lang='lat' dir='ltr'><strong>crucis</strong></span> <span class='ocrx_word' id='word_1_662' title='bbox 541 4269 729 4335; x_wconf 90' lang='lat' dir='ltr'><strong>humilitate</strong></span> <span class='ocrx_word' id='word_1_663' title='bbox 746 4269 843 4333; x_wconf 89' lang='lat' dir='ltr'><strong>firma</strong></span> <span class='ocrx_word' id='word_1_664' title='bbox 860 4276 1014 4351; x_wconf 85' lang='lat' dir='ltr'><strong>rectaque</strong></span> <span class='ocrx_word' id='word_1_665' title='bbox 1031 4270 1189 4348; x_wconf 90' lang='lat' dir='ltr'><strong>subsidat,</strong></span> <span class='ocrx_word' id='word_1_666' title='bbox 1242 4274 1392 4353; x_wconf 88' lang='lat' dir='ltr'><strong>nimitas,</strong></span> <span class='ocrx_word' id='word_1_667' title='bbox 1419 4295 1517 4357; x_wconf 87' lang='lat' dir='ltr'><strong>quam</strong></span> <span class='ocrx_word' id='word_1_668' title='bbox 1548 4275 1711 4341; x_wconf 89' lang='lat' dir='ltr'><strong>Dominus</strong></span> <span class='ocrx_word' id='word_1_669' title='bbox 1738 4277 1774 4341; x_wconf 91' lang='lat' dir='ltr'><strong>in</strong></span> <span class='ocrx_word' id='word_1_670' title='bbox 1795 4276 1928 4343; x_wconf 90' lang='lat' dir='ltr'><strong>homine</strong></span> <span class='ocrx_word' id='word_1_671' title='bbox 1950 4300 2017 4343; x_wconf 89' lang='lat' dir='ltr'><strong>uno</strong></span> <span class='ocrx_word' id='word_1_672' title='bbox 2029 4282 2059 4362; x_wconf 87' lang='lat'><strong>⁴)</strong></span> <span class='ocrx_word' id='word_1_673' title='bbox 2080 4285 2170 4350; x_wconf 86' lang='lat' dir='ltr'><strong>vieto</strong></span> <span class='ocrx_word' id='word_1_674' title='bbox 2192 4293 2225 4351; x_wconf 80' lang='lat' dir='ltr'><strong>et</strong></span> 
     </span>
     <span class='ocr_line' id='line_1_49' title="bbox 211 4355 2224 4447; baseline 0.005 -24"><span class='ocrx_word' id='word_1_675' title='bbox 211 4380 269 4423; x_wconf 92' lang='lat' dir='ltr'><strong>our</strong></span> <span class='ocrx_word' id='word_1_676' title='bbox 302 4379 369 4421; x_wconf 93' lang='lat' dir='ltr'><strong>non</strong></span> <span class='ocrx_word' id='word_1_677' title='bbox 403 4358 438 4421; x_wconf 89' lang='lat' dir='ltr'><strong>in</strong></span> <span class='ocrx_word' id='word_1_678' title='bbox 472 4356 534 4421; x_wconf 89' lang='lat' dir='ltr'><strong>hac</strong></span> <span class='ocrx_word' id='word_1_679' title='bbox 567 4357 708 4422; x_wconf 88' lang='lat' dir='ltr'><strong>mirifica</strong></span> <span class='ocrx_word' id='word_1_680' title='bbox 740 4355 811 4420; x_wconf 89' lang='lat' dir='ltr'><strong>eius</strong></span> <span class='ocrx_word' id='word_1_681' title='bbox 843 4356 1092 4421; x_wconf 87' lang='lat' dir='ltr'><strong>conservatione</strong></span> <span class='ocrx_word' id='word_1_682' title='bbox 1124 4356 1190 4422; x_wconf 88' lang='lat' dir='ltr'><strong>Dei</strong></span> <span class='ocrx_word' id='word_1_683' title='bbox 1242 4366 1347 4442; x_wconf 86' lang='lat' dir='ltr'><strong>capto,</strong></span> <span class='ocrx_word' id='word_1_684' title='bbox 1370 4361 1509 4426; x_wconf 88' lang='lat' dir='ltr'><strong>saeculis</strong></span> <span class='ocrx_word' id='word_1_685' title='bbox 1531 4361 1684 4427; x_wconf 90' lang='lat' dir='ltr'><strong>omnibus</strong></span> <span class='ocrx_word' id='word_1_686' title='bbox 1704 4362 1914 4446; x_wconf 88' lang='lat' dir='ltr'><strong>spectandam</strong></span> <span class='ocrx_word' id='word_1_687' title='bbox 1933 4368 2114 4447; x_wconf 84' lang='lat' dir='ltr'><strong>proposuit,</strong></span> <span class='ocrx_word' id='word_1_688' title='bbox 2138 4392 2224 4436; x_wconf 89' lang='lat' dir='ltr'><strong>nun·</strong></span> 
     </span>
     <span class='ocr_line' id='line_1_50' title="bbox 209 4439 2222 4532; baseline 0.007 -25"><span class='ocrx_word' id='word_1_689' title='bbox 209 4444 349 4527; x_wconf 87' lang='lat' dir='ltr'><strong>gloriam</strong></span> <span class='ocrx_word' id='word_1_690' title='bbox 372 4441 624 4521; x_wconf 80' lang='lat' dir='ltr'><strong>exosculamur?</strong></span> <span class='ocrx_word' id='word_1_691' title='bbox 662 4439 701 4507; x_wconf 84' lang='lat' dir='ltr'><strong>Si</strong></span> <span class='ocrx_word' id='word_1_692' title='bbox 718 4441 790 4523; x_wconf 86' lang='lat' dir='ltr'><strong>quis</strong></span> <span class='ocrx_word' id='word_1_693' title='bbox 808 4458 920 4503; x_wconf 91' lang='lat' dir='ltr'><strong>rcrum</strong></span> <span class='ocrx_word' id='word_1_694' title='bbox 937 4441 1072 4522; x_wconf 90' lang='lat' dir='ltr'><strong>peritus,</strong></span> <span class='ocrx_word' id='word_1_695' title='bbox 1090 4463 1190 4524; x_wconf 91' lang='lat' dir='ltr'><strong>quam</strong></span> <span class='ocrx_word' id='word_1_696' title='bbox 1242 4466 1339 4527; x_wconf 88' lang='lat' dir='ltr'><strong>quam</strong></span> <span class='ocrx_word' id='word_1_697' title='bbox 1370 4447 1434 4510; x_wconf 91' lang='lat' dir='ltr'><strong>nisi</strong></span> <span class='ocrx_word' id='word_1_698' title='bbox 1464 4446 1524 4512; x_wconf 86' lang='lat' dir='ltr'><strong>tali</strong></span> <span class='ocrx_word' id='word_1_699' title='bbox 1555 4448 1660 4514; x_wconf 89' lang='lat' dir='ltr'><strong>erucis</strong></span> <span class='ocrx_word' id='word_1_700' title='bbox 1691 4451 1915 4532; x_wconf 87' lang='lat' dir='ltr'><strong>experimento</strong></span> <span class='ocrx_word' id='word_1_701' title='bbox 1943 4449 2068 4516; x_wconf 85' lang='lat' dir='ltr'><strong>eredita</strong></span> <span class='ocrx_word' id='word_1_702' title='bbox 2097 4456 2222 4522; x_wconf 88' lang='lat' dir='ltr'><strong>fuisset.</strong></span> 
     </span>
     <span class='ocr_line' id='line_1_51' title="bbox 210 4524 2222 4626; baseline 0.006 -34"><span class='ocrx_word' id='word_1_703' title='bbox 210 4529 315 4592; x_wconf 89' lang='lat' dir='ltr'><strong>multa</strong></span> <span class='ocrx_word' id='word_1_704' title='bbox 344 4549 402 4611; x_wconf 91' lang='lat' dir='ltr'><strong>per</strong></span> <span class='ocrx_word' id='word_1_705' title='bbox 427 4528 487 4593; x_wconf 89' lang='lat' dir='ltr'><strong>hos</strong></span> <span class='ocrx_word' id='word_1_706' title='bbox 515 4529 653 4612; x_wconf 88' lang='lat' dir='ltr'><strong>triginta</strong></span> <span class='ocrx_word' id='word_1_707' title='bbox 680 4546 786 4591; x_wconf 91' lang='lat' dir='ltr'><strong>anuos</strong></span> <span class='ocrx_word' id='word_1_708' title='bbox 819 4524 859 4588; x_wconf 90' lang='lat' dir='ltr'><strong>ad</strong></span> <span class='ocrx_word' id='word_1_709' title='bbox 887 4545 960 4590; x_wconf 87' lang='lat' dir='ltr'><strong>eam</strong></span> <span class='ocrx_word' id='word_1_710' title='bbox 987 4525 1189 4608; x_wconf 87' lang='lat' dir='ltr'><strong>perdendam</strong></span> <span class='ocrx_word' id='word_1_711' title='bbox 1242 4530 1394 4615; x_wconf 84' lang='lat' dir='ltr'><strong>Insignis</strong></span> <span class='ocrx_word' id='word_1_712' title='bbox 1423 4533 1582 4614; x_wconf 86' lang='lat' dir='ltr'><strong>quaedam</strong></span> <span class='ocrx_word' id='word_1_713' title='bbox 1616 4534 1686 4598; x_wconf 90' lang='lat' dir='ltr'><strong>eius</strong></span> <span class='ocrx_word' id='word_1_714' title='bbox 1714 4536 1845 4618; x_wconf 89' lang='lat' dir='ltr'><strong>generis</strong></span> <span class='ocrx_word' id='word_1_715' title='bbox 1879 4540 1953 4614; x_wconf 79' lang='lat' dir='ltr'><strong>[pag.</strong></span> <span class='ocrx_word' id='word_1_716' title='bbox 1977 4544 2031 4616; x_wconf 79' lang='grc'><strong>44]</strong></span> <span class='ocrx_word' id='word_1_717' title='bbox 2060 4542 2222 4626; x_wconf 87' lang='lat' dir='ltr'><strong>exempla,</strong></span> 
     </span>
     <span class='ocr_line' id='line_1_52' title="bbox 209 4610 1445 4697; baseline -0.006 -20"><span class='ocrx_word' id='word_1_718' title='bbox 209 4613 392 4679; x_wconf 88' lang='lat' dir='ltr'><strong>machinati</strong></span> <span class='ocrx_word' id='word_1_719' title='bbox 421 4615 490 4678; x_wconf 90' lang='lat' dir='ltr'><strong>sint</strong></span> <span class='ocrx_word' id='word_1_720' title='bbox 515 4614 618 4697; x_wconf 93' lang='lat' dir='ltr'><strong>impii,</strong></span> <span class='ocrx_word' id='word_1_721' title='bbox 648 4632 759 4678; x_wconf 90' lang='lat' dir='ltr'><strong>secum</strong></span> <span class='ocrx_word' id='word_1_722' title='bbox 789 4610 899 4675; x_wconf 90' lang='lat' dir='ltr'><strong>animo</strong></span> <span class='ocrx_word' id='word_1_723' title='bbox 927 4611 1091 4692; x_wconf 87' lang='lat' dir='ltr'><strong>revolvat,</strong></span> <span class='ocrx_word' id='word_1_724' title='bbox 1122 4635 1190 4679; x_wconf 92' lang='lat' dir='ltr'><strong>non</strong></span> <span class='ocrx_word' id='word_1_725' title='bbox 1246 4665 1354 4670; x_wconf 78' lang='grc'>.--.--</span> <span class='ocrx_word' id='word_1_726' title='bbox 1402 4665 1445 4670; x_wconf 64' lang='grc'><strong>,.</strong></span> 
     </span>
     <span class='ocr_line' id='line_1_53' title="bbox 209 4696 1836 4788; baseline -0.003 -25"><span class='ocrx_word' id='word_1_727' title='bbox 209 4699 310 4763; x_wconf 85' lang='lat' dir='ltr'><strong>fuisse</strong></span> <span class='ocrx_word' id='word_1_728' title='bbox 338 4699 463 4764; x_wconf 86' lang='lat' dir='ltr'><strong>centies</strong></span> <span class='ocrx_word' id='word_1_729' title='bbox 492 4700 627 4782; x_wconf 90' lang='lat' dir='ltr'><strong>penitus</strong></span> <span class='ocrx_word' id='word_1_730' title='bbox 657 4698 797 4763; x_wconf 86' lang='lat' dir='ltr'><strong>deletam</strong></span> <span class='ocrx_word' id='word_1_731' title='bbox 819 4696 932 4760; x_wconf 91' lang='lat' dir='ltr'><strong>mirari</strong></span> <span class='ocrx_word' id='word_1_732' title='bbox 955 4707 1100 4781; x_wconf 90' lang='lat' dir='ltr'><strong>cogetur.</strong></span> <span class='ocrx_word' id='word_1_733' title='bbox 1144 4698 1191 4764; x_wconf 85' lang='lat' dir='ltr'><strong>Et</strong></span> <span class='ocrx_word' id='word_1_734' title='bbox 1312 4719 1342 4782; x_wconf 71' lang='lat'><strong>1)</strong></span> <span class='ocrx_word' id='word_1_735' title='bbox 1379 4721 1492 4788; x_wconf 81' lang='lat' dir='ltr'><strong>uslques</strong></span> <span class='ocrx_word' id='word_1_736' title='bbox 1509 4720 1562 4774; x_wconf 82' lang='lat' dir='ltr'><strong>fois</strong></span> <span class='ocrx_word' id='word_1_737' title='bbox 1580 4736 1613 4773; x_wconf 82' lang='lat' dir='ltr'><strong>en</strong></span> <span class='ocrx_word' id='word_1_738' title='bbox 1632 4737 1688 4776; x_wconf 84' lang='lat' dir='ltr'><strong>mes</strong></span> <span class='ocrx_word' id='word_1_739' title='bbox 1707 4738 1836 4777; x_wconf 86' lang='lat' dir='ltr'><strong>sermons.</strong></span> 
     </span>
     <span class='ocr_line' id='line_1_54' title="bbox 209 4737 2220 4912; baseline 0.002 -64"><span class='ocrx_word' id='word_1_740' title='bbox 209 4805 298 4849; x_wconf 91' lang='lat' dir='ltr'><strong>nunc</strong></span> <span class='ocrx_word' id='word_1_741' title='bbox 320 4781 407 4865; x_wconf 90' lang='lat' dir='ltr'><strong>quod</strong></span> <span class='ocrx_word' id='word_1_742' title='bbox 427 4785 517 4848; x_wconf 87' lang='lat' dir='ltr'><strong>intra</strong></span> <span class='ocrx_word' id='word_1_743' title='bbox 538 4783 708 4850; x_wconf 88' lang='lat' dir='ltr'><strong>biennium</strong></span> <span class='ocrx_word' id='word_1_744' title='bbox 719 4784 840 4848; x_wconf 90' lang='lat' dir='ltr'><strong>misere</strong></span> <span class='ocrx_word' id='word_1_745' title='bbox 857 4780 1023 4865; x_wconf 89' lang='lat' dir='ltr'><strong>discerpta</strong></span> <span class='ocrx_word' id='word_1_746' title='bbox 1042 4784 1119 4863; x_wconf 93' lang='lat' dir='ltr'><strong>fuit,</strong></span> <span class='ocrx_word' id='word_1_747' title='bbox 1141 4784 1191 4850; x_wconf 78' lang='lat' dir='ltr'><strong>la-</strong></span> <span class='ocrx_word' id='word_1_748' title='bbox 1311 4787 1342 4853; x_wconf 81' lang='lat'><strong>2)</strong></span> <span class='ocrx_word' id='word_1_749' title='bbox 1361 4737 1409 4842; x_wconf 67' lang='lat' dir='ltr'><strong>die</strong></span> <span class='ocrx_word' id='word_1_750' title='bbox 1431 4803 1540 4912; x_wconf 46' lang='lat' dir='ltr'><strong>geogr</strong></span> <span class='ocrx_word' id='word_1_751' title='bbox 1557 4788 1680 4910; x_wconf 62' lang='lat' dir='ltr'><strong>Idalias:</strong></span> <span class='ocrx_word' id='word_1_752' title='bbox 1717 4791 1826 4846; x_wconf 84' lang='lat' dir='ltr'><strong>chacun</strong></span> <span class='ocrx_word' id='word_1_753' title='bbox 1847 4791 1948 4859; x_wconf 83' lang='lat' dir='ltr'><strong>parloit</strong></span> <span class='ocrx_word' id='word_1_754' title='bbox 1971 4794 2132 4852; x_wconf 82' lang='lat' dir='ltr'><strong>bravement</strong></span> <span class='ocrx_word' id='word_1_755' title='bbox 2154 4805 2182 4852; x_wconf 82' lang='lat' dir='ltr'><strong>et</strong></span> <span class='ocrx_word' id='word_1_756' title='bbox 2204 4800 2220 4853; x_wconf 77' lang='lat' dir='ltr'><strong>a</strong></span> 
     </span>
    </p>
   </div>
   <div class='ocr_carea' id='block_1_5' title="bbox 210 4855 2219 4982">
    <p class='ocr_par' dir='ltr' id='par_1_6' title="bbox 210 4855 2219 4982">
     <span class='ocr_line' id='line_1_55' title="bbox 210 4855 2219 4982; baseline -0.003 -48"><span class='ocrx_word' id='word_1_757' title='bbox 210 4889 367 4950; x_wconf 88' lang='lat' dir='ltr'><strong>ceraeque</strong></span> <span class='ocrx_word' id='word_1_758' title='bbox 396 4869 468 4933; x_wconf 90' lang='lat' dir='ltr'><strong>eius</strong></span> <span class='ocrx_word' id='word_1_759' title='bbox 495 4876 605 4953; x_wconf 88' lang='lat' dir='ltr'><strong>partes</strong></span> <span class='ocrx_word' id='word_1_760' title='bbox 633 4890 653 4934; x_wconf 92' lang='lat' dir='ltr'><strong>a</strong></span> <span class='ocrx_word' id='word_1_761' title='bbox 680 4869 786 4935; x_wconf 92' lang='lat' dir='ltr'><strong>lconis</strong></span> <span class='ocrx_word' id='word_1_762' title='bbox 812 4866 965 4951; x_wconf 77' lang='lat' dir='ltr'><strong>faucibus¹</strong></span> <span class='ocrx_word' id='word_1_763' title='bbox 986 4888 1105 4951; x_wconf 90' lang='lat' dir='ltr'><strong>parum</strong></span> <span class='ocrx_word' id='word_1_764' title='bbox 1134 4869 1190 4936; x_wconf 92' lang='lat' dir='ltr'><strong>ab·</strong></span> <span class='ocrx_word' id='word_1_765' title='bbox 1241 4855 1474 4980; x_wconf 48' lang='lat' dir='ltr'><strong>ffiemlfflffag</strong></span> <span class='ocrx_word' id='word_1_766' title='bbox 1491 4932 1516 4979; x_wconf 54' lang='lat' dir='ltr'><em>d</em></span> <span class='ocrx_word' id='word_1_767' title='bbox 1533 4856 1722 4981; x_wconf 45' lang='grc' dir='ltr'><strong>Αῌθξξὲὗ</strong></span> <span class='ocrx_word' id='word_1_768' title='bbox 1738 4862 1976 4982; x_wconf 50' lang='lat' dir='ltr'><strong>gfflfmlrssloe</strong></span> <span class='ocrx_word' id='word_1_769' title='bbox 2002 4870 2031 4917; x_wconf 82' lang='lat' dir='ltr'><strong>et</strong></span> <span class='ocrx_word' id='word_1_770' title='bbox 2057 4881 2161 4922; x_wconf 83' lang='lat' dir='ltr'><strong>comme</strong></span> <span class='ocrx_word' id='word_1_771' title='bbox 2187 4883 2219 4921; x_wconf 80' lang='lat' dir='ltr'><strong>en</strong></span> 
     </span>
    </p>
   </div>
   <div class='ocr_carea' id='block_1_6' title="bbox 280 4991 2112 5128">
    <p class='ocr_par' dir='ltr' id='par_1_7' title="bbox 280 4991 2112 5128">
     <span class='ocr_line' id='line_1_56' title="bbox 1310 4991 2112 5070; baseline 0.009 -23"><span class='ocrx_word' id='word_1_772' title='bbox 1310 4991 1342 5059; x_wconf 83' lang='grc'><strong>3)</strong></span> <span class='ocrx_word' id='word_1_773' title='bbox 1360 5002 1422 5048; x_wconf 88' lang='lat' dir='ltr'><strong>tons</strong></span> <span class='ocrx_word' id='word_1_774' title='bbox 1441 5010 1470 5049; x_wconf 89' lang='lat' dir='ltr'><strong>se</strong></span> <span class='ocrx_word' id='word_1_775' title='bbox 1488 5004 1551 5048; x_wconf 91' lang='lat' dir='ltr'><strong>sont</strong></span> <span class='ocrx_word' id='word_1_776' title='bbox 1568 4996 1650 5050; x_wconf 75' lang='lat' dir='ltr'><strong>luisse</strong></span> <span class='ocrx_word' id='word_1_777' title='bbox 1669 5004 1765 5051; x_wconf 87' lang='lat' dir='ltr'><strong>mettre</strong></span> <span class='ocrx_word' id='word_1_778' title='bbox 1784 4997 1810 5051; x_wconf 87' lang='lat' dir='ltr'><strong>lc</strong></span> <span class='ocrx_word' id='word_1_779' title='bbox 1827 4996 1890 5066; x_wconf 88' lang='lat' dir='ltr'><strong>pied</strong></span> <span class='ocrx_word' id='word_1_780' title='bbox 1909 5014 1955 5053; x_wconf 90' lang='lat' dir='ltr'><strong>sur</strong></span> <span class='ocrx_word' id='word_1_781' title='bbox 1973 4998 2001 5053; x_wconf 88' lang='lat' dir='ltr'><strong>la</strong></span> <span class='ocrx_word' id='word_1_782' title='bbox 2018 5016 2112 5070; x_wconf 85' lang='lat' dir='ltr'><strong>gorgs.</strong></span> 
     </span>
     <span class='ocr_line' id='line_1_57' title="bbox 280 5055 1614 5128; baseline 0.008 -21"><span class='ocrx_word' id='word_1_783' title='bbox 280 5055 307 5113; x_wconf 86' lang='lat' dir='ltr'><strong>ll</strong></span> <span class='ocrx_word' id='word_1_784' title='bbox 327 5056 352 5109; x_wconf 91' lang='lat' dir='ltr'><strong>le</strong></span> <span class='ocrx_word' id='word_1_785' title='bbox 371 5055 446 5123; x_wconf 89' lang='lat' dir='ltr'><strong>Pape</strong></span> <span class='ocrx_word' id='word_1_786' title='bbox 466 5064 495 5110; x_wconf 91' lang='lat' dir='ltr'><strong>et</strong></span> <span class='ocrx_word' id='word_1_787' title='bbox 511 5057 552 5111; x_wconf 88' lang='lat' dir='ltr'><strong>les</strong></span> <span class='ocrx_word' id='word_1_788' title='bbox 570 5059 651 5112; x_wconf 88' lang='lat' dir='ltr'><strong>siens.</strong></span> <span class='ocrx_word' id='word_1_789' title='bbox 1311 5060 1341 5128; x_wconf 77' lang='lat'><strong>4)</strong></span> <span class='ocrx_word' id='word_1_790' title='bbox 1361 5078 1395 5116; x_wconf 86' lang='lat' dir='ltr'><strong>cu</strong></span> <span class='ocrx_word' id='word_1_791' title='bbox 1414 5062 1465 5117; x_wconf 88' lang='lat' dir='ltr'><strong>duc</strong></span> <span class='ocrx_word' id='word_1_792' title='bbox 1484 5063 1517 5117; x_wconf 90' lang='lat' dir='ltr'><strong>de</strong></span> <span class='ocrx_word' id='word_1_793' title='bbox 1536 5063 1614 5118; x_wconf 81' lang='lat' dir='ltr'><strong>Sere.</strong></span> 
     </span>
    </p>
   </div>
   <div class='ocr_carea' id='block_1_7' title="bbox 0 0 2314 5894">
    <p class='ocr_par' dir='ltr' id='par_1_8' title="bbox 0 0 2314 5894">
     <span class='ocr_line' id='line_1_58' title="bbox 0 0 2314 5894; baseline 0 0"><span class='ocrx_word' id='word_1_794' title='bbox 0 0 2314 5894; x_wconf 95' lang='lat' dir='ltr'><strong> </strong></span> 
     </span>
    </p>
   </div>
  </div>
 </body>
</html>
