4590 5902
86 240 143 301 701
775 237 1039 305 EPISTOLAE
1062 241 1128 306 AD
1147 243 1405 313 CALVINUM.
2037 258 2099 318 702

84 448 149 491 esse
170 448 248 490 oriris
270 429 400 491 dnrron:
435 430 502 510 ipsc
538 434 642 492 caretro
679 429 786 509 inpane
823 431 868 491 ait
900 448 1004 499 sinae,
1040 434 1094 490 et·
1124 430 1231 495 Panlo.
1280 434 1350 497 Xon
1377 442 1455 500 recte
1477 457 1548 517 erqo
1571 438 1697 515 dicitnr,
1721 460 1787 501 esse
1809 439 1858 502 lic
1881 444 2100 523 transqressio

83 533 163 577 onns
184 514 254 577 lere.
281 513 452 595 Praecepta
476 515 534 579 illa
555 534 594 578 ec
613 513 772 578 Mattiaco
795 516 898 591 citata,
922 520 1066 577 nrmrsnnt
1119 538 1187 579 nene
1210 520 1360 598 similem,
1390 527 1423 584 ut
1452 524 1487 586 in
1509 522 1587 605 leqe,
1621 543 1718 603 qaum
1747 545 1798 589 nec
1820 530 2027 608 transqressio
2048 530 2098 607 sit,

83 598 198 680 leqalia
213 606 391 680 praecepta,
425 621 496 665 cnm
522 600 630 683 riqida
657 600 716 662 itta
746 600 789 663 nd
818 606 944 663 uuonan
972 601 1065 662 male-
1118 622 1172 666 nec
1200 606 1354 670 niortalis.
1406 607 1445 671 l't
1481 613 1585 672 aedem
1624 609 1738 673 niellus
1771 611 1938 694 intelliqas,
1979 614 2011 674 in
2041 613 2100 678 leac

83 685 216 750 dictione
250 691 278 749 et
313 687 528 762 exsecratione,
564 687 593 749 si
627 687 700 766 quis
732 685 868 765 deficiat:
912 686 973 748 Sed
994 690 1065 747 sunt
1090 726 1093 737 ι
1117 690 1283 768 spirituali
1303 690 1421 756 Cleristi
1443 694 1586 758 doctrina
1608 715 1670 759 nou
1689 716 1755 760 esse
1776 696 1873 777 leqale
1893 697 1976 762 illud
1996 699 2100 763 cincto

77 775 247 851 praccepta
269 772 438 850 doctrinae,
465 776 539 837 sient
559 771 602 835 ad
618 772 836 853 perfectionem
858 770 1008 844 vehicula,
1031 775 1067 833 nt
1116 772 1191 850 lum,
1215 795 1267 839 nec
1287 779 1450 843 seruitutis
1460 785 1671 862 pracceptum,
1693 781 1748 845 scd
1769 781 1941 847 liberaliter
1964 782 2099 848 oblatam

82 856 128 921 ibi
148 856 231 922 docet
245 855 398 935 Christus,
420 856 524 921 uolens
543 877 601 921 nos
620 857 665 921 ita
683 877 750 921 esse
760 857 923 937 perfectos.
947 856 1065 920 Libera
1114 861 1270 940 qratiam,
1298 868 1325 926 et
1346 864 1468 929 coeleste
1490 866 1622 930 donum:
1644 867 1805 947 perpende
1831 873 1927 932 totum
1949 868 2099 935 adcantus

82 947 155 1007 sunit
171 948 354 1022 praecepta,
384 943 415 1006 si
435 944 485 1007 ois
502 943 661 1024 perfectus
682 963 761 1019 esse,
791 948 825 1005 ut
849 940 993 1006 Cleristus
1015 962 1066 1006 cc·
1089 970 1092 1031 !
1119 944 1239 1009 (luisti
1268 949 1479 1031 enonqelicum
1505 953 1662 1033 qandiuni
1688 957 1716 1014 ct
1746 952 1881 1018 laetitiae
1907 955 2056 1018 inuniunt
2078 976 2099 1019 a

77 1028 177 1109 ponit.
223 1027 341 1092 Libera
363 1034 437 1092 stad
453 1033 628 1110 praecepto,
657 1051 678 1093 a
702 1028 816 1109 quibus
837 1028 983 1106 deficiens
1003 1047 1065 1091 non
1089 1036 1092 1111 ξ
1116 1029 1178 1112 teqe
1193 1033 1306 1112 proctd
1327 1035 1517 1102 distinctum.
1572 1038 1675 1118 Qum
1697 1058 1833 1102 esscrnas
1852 1045 1978 1121 pecccito
2006 1040 2099 1106 Adae

81 1133 155 1177 mon
174 1115 372 1178 constituitur
385 1114 634 1196 qelecnnaereus,
652 1114 722 1179 licet
737 1115 842 1178 minor
857 1111 922 1178 olio
939 1113 1065 1176 dicatur
1116 1121 1145 1178 ct
1172 1117 1249 1198 leqis
1276 1121 1421 1184 seruitute
1453 1121 1622 1186 admodum
1650 1125 1781 1205 captiui,
1817 1125 1900 1189 uenit
1925 1126 2099 1206 piissimus

81 1199 117 1262 in
133 1219 228 1282 reqno
245 1199 405 1278 coelorum,
429 1205 465 1264 ut
484 1200 599 1264 ibidem
620 1200 785 1281 nraniseste
806 1199 890 1264 docet
909 1197 1062 1263 Christus.
1089 1208 1092 1283 ξ
1118 1199 1275 1282 Christus,
1312 1207 1468 1287 qaueliuin
1494 1209 1687 1273 credentibus
1710 1211 1909 1275 annuncians
1929 1216 1957 1274 et
1984 1210 2098 1275 libera·

85 1284 147 1366 Qui
167 1284 302 1362 solverit,
326 1287 438 1366 inquit,
460 1306 558 1349 unum
576 1306 615 1350 ea
632 1286 792 1349 mandatis
809 1284 893 1348 bisce
909 1284 1063 1360 nriuimis,
1088 1296 1091 1349 t
1116 1288 1237 1352 tionem.
1283 1289 1392 1370 Docet,
1420 1298 1457 1356 ut
1484 1295 1662 1371 nodamus,
1691 1300 1720 1358 et
1745 1297 1851 1379 pratis
1872 1297 1975 1361 donat.
2024 1296 2097 1362 Non

80 1371 233 1435 minimus
253 1370 413 1436 uocabitur
434 1373 470 1435 in
492 1391 585 1454 repno
606 1372 764 1436 coelorum.
789 1370 863 1434 Non
885 1370 1066 1434 excludetur
1088 1370 1091 1467 f
1116 1374 1180 1454 leqe
1209 1376 1300 1457 eopit,
1333 1379 1388 1442 sed
1416 1378 1592 1462 berrefieium
1631 1382 1717 1461 ost'ert
1754 1382 1877 1447 eredere
1917 1381 2097 1447 uolentibus.

79 1456 186 1538 foras,
210 1456 344 1521 sederit
365 1458 443 1522 aliis
460 1458 635 1538 posterior:
657 1462 686 1520 et
707 1456 809 1520 aelliuo
823 1460 1010 1537 postremus,
1034 1455 1064 1518 si
1088 1470 1091 1545 1
1118 1458 1232 1524 Postea
1254 1482 1372 1543 qnoque
1394 1465 1449 1544 qni
1472 1466 1681 1544 crealidcrant‚
1711 1467 1790 1531 eitra
1815 1467 1892 1548 leqis
1913 1469 2098 1532 coactionem

78 1541 188 1624 feeerit
209 1547 237 1604 et
257 1542 403 1607 domerit.
450 1542 592 1623 ,Spiritus
616 1540 735 1607 Christi
761 1561 818 1604 nos
846 1541 931 1605 docet
958 1544 1063 1623 sponte
1087 1562 1090 1609 r
1114 1545 1261 1609 docentur
1289 1549 1439 1613 eoelestia.
1484 1550 1642 1615 Doeentnr
1675 1552 1855 1635 reperierari
1889 1572 1927 1616 eu
1959 1558 2097 1633 aquaot

73 1628 235 1711 proqredi,
263 1648 327 1692 non
348 1630 518 1694 ..secundum
539 1649 671 1706 carrum,
700 1628 754 1692 sed
775 1627 945 1691 sedendum
965 1627 1063 1707 spiri·
1087 1626 1090 1751 ἱ
1114 1632 1234 1709 spiritu
1255 1639 1373 1699 stenelo:
1394 1636 1515 1717 alioqui
1537 1641 1626 1700 entra
1648 1657 1780 1719 reponem
1800 1658 1935 1702 manere.
1978 1638 2096 1704 Docea-

78 1718 154 1791 tum‚
176 1715 232 1795 qni
254 1719 298 1778 est
320 1716 455 1795 spiritus
477 1715 563 1793 liber,
587 1735 644 1778 nos
665 1714 759 1778 libere
780 1733 871 1795 aqere
892 1713 1012 1789 docens,
1035 1716 1062 1777 et
1114 1721 1166 1779 tur
1188 1737 1312 1782 carnem
1334 1722 1398 1802 et¹)
1421 1721 1570 1802 spiritum
1598 1722 1794 1802 mortificare.
1846 1723 2097 1789 decantarent

78 1799 204 1863 iurans.
258 1800 442 1864 Plurimum
474 1821 544 1884 erqo
575 1801 680 1881 differt
711 1801 851 1864 doctriua
878 1799 1013 1877 spiritns
1040 1818 1062 1860 a
1086 1830 1089 1915 p
1110 1822 1190 1884 qero,
1213 1808 1241 1866 et
1261 1805 1291 1867 in
1315 1825 1410 1871 coena
1434 1806 1553 1872 Glrristi
1575 1809 1810 1885 concanonica-rc,
1831 1813 1867 1872 ut
1887 1809 1953 1873 cibo
1975 1809 2096 1874 coelesti

79 1884 143 1967 lepe
170 1885 286 1967 riqida.
332 1885 566 1969 Cliiroqrapbus
598 1906 661 1950 nou
693 1890 737 1950 est
764 1884 853 1950 nobis
880 1884 1022 1965 spiritus,
1034 1884 1060 1980 f)
1113 1893 1233 1952 seruent
1254 1891 1351 1954 sitam
1373 1892 1536 1957 coelestem.
1582 1892 1661 1957 Eece
1684 1899 1779 1958 toturn
1803 1896 1997 1978 eeonqelium
2019 1901 2094 1973 tpng.

78 1975 114 2033 ut
136 1971 171 2034 in
192 1971 270 2053 leqe,
304 1991 402 2052 quum
429 1993 483 2036 uec
514 1972 589 2036 talis
618 1972 779 2035 adstrictio
804 1990 888 2034 niune
914 1973 1060 2050 supersit,
1114 1977 1190 2051 648]
1214 1977 1310 2057 requi,
1333 1977 1540 2042 laetissimum
1562 1980 1722 2058 sisinninm,
1744 2000 1814 2044 arur
1836 1979 1928 2045 donis
1945 2000 2094 2061 praesen·

78 2076 133 2119 nec
151 2056 231 2136 fides
252 2057 393 2139 iudiqeat
413 2059 583 2138 scriptura,
605 2058 662 2122 sed
683 2058 719 2121 in
740 2056 858 2120 tabulis
878 2056 981 2119 cordis
1002 2055 1059 2118 irn-
1111 2059 1201 2122 tibus.
1246 2060 1345 2127 Fatue
1366 2064 1527 2128 seruitutis
1550 2067 1658 2148 inqum
1679 2066 1844 2145 inmersere,
1866 2071 1931 2129 tam
1952 2066 2093 2132 coelestia

72 2142 247 2222 pressione.
296 2141 442 2207 Christus
468 2143 550 2208 nibil
583 2144 699 2222 scripto
730 2142 818 2206 riobis
835 2140 1058 2224 pronrrdqaoit,
1110 2144 1193 2208 dona
1211 2149 1314 2227 pratis
1336 2149 1477 2214 donare?

77 2232 112 2290 ut
148 2232 192 2292 est
224 2228 300 2292 olim
331 2229 407 2293 elata
439 2231 601 2310 scriptura
639 2230 674 2292 in
708 2227 834 2292 tabulis.
879 2227 1058 2307 Antequam

77 2314 211 2392 apostoli
233 2320 261 2377 et
281 2316 485 2397 econqelistae
507 2316 681 2396 quidquam
704 2313 881 2393 scriberent,
903 2313 970 2377 iam
992 2315 1058 2374 erat

76 2397 127 2463 len
151 2397 278 2477 Christi,
302 2400 352 2465 lor
374 2402 516 2482 spiritus,
539 2402 590 2465 lea
605 2401 690 2481 fidei.
714 2401 749 2463 in
769 2396 913 2465 cordibus
934 2397 1058 2462 creden-
1252 2403 1490 2470 EPISTOLA
1512 2403 1741 2471 VICESIMA
1764 2404 1949 2486 QmNTA.

75 2485 163 2548 tium.
199 2484 383 2565 Scripturae
403 2487 624 2569 superadditae
645 2490 732 2562 snut,
754 2484 799 2549 ad
818 2482 1057 2550 exhortationem
1783 2500 1796 2531 ⁸

75 2575 105 2634 et
134 2571 393 2650 recordationen,
434 2594 472 2636 ne
493 2593 553 2654 per
584 2571 817 2636 Antidrristum
842 2570 962 2651 periret
993 2573 1057 2632 tota
1196 2572 1342 2640 Mosaica
1358 2575 1417 2651 les,
1440 2580 1475 2639 ut
1492 2581 1527 2639 tu
1544 2595 1657 2654 censes,
1675 2581 1744 2640 orat
1762 2577 1812 2641 lec
1830 2575 1983 2642 inertibus
1999 2577 2092 2641 saccis

77 2652 196 2719 Cbristi
218 2658 377 2722 doctrina:
415 2679 495 2739 qnae
517 2678 586 2722 uere
607 2658 747 2723 doct-rina
768 2656 900 2733 dicitur,
921 2674 984 2719 non
1005 2653 1056 2717 tea
1108 2659 1193 2738 data,
1205 2659 1256 2723 lere
1266 2661 1477 2739 irrationalis,
1489 2662 1540 2725 lea·
1552 2661 1762 2741 impossibilis,
1774 2663 1946 2746 tyrannica.
1966 2661 2022 2728 Ita
2032 2663 2093 2727 mi·

73 2741 200 2822 riqoris.
259 2743 345 2807 Hinc
368 2744 494 2810 Paulus
503 2746 529 2826 ²)
558 2745 621 2808 ait:
661 2763 717 2807 nos
739 2764 760 2807 a
781 2742 843 2825 leqc
865 2761 931 2806 esse
952 2745 1056 2804 trans-
1107 2745 1342 2810 serosetrndes
1347 2747 1491 2828 poqrirlos,
1504 2752 1532 2810 tc
1543 2747 1655 2825 iudice,
1668 2747 1702 2810 in
1713 2747 1838 2828 equideo
1853 2748 2009 2813 exercebat
2019 2753 2092 2814 tuno

72 2825 152 2890 latos
174 2828 208 2892 in
227 2829 363 2909 [onnam
385 2831 543 2896 doetrinae
565 2829 670 2909 (Rani.
692 2831 736 2911 6).
766 2827 819 2893 Ita
841 2828 923 2892 canit
946 2824 1055 2892 Cirris·
1080 2828 1083 2839 '
1107 2829 1206 2909 Deus,
1226 2832 1331 2896 sicutt
1369 2853 1473 2896 aunms
1484 2831 1655 2897 Diomedes
1675 2833 1710 2896 in
1722 2832 1795 2897 lecto
1814 2832 1925 2914 ferreo,
1947 2839 1982 2897 ut
2002 2833 2092 2914 equis

72 2917 125 2975 tus
143 2915 246 2994 tacere
272 2920 300 2979 et
320 2917 440 2995 docere,
469 2923 496 2980 et
523 2917 676 2998 apostolos
701 2915 789 2978 misit
809 2915 853 2978 od
874 2911 1053 2978 docendam.
1107 2922 1207 2982 essent
1227 2917 1263 2980 in
1278 2852 1444 2999 pallum.
1490 2917 1558 2982 Lea
1574 2917 1634 2983 illa
1649 2917 1782 2999 perinde
1803 2917 1861 2982 tibi
1881 2923 1979 2996 sonat,
2001 2938 2038 2983 ac
2060 2918 2092 2983 si

74 2997 186 3081 Coqita
209 3001 420 3081 differentiam
440 3004 520 3067 iuter
535 3004 671 3084 tonnam
693 3001 771 3084 lepis
788 3006 816 3065 ct
831 3001 968 3081 formam
984 3001 1054 3066 doo-
1111 3003 1363 3069 Gebenucnsibus
1390 3005 1456 3068 tuis
1483 3010 1640 3086 tyrannus
1661 3005 1733 3085 quis
1755 3003 1856 3069 dicat:
1889 3002 2011 3068 Montes
2033 3024 2091 3070 aa·

74 3086 192 3165 trinae,
228 3091 301 3165 [pag.
326 3093 402 3166 647]
430 3109 544 3170 nosque
576 3089 616 3153 ab
643 3088 701 3152 illa
728 3106 794 3150 esse
820 3088 990 3152 translatos
1012 3085 1054 3150 nd
1106 3109 1176 3154 reos
1191 3088 1363 3171 producite,
1386 3094 1414 3154 ct
1434 3095 1524 3154 astra
1544 3089 1624 3154 coelo
1644 3089 1809 3154 detratrite:
1831 3089 1951 3170 alioqui
1966 3107 2090 3169 poenas

72 3172 178 3236 istam.
224 3173 347 3256 Maqna
376 3180 421 3238 est
447 3175 627 3257 ipriorantia
654 3179 723 3247 tua,
755 3177 790 3235 ut
810 3172 891 3237 lianc
912 3173 1054 3252 ‹litterar-
1107 3175 1231 3241 dabitis.
1279 3173 1425 3239 Oleristus
1446 3175 1561 3254 dicens,
1579 3175 1634 3239 boc
1653 3176 1720 3257 foc,
1749 3180 1777 3240 et
1804 3176 1903 3252 eines,
1930 3174 1989 3239 tibi
2009 3194 2090 3239 saco

72 3257 167 3335 tiam,
207 3264 235 3321 et
260 3261 496 3325 translationem
534 3265 675 3324 nostram
714 3258 884 3343 inteliiqere
912 3277 1053 3338 nequeas.
1107 3261 1206 3325 dicit:
1239 3259 1281 3322 In
1309 3266 1413 3324 airem
1440 3260 1525 3339 cola,
1553 3266 1581 3327 ct
1607 3262 1701 3327 cives.
1751 3260 1796 3326 El
1816 3261 1860 3326 ad
1879 3260 1975 3343 leqcm
1996 3260 2090 3325 illam

76 3344 257 3408 Observatio
278 3345 328 3409 liic
350 3367 412 3410 nou
444 3352 489 3410 est
510 3347 558 3410 ita
579 3343 798 3427 impossibilis,
834 3351 870 3410 nt
891 3345 958 3422 ais,
991 3343 1054 3406 imo
1107 3366 1164 3411 nos
1184 3345 1234 3410 ois
1255 3350 1289 3409 tu
1306 3344 1396 3410 bodie
1412 3347 1537 3428 pariter
1559 3347 1666 3425 teneri,
1689 3347 1732 3414 ad
1749 3344 1961 3430 impossibilia
1981 3346 2089 3412 omnia

70 3449 135 3495 uon
156 3431 257 3494 solum
275 3431 447 3513 possibilis,
470 3433 525 3496 sed
547 3432 717 3513 aliqnando
733 3431 841 3511 facilis
859 3435 886 3496 et
905 3429 1052 3506 incunda,
1106 3432 1279 3497 adstrictos.
1327 3431 1399 3496 Non
1421 3438 1450 3495 te
1468 3433 1627 3497 seruitutis
1640 3433 1763 3516 pudet?
1783 3438 1848 3496 tam
1869 3431 2021 3497 violentae
2043 3435 2090 3514 tp·

66 3536 130 3598 pro
152 3521 285 3598 tempore
307 3517 455 3582 ¹uidelicet.
500 3518 623 3602 Iupiter
651 3523 677 3582 et
704 3520 846 3582 continuo
870 3517 925 3580 illa
947 3517 1053 3580 omnia
1106 3517 1281 3582 rauuidis?
1312 3515 1419 3583 Deum
1440 3519 1492 3584 ais
1514 3519 1550 3583 iu
1568 3519 1632 3602 leqe
1648 3518 1703 3584 boo
1720 3518 1822 3585 solum
1838 3517 2089 3583 noluisscutim·

71 3624 94 3667 a
116 3600 203 3666 nobis
223 3601 396 3681 obseruari,
429 3609 457 3667 et
478 3624 560 3670 rire-ric
582 3609 626 3668 est
646 3603 852 3686 impossibile,
886 3603 969 3666 etin
992 3601 1054 3683 leqe
1078 3602 1323 3685 'possibilitatis
1352 3604 1600 3670 admonerentur.
1658 3605 1709 3669 Tu
1736 3605 1782 3668 ita
1807 3603 1912 3687 dapis.
1963 3602 2010 3668 At
2036 3623 2089 3687 eqo

68 3688 134 3770 suit
172 3688 372 3770 inpossibile.
420 3690 507 3755 Nam
535 3710 633 3773 quum
661 3710 734 3756 caro
767 3694 876 3754 nostra
915 3688 954 3754 ab
983 3689 1053 3768 ipso
1106 3710 1177 3754 cnm
1199 3688 1353 3772 propbeta
1374 3690 1458 3769 dico,
1493 3710 1564 3753 eum
1597 3695 1669 3755 tuuc
1693 3690 1827 3755 uoluisse
1853 3689 2005 3754 maudata
2027 3709 2089 3753 sua

74 3773 196 3840 Salano
225 3777 267 3841 sit
299 3795 464 3856 oppressa,
506 3797 568 3841 sua
606 3777 650 3841 ad
688 3795 745 3841 nos
771 3774 953 3840 nronendnm
980 3793 1053 3840 earo
1105 3776 1274 3855 custodiri,
1308 3795 1405 3857 eaquc
1436 3776 1638 3841 cristalieutes
1670 3795 1736 3841 esse
1767 3776 1877 3841 beatos.
1933 3773 2088 3839 Fauorern

70 3858 162 3925 babet
188 3865 348 3937 momenta,
384 3882 506 3943 semper
538 3862 582 3928 ad
610 3863 803 3945 perniciem:
838 3881 900 3926 sira
934 3880 1052 3942 quoque
1105 3882 1201 3927 suum
1227 3859 1416 3943 socialibus
1444 3861 1538 3944 leqem
1553 3860 1724 3944 praebebat
1745 3861 1849 3939 Deus,
1877 3858 2088 3940 deficientibus

71 3947 202 4013 seorsim
223 3948 361 4028 spiritus
391 3948 480 4012 liabet
497 3955 659 4028 momenta,
693 3967 814 4030 semper
840 3948 884 4013 ad
911 3947 1051 4012 salutem.
1106 3949 1299 4030 eapiationes
1331 3947 1421 4012 dans.
1474 3946 1537 4011 Illi
1564 3967 1684 4029 quoque
1711 3968 1746 4012 se
1772 3947 1922 4011 mandata
1947 3946 2088 4026 facturos

70 4031 128 4096 Ad
153 4037 306 4098 momenta
339 4035 494 4114 quaedam
505 4035 533 4116 ⁸)
570 4054 631 4116 per
665 4035 814 4117 spiritum
842 4034 939 4100 datur
964 4031 1054 4096 nobis
1104 4033 1266 4111 iurabant,
1294 4032 1438 4098 atrides
1461 4031 1540 4097 Neb.
1567 4038 1621 4109 1o,
1647 4032 1735 4098 Psal.
1761 4038 1842 4111 118,
1864 4031 1921 4111 qni
1940 4035 1985 4096 est
2007 4029 2085 4095 Heb.

68 4117 246 4183 coelestium
267 4120 423 4184 saevitate
444 4121 557 4198 terimi,
583 4120 713 4185 etuiliil
740 4119 868 4185 carnale
888 4123 962 4183 tunc
982 4137 1053 4184 con·
1109 4120 1216 4203 119²)
1244 4120 1318 4184 item
1344 4123 1369 4182 2
1398 4117 1507 4183 Paral.
1535 4120 1588 4195 15,
1627 4117 1721 4184 Dent.
1743 4122 1792 4182 29
1819 4123 1846 4183 ct
1874 4114 1986 4180 Erccl.
2018 4115 2086 4200 16).

67 4205 237 4286 cupisccre.
287 4204 339 4269 Dc
365 4206 444 4270 coelo
471 4206 560 4270 nobis
594 4206 766 4287 aliquando
792 4205 901 4284 datur,
933 4205 1053 4269 sincem
1109 4205 1188 4286 Quis
1209 4210 1276 4270 tam
1297 4224 1404 4269 amens
1429 4205 1527 4282 iuret,
1556 4208 1612 4267 aut
1641 4205 1714 4285 quis
1734 4203 1826 4270 Deus
1851 4203 1962 4267 iurare
1985 4200 2087 4282 saciat

68 4291 157 4355 intus
175 4290 313 4375 diliperc,
333 4295 395 4356 toto
417 4292 521 4356 cordis
542 4293 660 4372 affectu
681 4296 773 4372 atque
795 4291 842 4355 ita
862 4296 935 4355 tanc
956 4289 1052 4372 lepem
1105 4311 1174 4354 rem
1206 4291 1331 4356 annino
1359 4289 1607 4372 impossibilem?
1657 4288 1747 4354 Deris
1768 4293 1914 4365 testatur,
1935 4306 2087 4368 mancep-

68 4376 209 4459 implere.
262 4376 349 4440 Nam
383 4378 440 4459 qui
473 4377 591 4461 diliqit,
631 4378 726 4461 lcqem
753 4376 906 4458 impleuit,
942 4380 977 4439 ut
1004 4375 1053 4439 ait
1103 4380 1208 4441 torum
1236 4375 1476 4442 observationum
1506 4375 1569 4440 sibi
1590 4374 1730 4455 plaeere,
1757 4379 1785 4438 et
1805 4395 1843 4439 ea
1862 4373 1971 4453 ipsum
1990 4371 2086 4437 delec-

70 4461 206 4528 Poulus.
252 4461 320 4526 Hoc
341 4464 469 4544 passim
496 4463 591 4527 datur
618 4463 780 4546 reponitis,
808 4462 949 4529 coelestia
975 4480 1051 4526 suo·
1103 4463 1176 4527 tari.
1220 4461 1276 4526 Au
1296 4482 1348 4527 res
1369 4459 1575 4543 impossibilis
1592 4480 1663 4525 eum
1683 4458 1872 4526 delectabat?
1918 4456 1956 4522 Si
1976 4458 2027 4522 uis
2043 4457 2086 4523 ad

66 4549 148 4614 oiter
166 4548 375 4632 qustantibus.
403 4549 449 4613 At
465 4549 595 4632 frapilis
611 4548 701 4613 bomo
720 4569 780 4612 non
797 4549 952 4630 persistit,
974 4547 1051 4628 quin
1103 4549 1201 4612 uitam
1222 4548 1355 4631 inprodi,
1376 4567 1467 4613 serua
1488 4545 1641 4610 mandata
1663 4544 1792 4630 (Mattlr.
1817 4549 1885 4623 19).
1938 4542 1996 4607 Ad
2011 4560 2087 4625 pos·

66 4656 90 4702 a
111 4654 205 4700 carnee
224 4653 298 4698 moe
319 4635 503 4715 abducatur,
525 4640 554 4700 et
575 4633 837 4717 transqrediatur.
864 4635 1052 4716 Quanquam
1104 4633 1285 4700 sibilitatern
1306 4633 1509 4698 antecedentis
1529 4632 1671 4713 seqnitur
1685 4629 1883 4714 possibilitas
1903 4647 2086 4712 consequen·

66 4721 142 4787 baec
163 4740 225 4785 non
240 4721 374 4801 proprie
395 4722 520 4787 duntur
542 4721 757 4804 transqressio,
778 4720 856 4800 quia
877 4725 1049 4785 nonesto
1104 4720 1155 4783 tis.
1206 4718 1294 4783 Haec
1327 4723 1372 4784 est
1403 4719 1513 4802 reputa
1547 4718 1779 4784 misericordiae
1804 4716 1884 4782 Dei:
1916 4713 1987 4799 qu
2014 4733 2086 4779 mm

65 4807 138 4892 leqe.
177 4805 239 4873 Ubi
261 4807 345 4871 enim
365 4828 427 4874 non
448 4811 493 4873 est
515 4807 573 4886 ter,
595 4827 650 4872 neo
670 4806 881 4890 transqressio
902 4809 956 4885 est,
978 4809 1052 4870 teste
1105 4804 1205 4883 Deris,
1226 4805 1349 4888 faciens
1369 4804 1618 4870 misericordiam
1640 4802 1790 4882 inmitte,
1813 4803 1857 4867 iis
1876 4802 1931 4883 qui
1951 4800 2086 4883 ddiqunt

65 4966 274 4976 ————---——

1104 4996 1307 5005 ——-

138 5032 167 5097 1)
188 5032 239 5086 scri
261 5038 313 5085 tus.

135 5099 167 5167 2)
186 5100 219 5154 D.
238 5048 348 5153 Baulos.
1175 5097 1205 5158 1)
1224 5111 1281 5176 per.

134 5170 166 5237 3)
185 5168 316 5239 quaedam
335 5183 386 5222 om.
1173 5164 1204 5231 2)
1223 5181 1269 5234 qui
1287 5170 1330 5220 ent
1346 5161 1429 5219 Hebe.
1448 5160 1498 5216 119
1516 5176 1567 5217 on.
