4620 5894
207 213 271 277 611
1009 202 1141 271 VERA
1159 201 1423 271 ECCLESIAE
2162 202 2224 269 628

207 404 276 463 est:
304 395 360 479 331
380 393 444 461 sibi
464 392 598 462 licuisse
619 392 804 472 ostendent,
826 390 1012 476 promiscue
1032 389 1192 475 nulloque
1243 392 1329 457 ritus
1351 389 1453 471 dona,
1481 389 1600 474 quihus
1627 388 1812 474 praeditum
1840 390 1909 455 fore
1931 389 2106 457 Christum
2129 390 2225 459 docet

210 481 340 547 delectu
368 480 523 566 vulgare,
556 478 645 563 quod
671 479 770 544 331113
804 477 968 543 duntaxat
1001 476 1192 543 hominihus
1245 475 1322 559 (Ies.
1345 480 1394 554 11,
1414 476 1458 561 2).
1504 474 1693 559 Septimum
1717 476 1828 541 nescio
1849 475 2010 559 quomodo
2031 476 2067 541 in
2090 476 2223 563 vulgari

209 567 413 633 destinatum
441 564 534 631 erat?
584 564 700 647 Neque
728 563 818 628 enim
852 562 1017 647 apostolos
1048 562 1192 647 legimus
1243 561 1465 627 translatione
1492 560 1643 626 additum
1670 562 1742 626 fuit
1788 559 1892 642 Quasi
1921 560 2063 627 sublime
2089 560 2223 647 aliquod

208 672 329 718 manus
351 651 504 717 omnibus
525 651 734 733 imposuisse,
762 647 820 714 sed
841 649 904 715 hoc
924 646 1111 733 symbolum
1133 648 1191 714 ad·
1243 648 1393 713 subesset
1413 647 1625 733 mysterium,
1653 648 1851 729 septiformis
1870 647 1980 731 gratia
1999 646 2079 713 inde
2099 666 2223 715 excusa

208 736 357 803 hibuisso
379 744 510 802 tantum
533 733 769 802 distribuendis
794 734 929 818 spiritus
950 735 1056 799 sancti
1078 732 1190 799 donis:
1242 733 1314 798 fuit
1360 732 1429 798 Sed
1450 733 1556 815 primo
1578 754 1620 797 ex
1642 752 1754 798 erroro
1770 732 1794 811 ¹)
1823 741 1922 798 natus
1942 739 1994 797 est
2014 734 2221 817 septenarius

210 844 293 907 quae
315 823 463 887 omnium
484 822 587 887 fuisse
607 820 808 899 communia,
839 842 883 886 ne
907 820 964 885 isti
986 816 1119 903 quidem
1141 819 1190 884 di·
1242 839 1410 884 numerus.
1442 818 1583 895 Deinde,
1605 824 1644 882 31
1664 819 1727 884 hoc
1748 826 1885 897 1333313,
1908 818 2002 884 cuius
2024 819 2089 884 erit
2110 820 2220 903 aequi·

209 915 297 975 cunt
341 908 415 972 Iam
436 907 500 973 hoc
520 927 599 990 ergo
620 906 685 972 erit
705 905 875 985 dissimile,
897 902 985 989 quod
1004 925 1190 971 sacramen-
1242 904 1330 981 tatis,
1354 904 1395 969 ad
1423 912 1549 987 septem
1572 902 1718 981 effectus,
1741 903 1835 986 quasi
1852 904 1887 968 in
1904 911 2083 987 angustum
2103 924 2219 990 engere

209 1001 291 1072 tum,
310 1014 375 1076 quo
397 1013 465 1057 non
486 991 553 1057 nisi
571 998 677 1057 certos
690 991 841 1057 homines
863 990 990 1075 dignati
1012 997 1090 1056 sunt
1109 1010 1190 1073 apo-
1242 990 1398 1072 spiritum
1426 988 1506 1054 Dei:
1540 1010 1643 1073 quum
1673 988 1750 1054 alibi
1784 990 1937 1055 veritatis
1971 994 2046 1070 [pag.
2079 996 2157 1071 133]
2187 998 2220 1057 31

210 1079 297 1157 stoli,
319 1098 482 1162 peraeque
503 1077 655 1142 omnihus
680 1078 757 1143 novi
784 1074 980 1141 mediatores
1008 1082 1189 1159 exponunt.
1241 1075 1515 1153 sanctificationis,
1538 1075 1677 1159 gratiae,
1700 1096 1850 1157 precum,
1878 1074 2063 1158 adoptionis
2084 1076 2218 1159 spiritns

208 1164 284 1230 Iam
305 1183 407 1246 quum
433 1163 602 1228 fateantur
624 1162 770 1228 chrisma
796 1159 1059 1262 superadditum,
1089 1182 1190 1245 quum
1241 1159 1378 1243 perinde
1399 1162 1598 1239 nominetur,
1621 1168 1660 1225 ut
1680 1160 1734 1226 hic
1756 1180 1816 1226 sex
1837 1181 1855 1225 e
1879 1160 1992 1227 ithetis
2013 1168 2156 1229 ornatus
2171 1169 2218 1229 est

211 1249 281 1315 sola
302 1268 462 1313 manuum
480 1246 647 1333 impositio
670 1248 707 1311 in
727 1270 790 1313 usu
806 1248 924 1312 fursset
944 1246 1114 1329 apostolis:
1138 1247 1191 1312 cui
1241 1266 1263 1311 3
1286 1245 1467 1329 propheta?
1513 1245 1552 1311 Si
1570 1252 1664 1310 tants
1685 1254 1737 1310 est
1759 1267 1834 1311 saec
1872 1247 2008 1313 'nostri
2029 1246 2217 1333 33113313-

209 1355 245 1401 se
267 1353 482 1417 persuasurus
505 1333 706 1410 existimant,
729 1338 861 1397 tantum
883 1332 1190 1398 111133311331131133
1242 1329 1364 1409 titudo,
1392 1332 1447 1398 vel
1474 1331 1630 1409 caecitas,
1658 1340 1695 1395 ut
1720 1332 1842 1415 iniquis
1862 1331 2072 1414 praeiudiciis
2100 1354 2218 1401 causae

209 1440 416 1497 concessum,
443 1426 601 1501 utquam
622 1418 703 1500 ipsis
729 1416 864 1482 libuerit
891 1418 1031 1501 gratiam
1054 1418 1190 1500 spiritus
1242 1424 1375 1482 nostrae
1403 1415 1532 1482 bonitas
1554 1416 1725 1482 obruatur:
1756 1425 1902 1482 atcerte
1925 1418 2029 1483 maior
2051 1418 2089 1484 in
2111 1426 2217 1503 poste-

210 1505 344 1589 signare
366 1502 565 1570 exhibeant?
610 1504 792 1586 Postquam
819 1510 945 1587 septem
972 1512 1191 1568 numerarunt
1241 1502 1372 1567 riserit
1394 1503 1555 1585 aequitas:
1585 1508 1623 1566 31
1644 1510 1825 1585 agnoscant
1852 1523 1951 1586 quam
1972 1504 2163 1587 importune
2182 1504 2218 1570 in

209 1595 426 1667 sacramenta,
446 1589 700 1672 unumquodque
721 1590 869 1672 ipsorum
881 1586 1017 1654 tradunt
1039 1590 1074 1652 in
1095 1589 1189 1655 nobis
1241 1608 1319 1652 oves
1342 1586 1468 1652 Christi
1489 1588 1641 1652 innoxias
1658 1589 1798 1671 grassati
1820 1588 1887 1652 sint
1907 1590 1964 1655 isti
1985 1589 2065 1673 lupi,
2086 1591 2146 1674 qui
2156 1590 2217 1657 sihi

209 1676 340 1742 31113313
362 1673 450 1758 quod
471 1676 603 1759 figurat
647 1675 739 1758 Ergo
761 1674 790 1740 si
811 1673 1001 1739 hominibus
1022 1673 1117 1740 licuit
1136 1695 1189 1739 sa·
1240 1680 1411 1756 pastorum
1433 1680 1728 1756 nomenarrogant.
1759 1673 1852 1739 Nihil
1863 1683 1915 1741 ost
1935 1682 2003 1739 tam
2025 1674 2216 1757 absurdum,

209 1767 417 1827 crementum
438 1760 510 1824 sine
532 1760 632 1826 verbo
653 1759 719 1825 Dei
739 1759 895 1843 prodere,
923 1759 1106 1825 subiectum
1127 1760 1191 1825 1311
1242 1758 1328 1823 nihil
1349 1764 1417 1823 tam
1441 1758 1601 1838 deforme,
1628 1759 1715 1841 quod
1737 1780 1805 1824 non
1826 1759 1889 1824 hac
1908 1782 1976 1826 una
1996 1759 2110 1826 fidelia
2131 1760 2217 1827 deal·

209 1866 322 1913 eorum
358 1844 509 1925 arbitrio,
547 1843 634 1928 quod
666 1846 728 1911 sibi
767 1846 826 1911 uni
859 1844 953 1911 Deus
985 1844 1148 1911 vendicat.
1165 1845 1189 1929 ¹)
1242 1845 1336 1909 bent:
1360 1844 1539 1924 ecclesiam,
1561 1864 1645 1927 quae
1667 1844 1792 1927 optima
1813 1854 1864 1910 est
1886 1845 2018 1912 divinae
2035 1847 2219 1913 voluntatis

208 1930 392 2016 Repugnat
408 1936 580 2014 praetcrea
596 1931 668 2013 ipsa
679 1952 805 2015 quoque
815 1931 1013 1996 sacramenti
1033 1930 1189 1997 definitio.
1241 1929 1406 2013 interpres
1416 1931 1443 2010 ²)
1477 1931 1524 1995 ita
1556 1930 1687 1995 sentire.
1731 1931 1786 1994 Ita
1817 1952 1918 2013 quum
1947 1931 2027 1998 solis
2060 1933 2219 2017 episcopis

207 2016 323 2099 Neque
345 2016 434 2081 enim
454 2016 538 2080 mihi
560 2014 739 2100 negabunt,
762 2016 978 2082 sacramentis
999 2015 1089 2081 hunc
1112 2036 1188 2099 pro·
1242 2014 1457 2081 confirmandi
1477 2017 1530 2080 ius
1552 2017 1730 2099 assignant,
1753 2014 1787 2079 id
1810 2016 2058 2100 comprobatum
2076 2040 2150 2085 esse
2161 2018 2219 2083 ad-

208 2103 352 2184 positum
375 2122 447 2167 esse
467 2104 578 2180 finem,
600 2109 638 2166 31
659 2103 752 2185 quasi
774 2101 920 2187 sigillum
930 2100 1025 2166 nobis
1047 2102 1124 2180 sint,
1147 2100 1189 2165 ad
1242 2100 1326 2165 dunt
1346 2102 1447 2166 131133
1466 2101 1621 2167 ecclesiae
1643 2122 1817 2167 consensu:
1845 2124 1977 2186 nempe,
2008 2104 2036 2169 si
2058 2104 2219 2171 eiusmodi

209 2185 403 2253 sanciendas
440 2187 476 2250 in
517 2187 638 2252 animis
674 2189 798 2253 nostris
836 2188 900 2252 Dei
945 2187 1188 2271 promissiones.
1242 2207 1419 2252 consensus
1441 2185 1665 2251 aestimandus
1687 2194 1739 2251 331
1760 2207 1874 2252 eorum
1896 2188 2039 2255 libidine.
2075 2187 2145 2255 Sed
2158 2190 2220 2257 hcc

209 2271 377 2353 Quorsum
404 2293 483 2356 ergo
511 2273 711 2338 sacramenti
737 2295 832 2349 usus,
859 2273 888 2337 si
915 2272 1009 2337 nulla
1035 2278 1189 2355 331313-
1242 2272 1424 2336 etiamnum
1456 2272 1642 2355 indignius,
1681 2271 1767 2354 quod
1801 2274 1924 2339 iactare
1961 2296 2029 2341 non
2061 2284 2222 2342 verentur

208 2357 322 2421 missio
356 2376 455 2439 quam
489 2356 662 2441 obsignat?
712 2357 815 2423 Nulla
850 2364 960 2423 autem
996 2358 1188 2441 reperietur,
1242 2356 1464 2439 apostolorum
1485 2357 1614 2440 praxin.
1659 2359 1741 2423 Tres
1764 2357 1926 2425 duntaxat
1947 2381 2051 2444 quum
2068 2361 2139 2426 sint
2158 2362 2221 2429 loci

208 2463 307 2526 quam
329 2464 408 2508 suae
430 2442 673 2508 confirmationi
700 2450 814 2525 aptare
840 2450 970 2525 queant
1015 2443 1189 2510 1333313-
1241 2441 1329 2525 apud
1341 2443 1469 2508 Lucam
1491 2444 1580 2527 (Act.
1599 2448 1629 2521 8,
1654 2448 1690 2506 17
1710 2448 1791 2522 319,
1817 2449 1854 2508 17
1873 2453 1907 2510 31
1927 2450 1975 2525 19,
1995 2450 2040 2530 6),
2062 2446 2122 2513 ubi
2143 2469 2220 2514 nar·

206 2529 329 2593 mentis
357 2528 529 2610 quaeritur
556 2527 661 2594 divini
688 2548 769 2612 erga
794 2548 855 2594 nos
888 2529 1012 2594 favoris
1040 2529 1189 2595 testimo·
1241 2535 1295 2592 rat
1330 2527 1392 2593 hac
1430 2529 1637 2595 caeremonia
1674 2528 1886 2595 distributum
1931 2552 2002 2597 esse
2048 2533 2219 2615 spiritum:

207 2614 312 2693 nium,
336 2614 429 2678 cuius
451 2614 500 2678 rei
520 2614 615 2679 Deus
641 2613 712 2697 ipse
738 2613 829 2680 solus
849 2611 988 2680 idoneus
1010 2621 1062 2680 cst
1083 2617 1187 2681 testis.
1241 2634 1308 2678 non
1319 2614 1432 2678 minus
1453 2614 1516 2697 ipsi
1527 2613 1632 2679 Paulo
1654 2636 1773 2681 manus
1795 2617 1835 2680 ab
1846 2618 1979 2682 Anemo
1999 2617 2102 2684 fuisse
2116 2619 2220 2703 impo-

207 2697 297 2779 Quid
320 2697 387 2763 1313
415 2697 522 2763 adfert
550 2698 780 2765 confirmatio?
825 2705 900 2780 [pag.
920 2706 995 2781 131]
1025 2700 1186 2784 Denique,
1241 2700 1322 2764 sitas
1334 2705 1484 2777 13313131,
1494 2699 1524 2785 ⁸)
1545 2720 1645 2783 quam
1657 2699 1729 2764 31113
1751 2701 1893 2779 aPetro,
1914 2703 2040 2769 Ioanne
2058 2703 2219 2771 etPaulc.

206 2782 484 2866 quemadmodum
494 2784 630 2868 probam
650 2791 817 2851 monetam
830 2785 872 2851 ab
887 2785 1073 2851 adulterina
1083 2786 1189 2851 forma
1241 2782 1351 2865 Quem
1373 2784 1525 2850 Ananiae
1547 2785 1773 2869 episcopatum
1796 2785 1932 2867 dabunt,
1955 2810 1999 2854 ne
2009 2788 2157 2855 alienum
2167 2812 2221 2856 ar·

205 2868 520 2953 publicadiseernit:
543 2870 591 2935 ita
609 2868 799 2954 ubicunque
812 2892 878 2937 non
890 2891 1022 2938 cernam
1042 2872 1187 2954 insoulp-
1240 2870 1380 2952 ripuisse
1401 2890 1523 2936 munus
1546 2870 1697 2936 dicatur?
1741 2873 1788 2936 Et
1809 2880 1921 2938 tamen
1943 2874 2128 2942 haereticos
2148 2896 2221 2943 esse

205 2962 279 3020 tum
293 2954 359 3020 Dei
378 2953 527 3035 verbum,
545 2954 613 3021 illic
635 2964 880 3023 sacramentum
898 2955 982 3022 falso
1003 2957 1119 3023 iactari
1136 2978 1187 3023 se·
1239 2955 1464 3035 nosclamant,
1475 2956 1617 3021 nisitam
1628 2957 1787 3023 convictis
1796 2959 1979 3026 mendaciis
1988 2964 2219 3027 assentiamur.

206 3061 284 3106 cure
313 3041 484 3124 excipiam.
530 3040 641 3107 Audio
669 3041 749 3124 quid
776 3064 819 3108 ex
846 3040 986 3109 adverso
1017 3042 1189 3126 proferant
1241 3039 1332 3122 Quin
1354 3039 1550 3106 etiamdum
1573 3042 1742 3126 gregarios
1760 3044 1948 3112 sacerdotes
1966 3047 2003 3111 in
2023 3048 2220 3113 necessitate

202 3126 441 3193 moderatores:
466 3148 677 3210 quascunque
706 3128 795 3192 enim
819 3126 1068 3194 habemusdes
1091 3128 1188 3194 iritus
1241 3126 1446 3192 substituunt
1473 3128 1632 3210 episcopis
1666 3128 1744 3211 (qua
1772 3129 1813 3195 de
1842 3152 1879 3196 re
1906 3136 2015 3197 exstat
2041 3131 2077 3196 in
2104 3150 2220 3198 eorum

263 3214 311 3277 tia
331 3213 582 3295 promissiones,
610 3213 677 3279 huc
708 3213 964 3280 accommodant
1010 3211 1056 3279 Se
1100 3214 1187 3280 hanc
1241 3212 1422 3279 canonibus
1439 3211 1594 3296 Gregorii
1616 3212 1768 3297 epistola)
1778 3216 1807 3293 ⁴)
1829 3215 1937 3296 illam,
1965 3217 2059 3282 cuius
2080 3216 2220 3285 obtentu

228 3300 369 3386 centiam
402 3299 503 3363 nimis
535 3306 691 3383 proterve
724 3298 786 3366 sibi
819 3306 998 3383 usurpant,
1031 3307 1069 3364 ut
1101 3299 1187 3383 qaod
1241 3298 1337 3364 nobis
1369 3296 1530 3379 illudunt,
1564 3299 1786 3381 apostolorum
1812 3302 1932 3385 praxin
1957 3301 2138 3369 ostendunt
2159 3302 2221 3371 sibi

201 3384 295 3449 Deus
318 3385 511 3468 simpliciter
532 3386 707 3468 promittit,
729 3385 933 3471 restringant
955 3384 996 3451 ad
1009 3406 1086 3451 suas
1108 3407 1188 3468 qua·
1240 3405 1447 3468 nequaquam
1469 3404 1540 3449 esse
1560 3405 1621 3467 pm
1641 3384 1724 3469 lege.

203 3468 380 3552 lescunque
393 3472 626 3536 caeremonias.
660 3469 811 3555 Simplex
833 3478 893 3551 est,
915 3470 1071 3556 nulloque
1092 3472 1188 3556 signe
1327 3471 1374 3534 at
1404 3491 1564 3535 manuum
1602 3476 1715 3536 tamen
1753 3472 1916 3555 impositio
1956 3474 2122 3540 servanda
2161 3482 2220 3543 est

204 3554 417 3637 implicitum,
451 3556 540 3638 quod
567 3556 665 3621 audio
698 3578 741 3622 ex
770 3579 826 3622 ore
854 3557 996 3637 Christi,
1031 3557 1187 3641 spiritum
1240 3556 1328 3620 Nam
1350 3555 1380 3620 si
1401 3555 1556 3622 credibile
1576 3576 1645 3621 non
1669 3564 1735 3635 est,
1765 3578 1803 3622 ea
1828 3558 1893 3624 nisi
1914 3557 2040 3625 Christi
2061 3560 2221 3627 mandato

205 3639 358 3705 fidelibus
379 3648 537 3724 perpetuo
561 3642 764 3706 adfuturum.
808 3643 869 3707 Isti
891 3643 927 3706 in
945 3643 1015 3708 oleo
1038 3644 1131 3726 quasi
1152 3645 1189 3708 in
1242 3663 1319 3707 usos
1339 3642 1442 3708 fuisse
1464 3641 1643 3725 apostolos,
1673 3642 1766 3708 nobis
1794 3643 1901 3710 instar
1928 3645 2012 3729 legis
2033 3652 2085 3711 est
2105 3666 2222 3712 eorum

209 3726 307 3791 theca
317 3726 473 3811 spiritum
483 3749 519 3793 se
529 3727 693 3793 inclusum
707 3727 829 3793 habere
838 3729 978 3813 fingunt,
997 3734 1031 3792 et
1040 3749 1100 3794 sua
1110 3748 1190 3793 unc·
1242 3727 1435 3793 observatio.
1487 3728 1577 3792 Huic
1617 3727 1758 3792 alterum
1798 3750 1926 3814 quoque
1959 3744 2129 3797 annexum
2161 3739 2221 3813 est,

205 3813 295 3877 tione
318 3810 475 3895 depromi.
520 3814 566 3876 Et
587 3813 715 3878 interea
736 3834 818 3896 quas
839 3813 887 3877 ita
908 3812 1092 3897 depravant
1112 3835 1188 3897 pro-
1240 3813 1339 3878 inane
1361 3811 1550 3896 symbolum
1571 3833 1639 3876 non
1661 3814 1769 3878 fuisse.
1802 3815 1870 3880 Pro
1892 3824 2100 3882 sacramento
2119 3818 2222 3903 igitur

205 3898 396 3977 missiones,
424 3896 630 3962 fundamenti
658 3898 729 3963 loco
762 3906 913 3979 sumunt,
945 3920 987 3965 ne
1014 3897 1189 3964 videantur
1241 3895 1430 3962 habendum
1463 3901 1536 3975 [pag.
1573 3902 1646 3976 133]
1687 3919 1758 3965 esse
1798 3901 1978 3967 conficitur.
2034 3902 2110 3986 Ego
2142 3922 2221 3971 vero

204 3983 277 4049 sine
295 3984 424 4048 ratione
446 3981 544 4065 loqui.
1241 3990 1419 4065 utrumque
1445 3982 1584 4047 istorum
1607 3983 1721 4049 fateor.
1767 3984 1835 4051 Sed
1857 3986 1943 4068 quod
1964 3987 2104 4053 minime
2125 4008 2221 4073 prac-

292 4069 353 4148 At,
382 4088 485 4151 quum
507 4068 556 4133 ita
584 4069 696 4133 credat
717 4069 868 4147 ecclesia,
897 4090 957 4135 nos
980 4070 1075 4134 aiunt
1096 4069 1189 4134 illam
1241 4066 1439 4133 tereundum
1457 4075 1529 4132 erat
1549 4090 1616 4133 non
1638 4069 1882 4136 considerantes
1894 4071 2093 4139 mediatores
2106 4075 2220 4153 nostri,

186 4150 329 4241 'negare
352 4154 540 4219 columnam
564 4174 636 4219 3333
658 4155 822 4233 veritatis,
849 4156 877 4221 si
898 4155 995 4220 aliter
1016 4155 1188 4221 sentimus.
1243 4154 1336 4219 cuius
1357 4155 1408 4219 rei
1429 4153 1554 4219 scilicet
1575 4155 1676 4219 133111
1697 4164 1953 4238 sacramentum,
1982 4180 2024 4224 cx
2045 4160 2221 4245 temporali

207 4241 315 4305 Atrox
338 4240 480 4316 crimen,
502 4241 530 4305 si
557 4240 690 4323 quidem
712 4260 829 4305 verum
851 4250 946 4307 esset.
992 4238 1061 4307 Sed
1087 4262 1189 4324 quum
1242 4239 1396 4323 imperite
1416 4247 1614 4324 perpetuum
1637 4241 1770 4307 faciunt.
1816 4242 1952 4309 Gratias
1969 4244 2118 4327 spiritus,
2140 4266 2222 4331 qaae

207 4345 329 4391 nomen
352 4326 508 4391 ecclesiae
522 4327 710 4390 nonminus
732 4325 888 4408 improbe,
912 4347 1011 4409 quam
1032 4326 1189 4393 audacter
1242 4333 1322 4391 tunc
1344 4326 1596 4391 conferebantur
1617 4347 1677 4408 per
1698 4348 1859 4393 manuum
1880 4329 2141 4413 impositionem,
2164 4330 2221 4398 ali·

208 4412 422 4487 mentiantur,
446 4409 527 4494 quid
548 4410 637 4476 aliud
661 4432 760 4493 quam
781 4411 875 4477 velut
896 4414 1107 4497 oppressae&
1130 4433 1187 4477 ve·
1243 4419 1366 4495 quanto
1389 4418 1463 4495 post
1485 4412 1627 4477 conferri
1649 4412 1793 4493 desiisse,
1816 4426 1932 4479 notum
1953 4423 2012 4482 331
2058 4415 2143 4484 Sive
2162 4416 2223 4483 hoo

210 4495 300 4558 ritati
328 4496 514 4562 insultant?
560 4498 611 4563 Ac
646 4518 710 4581 qno
736 4496 856 4562 melius
883 4496 1057 4562 barbaram
1093 4520 1188 4563 suam
1242 4497 1361 4562 mundi
1387 4495 1625 4582 ingratitudine
1653 4497 1779 4564 factum
1806 4500 1922 4579 fuerit,
1950 4502 2021 4569 sive
2043 4505 2123 4587 quia
2144 4504 2223 4569 33113

208 4580 362 4645 ferociam
390 4581 547 4665 prodant,
581 4590 803 4649 commentum
830 4581 912 4647 illud
940 4582 981 4647 de
1006 4584 1189 4666 septiformi

210 4666 436 4749 313113131133
458 4668 639 4750 explosum,
661 4669 762 4735 fidem
781 4668 935 4734 ecclesiae
949 4668 1124 4751 appellant,
1148 4669 1189 4734 de

209 4771 275 4833 qua
295 4751 346 4816 fas
368 4773 435 4816 non
457 4752 501 4817 311
522 4753 681 4821 dubitare.
714 4755 838 4821 Iesaias
859 4776 917 4820 sex
934 4762 1106 4821 enumerat
1123 4755 1189 4839 spi·
1314 4770 1344 4835 1)
1364 4768 1978 4843 (1131333331331313133333333133.

1313 4838 1344 4901 2)
1363 4837 1391 4890 13
1413 4837 1501 4891 (113113
1520 4839 1676 4893 3313113333
1695 4839 1728 4894 (13
1751 4841 1836 4894 verite
1860 4848 1888 4895 ct
1910 4844 1956 4910 qui
1979 4843 2080 4898 entend
2102 4846 2222 4902 11331133

1244 4907 1273 4960 13
1290 4904 1400 4960 volente
1418 4906 1451 4959 de
1469 4906 1547 4960 Dieu.

1316 4974 1346 5041 3)
1366 4972 1439 5027 Add.
1462 4980 1490 5027 et
1511 4972 1656 5030 toutesfois
1678 4975 1782 5030 Ananis
1805 4974 1914 5032 n'estoit
1937 4977 2018 5048 qu’un
2046 4983 2144 5054 simple
2171 4983 2222 5039 dis·

282 5039 312 5103 1)
330 5039 405 5093 Add.
422 5042 532 5094 assvoir
549 5040 692 5111 d’cslargir
709 5044 749 5099 les
766 5059 862 5113 313333
881 5045 917 5099 du
935 5046 1021 5101 331331
1038 5044 1140 5114 Esprit
1246 5043 1315 5113 ciple
1333 5043 1368 5096 (13
1386 5042 1412 5096 S.
1430 5042 1506 5096 Paul.

280 5106 311 5174 2)
331 5123 434 5163 comme
452 5107 509 5164 s'ilz
527 5110 555 5163 la
574 5112 696 5165 tenoicut
713 5128 780 5167 3333
798 5113 872 5169 13313
889 5114 977 5183 piedz.
1314 5109 1346 5180 4)
1364 5110 1433 5165 Dist
1451 5109 1486 5163 95
1504 5126 1544 5165 ca.
1562 5111 1692 5178 pervenit
