4590 5902
718 205 992 278 TRAOTATUS
1014 207 1309 276 THEOLOGIUI
1330 206 1554 279 hssNORES.

936 608 1142 693 CAPUT
1173 607 1347 690 XXIX.

165 812 572 912 EXPOSITION
604 733 737 909 SI‘IR
762 810 1115 909 L'ORAISON
1147 812 1242 909 DE
1270 811 1329 908 N.
1356 809 1403 907 S.
1428 807 1616 908 IESUS
1645 808 1902 910 CHRIST.
1959 804 2114 910 1551.

284 1031 497 1099 Possidemus
516 1030 666 1097 libellum
689 1029 914 1097 minusculum
935 1039 970 1097 et
991 1031 1135 1096 nitidum
1156 1052 1255 1116 quem
1276 1031 1312 1096 in
1333 1030 1427 1096 nulla
1450 1030 1515 1094 alia
1530 1028 1737 1107 bibliotheca,
1756 1051 1864 1113 neque
1886 1032 2019 1116 publica
2040 1056 2148 1118 neque

129 1149 271 1233 privata,
292 1143 446 1223 vidimus,
468 1150 648 1209 tractatum
669 1141 824 1223 ἀνώνυμον
846 1141 886 1208 de
903 1144 1049 1209 oratione
1067 1142 1233 1209 dominica
1249 1143 1482 1222 coutinentem,
1505 1162 1645 1224 eumque
1667 1141 1785 1226 gallico
1807 1164 1958 1210 sermone
1980 1145 2148 1231 conscrip-

130 1266 217 1337 tum,
238 1275 337 1342 quem
358 1256 399 1322 ab
421 1253 619 1321 haeredibus
637 1254 675 1321 O.
698 1254 868 1333 Sudhofii,
886 1253 1030 1339 theologi
1053 1275 1160 1339 nuper
1178 1254 1484 1333 Francofurteusis,
1507 1251 1706 1318 redemimus
1727 1253 1875 1320 eiusdem
1896 1257 2032 1322 nomine
2055 1266 2147 1324 auto-

95 1436 100 1446 ,
127 1367 254 1455 grapho
276 1368 481 1452 insignitum.
525 1365 592 1448 Qui
614 1375 691 1432 anta
713 1367 803 1432 hunc
820 1387 896 1432 eum
917 1365 1110 1448 possederat
1135 1367 1279 1452 ligatura
1300 1365 1415 1449 pulcra
1443 1374 1477 1430 et
1496 1365 1556 1429 tali
1583 1369 1729 1451 5555155
1752 1363 1855 1450 digna
1876 1376 1994 1432 ornato
2017 1370 2146 1454 inipso

127 1480 282 1565 operculo
304 1500 324 1544 a
345 1479 528 1563 bibliopego
550 1485 585 1543 et
596 1477 727 1545 calvini
750 1476 877 1547 autor’fl
896 1499 1018 1543 nomen
1040 1486 1074 1544 et
1091 1478 1265 1546 Genevam
1285 1477 1428 1561 patriam
1450 1478 1583 1542 inscribi
1606 1477 1713 1555 iussit,
1736 1477 1772 1541 in
1795 1485 1935 1562 utroque
1953 1481 2146 1566 neutiquam

126 1593 238 1660 falsus.
283 1590 416 1657 Titulus
438 1589 589 1674 opusculi
611 1589 665 1656 hie
685 1597 750 1656 est:

282 1704 662 1790 EXPOSITION
696 1706 702 1810 Ι
736 1725 830 1793 svs
862 1725 1113 1793 n’onarson
1144 1727 1149 1811 l
1178 1727 1243 1792 55
1271 1725 1456 1794 555555
1486 1724 1728 1793 55155555
1756 1712 1762 1814 ι
1796 1706 1919 1790 Iesus
1954 1706 2141 1824 Christi

299 1847 305 1917 Ι
326 1847 404 1904 LVG.
426 1849 474 1903 XL
492 1836 668 1923 Seigneur,
691 1839 848 1922 enseigne
870 1859 954 1904 nous
972 1845 993 1903 a
1010 1840 1106 1921 prior.
1126 1847 1132 1915 Ι
1152 1848 1290 1904 ΜΑΤΤΗ.
1313 1849 1360 1903 Vl
1378 1847 1384 1916 Ι
1405 1837 1526 1919 Quand
1548 1859 1631 1903 vous
1651 1838 1750 1921 priez,
1773 1860 1816 1903 55
1833 1839 1944 1923 parles
1966 1861 2028 1924 pas
2045 1843 2142 1909 beau·

125 1975 219 2038 ooup,
240 1971 367 2019 oomme
386 1949 392 2036 Ι
411 1949 459 2017 les
477 1949 625 2016 Gentils:
649 1972 706 2017 car
721 1951 764 2017 ile
782 1950 916 2016 arrident
938 1958 1025 2016 estre
1047 1971 1189 2017 exauoez
1212 1972 1272 2033 par
1289 1950 1389 2016 beau·
1408 1948 1414 2035 Ι
1432 1971 1515 2032 coup
1533 1949 1574 2015 de
1591 1950 1743 2033 purolles.
1763 1950 1770 2035 l
1963 1961 1969 2028 Ι
1987 1963 2027 2017 bl
2044 1964 2140 2021 1551.

281 2062 422 2130 Constat
443 2062 498 2128 hic
522 2061 652 2128 libellus
685 2062 812 2128 duobus
838 2059 1109 2145 quaternionibus
1137 2062 1272 2145 (A-B)
1299 2061 1423 2126 formae
1450 2062 1638 2127 octonarius
1667 2062 1819 2141 minoris,
1852 2063 1986 2148 paginis
2008 2066 2141 2151 triginta

127 2176 263 2243 duabus.
287 2175 417 2255 Nomen
438 2173 640 2259 typographi
656 2194 764 2257 neque
786 2175 823 2238 in
844 2174 953 2239 fronte
974 2179 1121 2258 apparet,
1143 2193 1250 2257 neque
1267 2173 1305 2237 in
1322 2174 1398 2237 fine.
1421 2173 1550 2237 Verum
1567 2173 1647 2256 quin
1671 2175 1865 2258 genevensis
1886 2176 1988 2241 fuerit
2010 2175 2139 2245 dubium

125 2309 199 2356 esse
221 2286 351 2371 nequit,
385 2293 420 2350 et
452 2285 509 2351 vix
531 2306 552 2351 a
571 2305 651 2351 vero
671 2283 898 2350 aberrabimus
927 2286 956 2350 si
978 2284 1031 2352 vel
1053 2285 1207 2368 Crispino
1230 2284 1284 2351 vel
1306 2282 1456 2350 Gerardo
1479 2282 1691 2349 tribuendum
1709 2284 1873 2365 ducimus,
1901 2310 2046 2371 quorum
2064 2293 2140 2360 altar

127 2399 240 2485 plures
262 2397 485 2464 Institutionie
508 2403 619 2479 partes
641 2395 755 2462 eodem
776 2397 845 2463 lere
863 2404 1009 2482 tempore
1031 2395 1209 2479 separatim
1231 2394 1347 2475 edidit,
1366 2396 1449 2461 alter
1466 2417 1504 2461 eo
1525 2397 1596 2479 ipso
1618 2417 1704 2463 anno
1726 2402 1805 2462 1551
1827 2398 1980 2482 gallicam
1998 2403 2138 2470 eiusdem

128 2510 238 2595 operis
259 2509 484 2575 recensionem
506 2528 626 2574 novam
648 2515 682 2574 et
703 2515 833 2574 auctam
855 2531 897 2574 ex
915 2509 1047 2575 officina
1068 2528 1130 2574 sua
1150 2507 1282 2591 prodire
1303 2509 1414 2588 iussit,
1438 2529 1456 2574 5
1477 2528 1543 2592 qua
1563 2510 1670 2574 nostri
1687 2509 1790 2575 libelli
1812 2508 1975 2578 editorem
1998 2517 2137 2601 quisquis

128 2622 186 2690 ille
207 2623 315 2701 fuerit,
338 2621 428 2687 hune
450 2619 643 2703 simpliciter
665 2618 876 2704 descripsisse
892 2621 1073 2704 putaveris
1096 2620 1255 2686 Attamen
1276 2621 1304 2685 si
1321 2619 1399 2704 quid
1416 2619 1568 2689 ridemus
1578 2619 1732 2705 Crispino
1751 2623 1860 2705 potius
1880 2645 1981 2706 quam
1994 2626 2137 2694 Gerardo

4 2786 13 2793 .
37 2816 42 2825 Ι
130 2734 312 2801 (1155515155
334 2732 395 2798 has
417 2731 565 2817 pagellas
587 2739 736 2816 acceptas
758 2733 874 2798 referri
896 2732 1024 2812 debere,
1045 2753 1112 2797 non
1130 2737 1261 2797 tantum
1282 2733 1360 2816 quia
1376 2732 1432 2797 ille
1454 2731 1514 2798 tali
1535 2731 1689 2797 methodo
1706 2734 1741 2797 in
1764 2734 1960 2819 evrdgandis
1979 2737 2136 2806 calvinia-

129 2847 184 2913 nis
203 2842 486 2914 lucubrationibus
507 2845 558 2909 uti
578 2844 718 2924 solebat,
745 2853 779 2911 55
800 2866 842 2911 ex
864 2845 980 2910 alienis
1001 2842 1174 2910 sudoribus
1202 2843 1331 2911 luorum
1352 2845 1474 2922 facere,
1501 2843 1560 2910 sed
1580 2844 1724 2909 maxime
1744 2845 1831 2929 quod
1852 2867 2033 2930 operarum
2050 2872 2136 2937 prae·

128 2959 234 3026 fectus
256 2958 328 3024 sive
349 2965 512 3024 comestor
544 2958 736 3040 saepissime
769 2957 849 3022 alias
882 2956 972 3040 leges
999 2955 1269 3040 orthographicas
1300 2955 1362 3023 sibi
1393 2957 1524 3040 scripsit
1551 2978 1650 3040 quam
1679 2978 1763 3040 quae
1795 2958 1831 3022 15
1853 2958 1997 3026 Gerardi
2017 2962 2136 3031 officim

129 3071 350 3136 obtinuerant.
395 3069 483 3133 'lum
504 3067 567 3133 hoo
589 3090 716 3153 quoquo
737 3069 875 3134 minime
896 3067 1132 3152 negligendum
1150 3066 1292 3148 videtur,
1314 3069 1401 3152 quod
1418 3077 1530 3135 tertiis
1548 3070 1630 3153 ipse,
1652 3068 1692 3134 de
1715 3090 1779 3153 quo
1802 3069 1857 3136 hic
1879 3073 2001 3155 agitur,
2021 3071 2135 3141 nonad

128 3182 306 3250 editionem
327 3180 552 3247 Institutionie
573 3182 653 3246 enni
677 3185 774 3260 1551,
798 3179 855 3246 sed
878 3178 920 3245 ad
941 3180 1086 3262 priorem
1107 3178 1329 3245 Gerardinam
1350 3181 1429 3245 anni
1456 3186 1537 3244 1545
1557 3182 1780 3246 conformatus
1803 3191 1868 3262 est,
1890 3182 2039 3269 adeoque
2062 3189 2133 3253 eius·

128 3292 205 3361 dem
227 3293 442 3378 apographon
470 3291 586 3357 haberi
607 3291 712 3358 debet.
757 3291 995 3376 complectitur
1020 3290 1151 3357 libellus
1183 3300 1297 3357 noster
1328 3313 1411 3375 quae
1437 3293 1595 3377 leguntur
1622 3294 1658 3357 in
1690 3291 1833 3359 editione
1861 3316 1889 3360 a.
1917 3301 2000 3362 1545
2028 3299 2133 3366 indeo

129 3427 205 3491 pag.
228 3410 304 3471 790:
336 3406 484 3471 Nostra
512 3425 607 3488 pere
627 3405 696 3488 qui
718 3425 760 3471 55
787 3426 829 3470 55
847 3406 981 3482 oieux,
1011 3423 1114 3486 nsque
1136 3402 1178 3467 ad
1199 3424 1274 3487 pag.
1298 3407 1377 3470 805:
1411 3415 1451 3470 et
1471 3426 1491 3469 a
1511 3405 1635 3470 voulu
1657 3426 1700 3471 oe
1722 3406 1790 3489 qui
1813 3408 1941 3472 estoit
1962 3410 2130 3492 besoing.

133 3496 314 3600 (551551
344 3515 546 3600 0112va
574 3518 598 3599 t.
623 3519 761 3580 30-47.
804 3515 867 3581 55
899 3519 983 3580 loeo
1011 3515 1114 3580 Line
1142 3514 1199 3579 111
1227 3514 1332 3599 cnsp.
1358 3515 1430 3581 xx
1457 3519 1481 3601 5.
1512 3521 1649 3581 35-45.
1694 3515 1780 3602 opp.
1811 3518 1944 3584 Calvina
1972 3522 2065 3588 som.
2089 3515 2133 3587 111

131 3627 190 3694 ool.
214 3631 411 3705 424-450.)
453 3627 559 3692 Primi
581 3621 713 3692 tantum
733 3648 849 3693 versus
869 3649 930 3712 pro
952 3626 1147 3693 necessitate
1169 3646 1280 3691 rerum
1301 3627 1486 3710 paullulum
1508 3628 1675 3693 immutati
1696 3629 1744 3693 ita
1764 3649 1801 3695 se
1822 3629 1961 3698 habent:

287 3737 344 3803 Au
365 3743 615 3804 55555555555555
636 3740 767 3804 desasto
789 3740 916 3805 5555555
936 3739 1077 3805 55551555
1104 3739 1281 3804 considero
1305 3740 1385 3822 qu'cl
1404 3739 1489 3822 fault
1512 3760 1571 3822 quc
1593 3745 1689 3806 555555
1710 3761 1770 3806 noa
1791 3743 1936 3808 55555555
1956 3751 2063 3829 soporat
2077 3759 2131 3828 pot

129 3869 210 3918 5555
225 3849 402 3934 maenaa
423 3849 652 3917 555151555εὲ55
672 3851 693 3914 ὰ
714 3849 801 3915 Dies
822 3871 867 3914 55
884 3852 1011 3917 5555515
1031 3855 1135 3914 nostre
1159 3848 1310 3935 85195555
1331 3857 1512 3918 55555555
1530 3851 1622 3919 Iesus
1646 3851 1767 3918 Christ:
1800 3854 1887 3919 aiaei
1907 3875 2024 3924 5555555
2044 3854 2129 3924 aelle

130 3984 169 4030 55
191 3963 246 4047 luy
261 3966 399 4044 5555555
420 3966 499 4027 estre
521 3960 699 4046 5955555155
714 3981 782 4043 par
803 3966 891 4028 outre
913 3981 993 4028 555.

946 4299 1150 4387 oneum
1181 4303 1330 4387 xxx.
1404 4268 1408 4274 ’

371 4537 777 4637 DISPUTATIO
811 4537 905 4636 DE
940 4537 1356 4639 COGNITIONE
1390 4541 1693 4640 HOMINIS.
1751 4533 1902 4639 1552.

285 4793 350 4859 Hic
373 4814 500 4877 quoqne
522 4792 653 4858 libellus
675 4791 773 4858 hodie
795 4793 984 4859 rarissimus
1009 4791 1051 4858 ad
1078 4813 1192 4859 eorum
1214 4816 1390 4861 numerum
1412 4797 1555 4879 pertinet
1576 4817 1656 4880 quos
1678 4797 1725 4863 Io.
1744 4798 1919 4884 Crispinus
1941 4821 1984 4868 ex
2005 4800 2129 4867 Institu-
2165 4714 2192 4859 11

131 4905 219 4969 51555
240 4903 424 4971 christiana
454 4904 615 4988 decerpsit
647 4905 824 4989 separatim
857 4903 1074 4970 excudendos.
1119 4905 1313 4972 Invenimus
1340 4908 1510 4991 exemplar
1531 4929 1650 4986 unum,
1680 4918 1713 4974 55
1741 4918 1872 4995 praeter
1897 4908 2129 4997 parisienseiu

133 5014 268 5081 aedibus
291 5016 326 5081 ὃ.
351 5016 552 5082 Geuovcvae
575 5029 781 5082 asservatum
798 5017 893 5085 nobis
916 5019 1060 5094 unicum,
1083 5017 1118 5080 in
1141 5015 1338 5085 bibliotheca
1355 5019 1626 5086 Francofurteusi
1649 5041 1691 5086 ex
1713 5043 1779 5105 qua
1800 5022 1972 5090 nobiscum
1996 5025 2036 5090 nd
2057 5019 2152 5089 tent·⁴

130 5148 193 5211 pus
214 5129 491 5196 communIcutum
514 5140 564 5193 est
583 5127 828 5195 humanissime.
874 5130 1004 5196 Titulus
1026 5131 1072 5195 sio
1095 5128 1208 5195 habet:

73 5412 132 5566 h
