4590 5902
861 241 913 308 IN
932 240 997 310 RE
1019 241 1431 312 sAoRAMJsNrARIA.
2091 254 2156 318 706

570 483 623 548 Ad
646 484 689 548 x,
1171 435 1233 501 hoc
1255 437 1416 518 posterius
1435 434 1511 499 alibi
1532 437 1665 501 tractari
1683 456 1779 519 nego.
1826 434 1893 502 Sed
1911 459 1979 503 non
1996 448 2075 505 sunt
2093 440 2153 506 1005

1171 542 1284 587 omnes
1306 521 1522 589 coacervandi
1544 523 1637 604 quasi
1661 521 1746 586 nihil
1766 522 1929 588 differant

223 603 287 669 Est
309 602 362 668 hic
384 603 470 686 quod
494 612 600 668 tecum
619 604 833 687 expostulem,
856 603 986 687 quando
1004 625 1058 669 me
1076 602 1117 670 ad

138 711 210 756 eam
239 689 485 772 simplieitatem
507 710 659 767 revocas,
695 711 794 772 qnam
824 691 852 754 si
881 692 1055 774 quisquam
1085 698 1119 756 et
1566 657 1620 723 Ad
1642 657 1758 724 XVII·

136 775 245 842 solide
260 775 403 840 asseruit
425 775 486 839 hoo
507 784 662 858 tempore,
687 785 720 840 ct
742 775 828 841 clare
846 776 1032 860 explicavit,
1056 797 1116 861 ego
1257 779 1502 863 Argumentum
1525 797 1589 860 quo
1634 798 1740 860 ugnas
1762 779 1819 844 alii
1841 779 2027 846 eluderent:
2050 803 2153 865 quum

135 861 218 926 mihi
252 881 341 926 unus
373 862 462 925 inter
494 861 589 938 alios,
625 861 811 944 etquidem
840 883 907 928 non
931 871 1117 948 postremus
1171 885 1272 930 coena
1294 865 1367 948 ipsa
1386 864 1471 929 aetio
1492 864 1537 927 sit
1557 799 1715 930 coelestis.
1761 863 1849 946 Quia
1870 873 1983 932 tamen
2005 875 2153 934 mentem

138 968 208 1014 esse
231 946 355 1012 videor.
400 945 466 1028 Qui
489 948 612 1031 scripta
632 969 707 1013 mea
728 947 893 1032 legerunt,
924 950 1034 1015 sciunt
1055 949 1117 1015 hoe
1169 957 1261 1015 tuam
1294 951 1424 1032 assequi
1452 949 1536 1013 mihi
1563 948 1692 1027 videor,
1726 951 1882 1029 concedo,
1916 953 2053 1018 minime
2082 975 2155 1020 esse

137 1034 259 1118 passim
283 1054 302 1098 a
323 1054 376 1098 me
398 1033 564 1099 inculcari.
1170 1057 1289 1119 corpus
1322 1035 1448 1101 Christi
1481 1035 1517 1099 in
1550 1035 1631 1100 locis
1663 1035 1720 1100 ubi
1754 1056 1856 1102 coena
1891 1038 2152 1105 administratur.

1170 1121 1288 1204 Itaque
1322 1123 1449 1203 quoties
1483 1120 1547 1189 loci
1581 1123 1706 1186 mentio
1741 1122 1906 1206 ingeritur
1945 1134 2155 1192 antevertere

560 1171 614 1236 Ad
631 1172 694 1237 XI·
1170 1208 1276 1287 soleo,
1306 1229 1348 1272 ne
1375 1208 1447 1290 quis
1475 1207 1572 1272 aliter
1597 1228 1658 1271 nos
1681 1206 1813 1273 Christo
1838 1210 1930 1293 iungi
1951 1211 2155 1295 imaginetur

224 1291 305 1375 Spes
322 1291 382 1356 tibi
400 1292 877 1376 magnaanoordiaeaffulget,
896 1294 925 1358 si
942 1313 1118 1378 pergarnus
1171 1315 1270 1376 quam
1289 1294 1368 1358 dnm
1386 1300 1497 1358 mente
1514 1294 1550 1357 in
1568 1293 1695 1357 coelum
1714 1295 1972 1361 conscendimus.
2008 1299 2155 1380 Trcpum

136 1379 184 1443 ita
204 1378 303 1460 loqui.
349 1374 453 1457 Quasi
476 1400 553 1442 vcro
581 1378 676 1443 aliter
699 1401 843 1461 unquam
865 1379 1021 1462 loquutus
1043 1383 1116 1457 sim,
1170 1400 1249 1446 vero
1272 1381 1308 1443 in
1331 1380 1440 1444 verbis
1459 1377 1585 1443 Christi
1604 1400 1657 1443 me
1680 1400 1746 1443 non
1765 1379 1939 1447 admittere
1957 1382 2073 1462 solum,
2097 1383 2155 1448 sed

136 1463 189 1530 vel
212 1465 259 1528 ita
280 1463 367 1545 loqui
390 1463 595 1527 destiterim·
621 1465 703 1548 Ego,
728 1466 775 1528 uti
798 1465 938 1531 libenter
960 1487 1043 1548 quae
1063 1467 1117 1531 hic
1172 1473 1361 1531 constanter
1388 1486 1549 1541 asserere,
1583 1486 1684 1546 quum
1713 1466 1794 1530 satis
1818 1469 1966 1548 noveris,
1998 1489 2154 1551 quorsum

136 1549 194 1615 abs
217 1557 250 1615 te
268 1557 425 1614 notantur
443 1550 551 1632 capita
570 1551 756 1633 amplector,
781 1552 827 1616 ita
844 1552 989 1618 vicissim
1008 1554 1066 1618 abs
1085 1563 1117 1617 te
1171 1572 1291 1635 urgeas
1312 1561 1351 1617 ut
1370 1550 1554 1629 concedam,
1579 1572 1645 1615 non
1668 1550 1773 1616 video.

135 1644 212 1720 peto
239 1656 282 1700 ne
311 1655 424 1701 omues
454 1636 603 1719 protinus
632 1636 786 1718 loquendi
807 1637 931 1704 formas
953 1638 1115 1722 repudies,
1556 1687 1610 1752 Ad
1636 1686 1760 1752 XVHI

136 1742 219 1805 quae
240 1721 337 1805 paulo
359 1743 379 1785 a
400 1724 601 1804 praescripto
624 1732 680 1786 tuo
704 1722 887 1787 deflectent
1763 1739 1769 1752 ·

551 1858 602 1922 Ad
625 1857 705 1923 XII·
1257 1807 1375 1891 Inique
1403 1828 1532 1873 mecum
1563 1817 1681 1891 agetur
1710 1808 1738 1872 si
1760 1807 1871 1872 omnia
1893 1808 2034 1874 aliorum
2057 1809 2153 1890 dicta,

1170 1896 1270 1959 etiam
1303 1916 1322 1957 a
1348 1894 1468 1976 quibus
1501 1894 1601 1958 libore
1632 1893 1803 1970 dissentio,
1845 1904 2012 1976 praestare
2046 1918 2154 1981 cogar.

224 1977 338 2061 Quum
362 2000 482 2045 coenae
506 1980 627 2045 veritas
662 1979 725 2043 duo
760 1979 907 2046 membra
940 1982 1116 2059 contineat,
1170 1979 1267 2060 Quod
1287 1989 1397 2044 autem
1419 1982 1454 2044 in
1477 1979 1614 2061 epistola
1636 2001 1710 2044 mea
1732 1981 1834 2062 posui,
1858 1982 1892 2044 iu
1911 1984 2155 2048 commentariis

138 2088 241 2131 nuum
274 2066 525 2148 praetermittis,
564 2065 737 2130 Christum
770 2066 908 2144 scilicet,
945 2076 983 2133 ut
1016 2069 1117 2132 semel
1170 2067 1252 2130 meis
1285 2067 1442 2149 reperies,
1476 2065 1533 2130 ubi
1564 2065 1670 2130 locuni
1700 2065 1793 2129 illum
1822 2089 1954 2131 enarro:
1995 2068 2156 2135 Ascendit

137 2151 277 2216 traditus
300 2160 351 2217 cst
372 2173 430 2234 pro
453 2152 561 2229 nobis,
584 2151 631 2215 ita
654 2151 746 2215 nobis
768 2153 912 2234 quotidie
935 2153 1055 2231 offerri,
1079 2161 1118 2218 ut
1170 2173 1271 2234 supra
1293 2173 1406 2216 omnes
1429 2152 1534 2217 coelos
1560 2151 1659 2233 (Eph.
1680 2156 1709 2228 t,
1739 2156 1798 2231 ΞΟ).
1844 2150 1932 2233 Quin
1958 2155 2066 2232 ctiam,
2089 2156 2153 2220 nisi

138 2240 240 2303 simus
267 2259 370 2302 unum
399 2258 473 2303 cum
502 2239 582 2319 ipso.
627 2237 742 2319 Neque
771 2251 882 2307 tamen
905 2238 1016 2304 dubito
1038 2241 1117 2322 quin
1169 2259 1223 2303 me
1251 2238 1335 2302 fallit
1363 2239 1520 2302 memoria
1550 2237 1734 2319 (exemplar
1762 2238 1849 2302 enim
1880 2238 1969 2321 apud
1991 2260 2045 2304 me
2064 2263 2155 2307 nunc

139 2324 200 2388 hoo
222 2343 380 2406 agnoscas
403 2345 518 2388 verum
538 2344 617 2388 esse.
655 2324 782 2388 Verum
802 2325 916 2390 ubido
935 2347 970 2389 re
989 2326 1119 2408 signata
1170 2346 1236 2390 non
1270 2323 1404 2406 habeo),
1437 2323 1578 2406 simplici
1610 2323 1793 2387 sententiae
1827 2345 1918 2389 meae
1950 2327 2154 2407 expositione

139 2411 262 2493 agitur,
294 2410 373 2475 haec
397 2409 461 2474 duo
485 2409 569 2474 clare
593 2418 627 2473 et
650 2409 770 2474 diserte
792 2412 957 2477 recenseri
981 2409 1116 2477 debent:
1171 2432 1237 2474 non
1267 2419 1440 2475 contentus
1469 2410 1664 2473 nominatim
1694 2430 1748 2473 eos
1771 2410 1975 2492 reprehendo
1999 2414 2055 2494 qui
2077 2434 2153 2478 con-

140 2517 199 2560 nos
222 2495 324 2560 semel
343 2495 468 2561 Christi
486 2496 645 2561 sacritieio
668 2495 852 2578 redemptos
871 2520 952 2574 esso,
976 2507 1010 2561 at
1031 2498 1118 2562 idem
1171 2495 1328 2560 ditionem
1354 2495 1519 2560 coelorum
1547 2495 1696 2572 nomine,
1729 2516 1795 2559 non
1829 2495 1953 2574 locum,
1988 2497 2154 2582 designari

140 2603 264 2665 corpus
279 2583 323 2645 in
346 2603 410 2664 quo
432 2581 578 2645 oblatum
600 2590 651 2646 est
672 2583 877 2662 sacrificium,
902 2584 995 2649 nobis
1020 2584 1118 2649 hodic
1170 2581 1297 2646 volunt.
1334 2582 1424 2665 Ergo
1437 2601 1650 2664 quaecunque
1672 2578 1806 2646 adducis
1819 2584 2016 2663 testimonia,
2037 2585 2156 2667 quibus

139 2668 172 2732 in
205 2666 313 2734 cibum
347 2689 431 2746 esse,
466 2668 543 2750 quia
574 2689 634 2750 per
666 2667 765 2732 fidem
797 2669 832 2732 in
866 2670 958 2735 nobis
993 2669 1120 2735 habitat
1170 2669 1289 2749 probas
1310 2666 1447 2733 localem
1469 2689 1489 2732 a
1512 2669 1610 2732 terris
1633 2666 1758 2731 Christi
1781 2668 1981 2747 absentiam,
2005 2671 2089 2735 nihil
2112 2671 2154 2735 ad

140 2753 292 2820 Christus
314 2762 348 2818 et
369 2754 405 2818 iu
428 2754 572 2836 corporis
595 2755 646 2818 sui
670 2755 935 2820 communionem
958 2755 1081 2821 inserit.
1171 2774 1232 2832 me,
1256 2774 1364 2836 neque
1387 2752 1428 2818 ad
1451 2774 1505 2818 cos
1528 2753 1582 2835 qui
1605 2774 1735 2818 mecum
1757 2754 1913 2819 sentiunt.

538 2891 591 2955 Ad
617 2891 717 2955 XIII.
1573 2888 1627 2954 Ad
1655 2889 1752 2954 XIX.

223 3011 321 3077 Absit
339 3019 375 3077 ut
392 3011 534 3076 sentiam
552 3012 700 3076 incoena
718 3019 847 3075 tantum
859 3010 972 3077 fideles
985 3012 1117 3079 Christo
1257 3009 1362 3091 Quasi
1396 3031 1484 3089 vero,
1520 3011 1548 3075 si
1581 3009 1660 3092 quid
1688 3009 1876 3074 Lutherani
1906 3018 2058 3092 peccant,
2093 3032 2155 3096 ego

140 3099 387 3164 communicare,
428 3099 478 3163 Ac
495 3118 592 3179 saepe
609 3099 722 3162 mirari
740 3098 828 3162 subit
845 3097 931 3180 quod
945 3121 1012 3163 non
1025 3120 1117 3165 secus
1170 3098 1294 3162 crimen
1312 3098 1475 3163 sustinere
1493 3095 1638 3161 debeam.
1675 3097 1777 3178 Atqui
1801 3104 1838 3160 tu
1860 3096 1932 3178 ipsc
1955 3097 2096 3178 optimus
2120 3120 2155 3162 cs

140 3205 189 3248 me
211 3194 332 3250 tractos
359 3207 397 3248 ac
420 3184 542 3248 sicum
566 3185 767 3249 crassissimo
797 3185 924 3266 papista
951 3183 1009 3248 tibi
1032 3195 1118 3251 essct
1169 3183 1263 3248 testis
1291 3204 1391 3266 quam
1419 3183 1540 3247 simin
1562 3181 1782 3265 oppugnando
1806 3202 1920 3245 corum
1944 3204 2056 3247 errore
2079 3205 2156 3249 acer

140 3273 314 3352 negotium.
353 3269 457 3335 Cuius
474 3270 678 3336 occasionem
701 3270 823 3351 scripta
844 3291 918 3335 mea
940 3270 1001 3335 tibi
1022 3292 1117 3354 prae·
1170 3277 1203 3332 ct
1231 3269 1417 3334 vehemens.
1463 3267 1553 3349 Quid
1586 3269 1689 3332 icitur
1723 3289 1776 3331 mc
1809 3268 1843 3330 in
1868 3288 1982 3332 eorum
2004 3268 2154 3333 ordinem

141 3356 258 3421 cidnnt.
304 3356 435 3421 Passim
468 3358 555 3419 onim
589 3354 703 3434 doceo,
738 3377 803 3419 non
837 3355 918 3420 alios
950 3359 1117 3440 percipere
1169 3354 1324 3438 ablegas‘l
1370 3353 1474 3435 Quasi
1492 3320 1617 3436 ahquid
1636 3354 1672 3417 in
1692 3353 1754 3418 hac
1772 3360 1866 3435 parte
1885 3375 2060 3420 commune
2078 3375 2155 3421 cum

141 3440 307 3507 Christum
331 3444 366 3506 in
388 3461 501 3516 coena,
532 3443 594 3505 nisi
618 3443 673 3524 qni
702 3442 793 3523 prins
817 3441 1004 3506 habuerint.
1049 3442 1116 3508 Sed
1168 3440 1234 3504 illis
1257 3440 1406 3505 habeam.

141 3530 192 3610 qui
221 3529 288 3592 iam
315 3529 408 3611 prius
434 3528 619 3592 membrum
649 3539 720 3591 erat
749 3526 888 3605 Christi,
918 3531 1117 3593 sacramenti
1499 3576 1552 3641 Ad
1574 3575 1646 3641 XX
1668 3583 1702 3639 et
1724 3575 1813 3640 XXI

141 3634 198 3678 usu
219 3616 254 3678 in
277 3614 403 3679 Christi
425 3615 651 3678 communione
670 3613 784 3697 augeri
802 3621 836 3676 et
856 3616 1013 3695 proficere
1035 3614 1115 3680 dico.
2144 3668 2148 3675 .

1255 3699 1361 3763 Miror
1388 3719 1452 3780 qno
1479 3696 1613 3761 consilio
1643 3695 1744 3760 verba
1766 3696 1820 3762 hic
1841 3717 2017 3781 congeras,
2051 3719 2153 3781 quum

541 3751 591 3815 Ad
616 3752 711 3815 XIV·
1170 3806 1275 3849 uuum
1298 3783 1445 3850 dicamus
1466 3783 1570 3862 ambo,
1594 3781 1659 3845 nisi
1682 3783 1776 3846 utin
1799 3792 1888 3848 certo
1911 3805 2073 3849 consensu
2096 3805 2153 3866 ap-

222 3869 291 3950 Qui
317 3871 354 3934 in
383 3870 444 3935 hoc
472 3871 656 3946 elaborant,
686 3873 713 3935 si
741 3873 782 3936 ab
810 3872 883 3936 aliis
906 3870 1116 3949 damnantur,
1169 3881 1283 3955 pareat
1305 3870 1414 3952 aliqua
1436 3868 1675 3951 repugnantiae
1698 3868 1831 3950 species.
1883 3868 2016 3950 Quanto
2037 3869 2154 3934 fuisset

141 3975 187 4020 me
210 3956 273 4021 sibi
295 3955 417 4021 habent
445 3958 657 4022 coniunctum
679 3958 714 4021 in
737 3957 851 4022 cadem
874 3977 986 4035 causa,
1018 3959 1116 4023 sicuti
1170 3956 1360 4039 simplicius,
1383 3954 1439 4020 ubi
1462 3955 1547 4018 nihil
1569 3964 1640 4019 erat
1662 3956 1914 4028 coutroversiae,
1937 3977 2004 4020 non
2022 3963 2153 4020 mutare

141 4040 297 4108 hactenus
328 4063 401 4107 mco
435 4044 590 4126 suffragio
624 4054 761 4107 conatus
795 4066 870 4108 sum
903 4064 958 4107 cos
992 4044 1113 4109 iuvare.
1169 4045 1340 4113 internos
1365 4039 1471 4106 verba.
2080 4074 2083 4078 >

140 4126 240 4210 quue
262 4127 370 4210 palam
393 4138 426 4193 et
447 4130 592 4212 ingenue
615 4130 728 4194 fecisse
751 4130 832 4193 mihi
856 4130 975 4194 videor.
1572 4175 1616 4240 &d
1639 4175 1746 4240 XXII

468 4267 520 4331 Ad
542 4267 610 4331 XV
633 4274 666 4330 el
687 4266 783 4331 XVI·
1255 4298 1344 4380 Quia
1365 4298 1426 4364 hoc
1449 4299 1543 4381 prius
1565 4297 1765 4378 explicatum
1789 4296 1859 4374 fuit,
1883 4320 1902 4360 a
1924 4296 2064 4380 longiori
2082 4319 2151 4362 ser-

222 4385 314 4450 Nihil
347 4385 401 4452 hic
433 4387 514 4452 dicis
548 4387 633 4470 quod
668 4410 735 4451 non
769 4387 891 4467 passim
919 4387 953 4450 in
984 4386 1115 4468 scriptis
1168 4405 1264 4450 mone
1287 4406 1375 4450 nunc
1397 4383 1603 4467 supersedeo.

137 4474 218 4538 meis
240 4484 398 4538 occurrat.
436 4475 584 4555 Excepta
606 4473 767 4537 duntaxat
788 4472 944 4550 clausula,
964 4472 1021 4536 ubi
1040 4494 1115 4536 con·
1803 4518 1854 4582 IV

139 4558 246 4623 tendis
267 4559 376 4624 locum
397 4560 508 4623 Pauli:
543 4583 601 4623 nos
624 4580 699 4623 caro
722 4580 835 4623 snmus
859 4580 901 4622 ex
923 4577 1022 4623 carue
1045 4558 1116 4621 eius
1452 4521 1506 4585 Ad
1526 4519 1654 4584 XXHI
1677 4520 1800 4628 ‘lxx
1857 4568 1864 4583 ·

138 4652 170 4706 et
196 4666 272 4709 ossa
299 4665 341 4709 ex
367 4646 493 4710 ossibus
519 4647 602 4722 eius,
638 4645 678 4708 ad
706 4643 967 4708 incarnationem
990 4642 1116 4708 Christi
1254 4642 1376 4707 Merito
1399 4640 1571 4707 Christum
1598 4641 1731 4721 eiusque
1759 4638 1844 4702 dona
1866 4638 1970 4722 siguis
1992 4651 2150 4721 tanquam

137 4730 435 4796 referendumcsse.
460 4732 564 4813 Atqui
581 4731 680 4794 altius
698 4728 852 4812 quiddam
871 4738 989 4794 sonant
1007 4729 1115 4796 verba.
1168 4731 1257 4794 vasis
1288 4728 1448 4792 contineri
1481 4747 1593 4809 negas.
1639 4723 1707 4790 Sed
1738 4724 1824 4807 quod
1859 4723 1924 4789 tale
1958 4734 2150 4807 portentum

139 4815 221 4880 Nam
244 4819 273 4882 si
296 4817 358 4882 hoc
380 4825 508 4881 tantum
529 4817 651 4882 diceret
668 4816 754 4899 quod
772 4815 939 4899 intelligis,
962 4815 1050 4880 idem
1074 4815 1115 4880 ad
1168 4815 1277 4880 verbis
1300 4815 1381 4879 mois
1403 4812 1564 4877 insinuari
1584 4812 1770 4893 suspicaris,
1792 4808 1828 4874 id
1845 4822 1934 4876 certe
1958 4812 2036 4876 facis
2060 4812 2151 4876 nulla

138 4903 297 4983 quoslibet
330 4903 479 4968 homines
511 4904 683 4967 transferri
716 4913 833 4985 posset.
896 4903 1006 4985 Magis
1039 4923 1116 4985 ergo
1168 4902 1345 4966 oecas'mnc.
1400 4898 1485 4964 Dico
1519 4897 1612 4962 nobis
1645 4898 1680 4961 in
1713 4896 1774 4960 hoc
1805 4896 1951 4979 generali
1984 4899 2150 4962 axiomata

140 4985 230 5055 docet
251 4989 427 5072 apostolus,
451 5010 510 5054 nos
529 4989 654 5054 Christi
678 5010 748 5054 esse
770 4988 928 5066 membra,
952 5002 990 5052 ut
1014 4989 1116 5053 vitam
1168 4986 1356 5053 convenire:
1392 4985 1486 5068 signa
1519 5005 1584 5048 non
1613 5005 1683 5049 esse
1714 4982 1836 5047 inania.
1882 4984 1970 5047 Tum
2003 4982 2150 5063 subiicio,

140 5072 269 5158 abipso
292 5077 492 5151 hauriamus,
516 5083 673 5157 tanquam
695 5096 715 5139 a
737 5075 843 5157 capite
866 5083 993 5151 nostre,
1016 5095 1116 5156 quam
1168 5080 1292 5138 restare
1313 5079 1351 5136 ut
1373 5072 1422 5136 vis
1444 5071 1652 5152 efficaciaque
1671 5071 1841 5152 signorum
1860 5069 2045 5134 definiatur.
2083 5069 2151 5134 Re-

141 5157 176 5224 dc
196 5171 337 5228 naturae
359 5161 655 5227 communicatione
680 5159 819 5226 disserit
865 5161 981 5244 Neque
1003 5167 1116 5225 tamen
1167 5159 1299 5242 sponsio
1327 5179 1400 5224 mea
1428 5157 1489 5223 tibi
1517 5156 1668 5239 displicet
1695 5158 1851 5238 quoniam
1876 5155 1939 5222 hac
1960 5154 2152 5238 loquutione

239 5264 457 5332 quantopere.
498 5264 554 5318 vor.
576 5263 645 5318 vrr.
1906 5255 1942 5311 te
