4620 5894
148 252 211 316 639
892 243 1162 314 REFUTA'HO
1182 244 1418 316 ERRORUM
2108 250 2167 318 640

146 437 304 521 coarguit.
349 433 538 500 Attendant
559 436 707 509 lectores,
729 443 826 519 51555
848 456 891 500 ex
913 434 975 500 hoc
996 454 1125 516 quoque
1177 434 1363 501 formidinis
1385 437 1526 518 speciem
1538 435 1694 503 Abrahae
1715 437 1886 504 ctDavidi
1908 436 2042 517 tribuit,
2065 459 2165 521 quum

145 521 218 588 loco
248 521 387 597 discant,
420 521 456 585 in
489 520 676 586 refellendis
709 517 842 586 Servati
874 520 1041 585 erroribus
1072 540 1125 584 me
1177 521 1300 585 mortui
1319 533 1405 587 sunt.
1451 522 1498 586 Et
1519 530 1631 588 tamen
1653 525 1775 607 pagina
1795 529 1876 603 235,
1910 545 1971 589 eos
2001 525 2062 608 qui
2090 538 2163 589 ante

145 629 282 692 parcum
314 607 416 672 fuisse
448 607 555 690 magis
593 627 692 690 quam
728 605 892 690 cupidum.
942 605 1126 671 1551551555
1177 606 1305 672 Christi
1325 614 1466 672 mortem
1493 609 1615 673 mortui
1643 618 1721 674 sunt
1747 608 1900 676 detrusos
1930 609 1975 675 ad
1996 610 2164 676 infernum

146 695 245 778 fingit
267 694 307 758 ab
329 693 424 758 annis
446 692 536 756 mille
559 691 708 758 ducentis
731 703 764 757 et
786 692 961 775 sexaginta
975 692 1126 774 fugatam
1177 693 1279 757 151555
1301 690 1437 771 docens,
1471 695 1565 776 quasi
1586 693 1744 760 oblivioni
1766 715 1787 761 a
1808 697 1882 760 Deo
1904 695 2025 760 traditi
2047 696 2163 775 forent,

148 776 312 845 amando
333 776 443 855 fuisse,
463 785 501 841 ut
523 778 649 844 coelum
668 777 716 842 illi
739 777 893 843 exsilium
914 777 1021 842 fuerit.
1056 776 1125 841 Nos
1177 799 1299 861 paucos
1321 779 1472 860 excipere
1501 800 1536 842 se
1559 779 1666 859 addit,
1700 802 1781 864 quos
1807 782 1914 846 futuri
1938 780 2072 847 Christi
2093 802 2164 864 spes

146 872 236 930 certe
258 886 277 930 e
299 863 479 947 splendidis
499 862 630 930 sedibus
653 864 753 929 151555
775 863 912 930 eiectam
934 864 1083 940 fatemur,
1099 863 1125 945 ¹)
1177 863 1316 929 fovebat
1362 861 1431 929 Sed
1452 865 1587 946 quinam
1608 874 1686 930 sunt
1707 865 1757 931 1111
1775 867 1881 950 55551,
1904 868 1997 932 inter
2019 888 2103 951 quos
2123 887 2163 932 ne

146 949 206 1018 sed
226 952 274 1015 ita
302 950 533 1014 5151551555
565 971 600 1014 55
629 949 784 1031 reliquias
812 947 995 1013 admirabili
1018 946 1126 1032 gratia
1179 955 1366 1015 extremum
1400 949 1533 1031 quidem
1571 951 1732 1034 angulum
1771 953 1929 1018 Abrahae
1969 961 2006 1019 ot
2042 951 2164 1019 Davidi

146 1037 330 1103 servaverit
361 1034 536 1100 Dominus.
582 1034 715 1116 Alioqui
747 1036 905 1099 mentitus
937 1035 1035 1111 foret,
1069 1033 1126 1116 qui
1178 1033 1355 1117 relinquit?
1401 1033 1553 1117 Denique
1574 1037 1773 1119 generaliter
1804 1039 1851 1103 ita
1871 1038 2039 1121 loquitur,
2073 1059 2164 1120 prae·

147 1142 276 1205 semper
307 1121 449 1204 aliquem
482 1122 544 1186 sibi
576 1120 736 1203 populum
768 1121 805 1184 in
833 1127 924 1185 terre
954 1121 1023 1183 foro
1051 1139 1125 1201 pro·
1179 1119 1256 1184 dam
1278 1119 1447 1185 daemonis
1479 1122 1580 1186 151555
1612 1122 1683 1205 5155
1706 1123 1848 1200 animus,
1881 1122 2007 1206 quibus
2031 1122 2164 1190 1551555

146 1208 250 1287 misit,
284 1206 440 1291 quamdiu
462 1206 510 1271 sol
537 1215 570 1271 et
592 1207 671 1270 luna
699 1207 733 1270 in
758 1210 927 1284 [555255]
951 1203 1125 1271 55515151-
1177 1206 1335 1271 liborator
1366 1207 1520 1288 apparuit
1551 1207 1715 1274 Christus.
1766 1209 1944 1275 Caeterum
1980 1209 2067 1293 quid
2094 1217 2165 1292 post

146 1292 274 1378 gebunt
304 1291 440 1371 (Psalm.
466 1296 522 1369 72,
559 1292 602 1374 b).
655 1290 786 1357 Scimus
819 1290 897 1374 quid
929 1291 1051 1373 passim
1084 1288 1125 1354 de
1178 1301 1319 1356 mortem
1340 1289 1452 1373 adepti
1473 1292 1605 1372 1555151,
1629 1315 1696 1358 555
1718 1293 1862 1377 1155515;
1883 1296 1964 1378 5515
1986 1294 2164 1360 551151551-

146 1389 281 1446 5515555
304 1378 430 1444 Christi
452 1398 555 1460 regno
578 1384 742 1442 testentur
763 1376 952 1460 prophetae.
982 1377 1037 1440 An
1055 1375 1126 1440 eius
1178 1378 1247 1442 ficit
1268 1375 1395 1458 privari
1416 1396 1472 1442 eos
1494 1378 1659 1459 spirituali
1680 1381 1788 1464 gratia
1812 1379 1972 1463 quamdiu
1996 1381 2164 1448 vixerunt

145 1465 257 1531 sedem
284 1464 322 1528 in
351 1463 449 1529 coelis
472 1462 602 1528 locant?
647 1462 720 1527 Iuro
746 1466 816 1527 fore
849 1462 1052 1545 praedicunt,
1086 1468 1126 1525 ut
1177 1461 1956 1549 555515551555555185555115515555155
1980 1470 2059 1545 460,
2082 1464 2166 1549 5551

146 1558 313 1634 sceptrum
333 1550 404 1615 eius
426 1546 538 1614 oSion
560 1548 673 1632 555551
691 1549 855 1614 Dominus
877 1547 1037 1626 ostendat,
1060 1566 1124 1630 quo
1177 1548 1214 1612 in
1246 1548 1337 1613 nullo
1369 1547 1634 1629 patriarcharum
1661 1551 1715 1616 vel
1737 1551 1979 1635 prophetarum
2003 1552 2166 1635 requierit

146 1636 336 1702 dominetur
356 1635 398 1701 ab
420 1643 495 1698 ortu
517 1656 620 1717 usquo
642 1634 683 1699 ad
705 1654 865 1712 oceasum,
894 1641 928 1697 et
954 1633 1125 1698 51551555-
1177 1633 1314 1716 spiritus
1336 1632 1477 1698 Christi:
1509 1656 1606 1700 nemo
1629 1644 1706 1701 ante
1725 1636 1906 1702 adveutum
1928 1639 2005 1703 eius
2029 1637 2165 1706 donatus

144 1722 270 1788 reditas
291 1723 334 1787 sit
355 1732 520 1801 terrarum
541 1719 639 1785 orbis.
684 1719 782 1784 Nunc
805 1741 882 1803 ergo
904 1718 1026 1803 populo
1049 1737 1125 1783 cum
1177 1721 1239 1784 1511
1260 1719 1381 1802 5515115
1403 1722 1662 1803 regenerationis
1684 1730 1806 1788 sancto.
1836 1722 1875 1788 Si
1894 1724 1969 1805 5515
1989 1731 2089 1807 roget
2106 1744 2164 1789 un·

144 1810 278 1892 privare
307 1808 362 1890 qui
389 1827 510 1871 nomeu
531 1806 602 1870 oius
624 1804 775 1883 celebret,
808 1803 945 1888 perinde
967 1814 1018 1869 est
1038 1823 1077 1868 55
1097 1803 1126 1869 51
1178 1805 1297 1870 donam
1320 1803 1494 1870 didicerint
1515 1808 1694 1889 prophetae
1707 1830 1790 1890 quae
1807 1808 2040 1891 proditasunt
2054 1830 2165 1874 eorum

146 1893 289 1959 abscissa
310 1894 381 1957 eius
403 1898 510 1976 parte,
541 1892 651 1975 ipsum
672 1893 709 1955 in
731 1891 820 1955 ooolo
843 1890 997 1954 mutilum
1019 1888 1125 1953 15515·
1177 1891 1331 1956 oraculis:
1355 1890 1531 1972 respondet
1542 1893 1673 1971 Petrae,
1696 1893 1822 1960 Christi
1844 1895 1965 1977 spiritu
1984 1894 2092 1960 fuisse
2103 1894 2164 1959 illis

145 1979 224 2044 dere
252 1986 424 2044 tentemus.
469 1977 545 2041 Nou
574 1979 662 2042 enim
689 1978 814 2042 1555155
842 1976 962 2042 dieitur
988 1974 1125 2042 ecclesia
1177 1976 1322 2041 revelata
1336 1976 1588 2060 (l.Petr.l,12).
1613 1977 1682 2043 Sed
1695 1978 1735 2043 de
1746 1980 1818 2062 ipsa
1829 2002 1908 2046 5555
1920 1980 2021 2045 litem
2032 2000 2164 2046 movere

145 2067 215 2131 eius
248 2064 538 2147 complementum:
583 2083 643 2127 nec
673 2084 712 2128 55
741 2060 872 2145 quidem
900 2061 1050 2145 angelica
1074 2060 1125 2125 vel
1178 2083 1421 2145 supervacuum
1449 2071 1516 2128 est:
1553 2064 1631 2146 5515
1664 2075 1701 2128 51
1732 2066 1856 2131 5551155
1883 2075 2002 2148 555551
2029 2065 2163 2148 spiritus

145 2152 310 2228 eoelestis,
350 2148 408 2215 sed
435 2169 534 2232 quam
556 2151 592 2214 15
621 2149 683 2214 hac
721 2147 836 2212 mundi
858 2146 1125 2231 peregrinatione
1179 2148 1321 2225 Serveti,
1344 2148 1528 2231 quicunque
1550 2172 1617 2214 non
1636 2151 1870 2235 regenitisunt
1887 2152 2023 2217 vivifico
2036 2152 2162 2234 spiritu,

144 2238 243 2315 fovet,
267 2258 305 2301 55
326 2233 491 2319 555551115
514 2256 572 2301 555
594 2242 714 2300 155155.
754 2234 873 2317 Itaque
897 2253 974 2298 vero
994 2240 1028 2296 et
1047 2253 1125 2315 pru·
1179 2253 1235 2298 eos
1262 2233 1298 2296 in
1325 2242 1497 2298 aeternum
1523 2235 1695 2300 interitum
1722 2235 1872 2301 damnari
1895 2244 2038 2303 constat.
2069 2236 2163 2303 Unde

146 2321 265 2386 denter
286 2322 507 2404 Augustinus:
553 2320 627 2386 Nisi
649 2320 805 2386 ecclcsiae
832 2339 910 2384 suae
932 2319 1125 2382 coniunctus
1179 2328 1292 2383 autem
1315 2319 1462 2385 vivificus
1484 2321 1630 2404 spiritus,
1664 2323 1728 2386 nisi
1760 2323 1800 2388 ab
1826 2324 1899 2405 ipsa
1927 2322 2022 2387 51151
2069 2323 2162 2388 Nunc

146 2409 191 2474 sit
218 2407 391 2483 Christus,
427 2427 494 2470 non
521 2425 632 2470 secum
662 2406 780 2470 afferre
809 2403 896 2487 quod
925 2404 975 2467 illi
1004 2425 1023 2468 5
1051 2424 1126 2486 pro·
1178 2402 1312 2469 Iudaeis
1345 2404 1490 2487 aliquam
1520 2406 1664 2472 salutem
1696 2409 1820 2474 tribuat
1852 2407 2020 2474 Servatus
2052 2407 2163 2473 iudicii

146 2492 256 2575 phetis
290 2491 457 2557 tribuitur.
514 2489 604 2556 Seite
637 2492 736 2555 etiam
764 2490 843 2555 alibi
875 2489 1013 2574 colligit:
1058 2487 1125 2570 Qui
1178 2490 1286 2556 finalis
1309 2493 1383 2568 [pag.
1406 2495 1483 2570 257]
1511 2490 1652 2572 intuitu,
1686 2495 1783 2559 sicuti
1815 2504 1848 2559 et
1873 2494 2022 2560 ethnicis
2050 2494 2163 2559 tribuit

147 2578 320 2644 ecelesiam
359 2577 523 2642 interiisse
561 2576 694 2656 volunt,
738 2576 806 2640 iam
838 2597 906 2641 non
948 2596 1020 2641 5555
1056 2577 1127 2640 5155
1178 2577 1388 2660 5551551113.
1435 2575 1523 2657 Quia
1554 2587 1667 2644 tamen
1699 2578 1792 2644 nobis
1822 2579 1915 2644 55115
1936 2601 1958 2643 5
1983 2578 2069 2657 Β55,
2103 2578 2162 2645 5151

146 2663 304 2728 membra.
1178 2684 1239 2745 per
1260 2664 1520 2745 regenerationis
1549 2665 1702 2746 spiritum
1730 2665 1936 2747 promittitur
1960 2664 2066 2743 55155,
2097 2666 2161 2729 1555

233 2749 349 2831 Neque
376 2755 427 2814 est
458 2770 517 2814 555
544 2747 748 2832 5555511515
776 2747 928 2814 coniiciat
954 2746 1126 2830 quispiam,
1179 2756 1294 2812 notata
1315 2748 1379 2812 1511
1411 2768 1430 2811 5
1459 2770 1512 2814 me
1535 2747 1668 2815 Servati
1689 2751 1848 2833 impietas,
1872 2772 1893 2814 5
1914 2771 1983 2832 555
2008 2751 2161 2834 55151155

146 2856 201 2902 me
223 2833 383 2918 quidquid
404 2833 566 2916 potuerim
588 2834 622 2896 in
644 2832 787 2898 modium
812 2833 995 2916 protuhsse.
1040 2833 1127 2896 Nam
1179 2833 1274 2898 illum
1295 2834 1442 2917 patribus
1465 2848 1614 2918 ereptum
1636 2857 1709 2901 osse
1731 2836 1837 2901 doceo.
1884 2835 2053 2918 Superest
2071 2843 2161 2919 caput

146 2943 244 2989 omne
266 2943 371 3006 genus
392 2919 524 3003 ineptiis
551 2926 678 2983 scatent
706 2920 775 2985 eius
803 2918 886 2984 libri.
933 2917 1125 3000 (155115515-
1179 2919 1346 2984 unum-de
1367 2920 1562 3003 imaginaria
1584 2922 1836 2986 resurrectione:
1859 2923 1894 2986 in
1916 2942 1985 3004 quo
2008 2922 2109 2986 155115
2130 2941 2159 2986 se

146 3028 249 3085 secro,
272 3006 450 3090 speculatio
472 3013 534 3070 est:
559 3002 721 3084 Quamvis
742 3025 809 3069 non
830 3013 997 3087 peccasset
1007 3003 1126 3082 Adam,
1179 3006 1390 3071 Libertiuum
1411 3005 1541 3084 1515155,
1574 3027 1677 3088 quum
1699 3008 1761 3072 sibi
1783 3028 1803 3071 5
1823 3029 1877 3072 me
1909 3008 1986 3072 fieri
2008 3008 2161 3072 iniuriam

146 3094 321 3162 Christum
362 3099 474 3155 tamen
513 3089 793 3172 praedestinatum
821 3091 921 3156 fuisse
949 3089 1126 3165 bominem,
1180 3091 1371 3156 dissimulet
1416 3091 1486 3158 Nec
1509 3104 1595 3156 certo
1617 3091 1752 3157 dubium
1774 3101 1825 3157 est
1850 3095 1887 3157 in
1909 3094 2075 3158 flexuosis
2097 3093 2159 3157 eius

147 3181 204 3263 qui
225 3199 324 3244 55555
345 3177 484 3241 1515155
507 3183 652 3242 mutatos
673 3175 825 3241 homines
843 3197 955 3242 secum
971 3176 1007 3238 in
1021 3175 1127 3242 coelos
1180 3177 1374 3260 ambagibus
1405 3175 1529 3260 aliquid
1561 3178 1679 3244 occulti
1708 3179 1827 3243 veneni
1854 3179 2002 3243 subesse.
2048 3177 2159 3261 Capite

147 3263 319 3330 duxisset?
364 3261 476 3343 Quam
497 3262 681 3344 speciosum
702 3262 979 3345 commentum22)
1020 3262 1127 3326 Arbo·
1180 3270 1291 3327 autem
1324 3272 1441 3345 555515
1463 3263 1539 3328 libri
1572 3263 1612 3327 15
1633 3262 1717 3328 Fido
1745 3274 1778 3328 et
1798 3264 1944 3334 iustitia.
1976 3284 2048 3328 non
2071 3262 2158 3328 modo

146 3371 219 3415 rem
247 3347 401 3414 scientiae
429 3346 507 3412 boni
537 3355 570 3411 et
598 3348 676 3411 mali
699 3348 825 3413 Christi
850 3349 950 3413 151555
976 3349 1128 3432 figuram,
1179 3346 1309 3430 oblique
1341 3349 1492 3414 insinuat
1524 3370 1668 3414 errorem
1690 3371 1800 3428 suum,
1835 3348 1894 3414 sed
1921 3349 2039 3432 palam
2068 3349 2158 3414 liber·

147 3437 242 3502 ouius
264 3433 436 3517 praecipiti
464 3430 625 3497 desiderio
654 3454 726 3498 sose
747 3434 857 3500 Adam
884 3455 959 3499 cum
988 3434 1127 3517 posteris
1178 3434 1302 3498 1151551.

146 3523 184 3587 15
214 3521 352 3586 exitium
385 3517 600 3583 demerserit?
650 3520 738 3583 Nam
773 3519 835 3585 hoe
866 3519 963 3583 modo
990 3518 1125 3583 letalem

146 3608 248 3671 151555
288 3604 414 3671 Christi
454 3612 590 3687 gustum
629 3615 793 3687 sequetur.
859 3604 949 3685 Quid
987 3605 1126 3686 denique

147 3692 264 3765 eoloris
285 3689 393 3768 habet,
416 3689 586 3771 spirituale
608 3711 698 3755 nuno
720 3691 878 3773 affingere
900 3690 1033 3755 Christo
1055 3712 1125 3755 oor-
1264 3692 1441 3756 Caeterum
1464 3713 1505 3756 ne
1528 3690 1678 3773 spinosae
1689 3691 1821 3755 Servati
1842 3693 1997 3775 argutias
2015 3693 2158 3758 rudiores

146 3800 227 3863 pus,
262 3775 348 3861 quod
378 3776 503 3841 coelum
536 3784 571 3838 et
597 3781 720 3839 terram
749 3798 810 3840 555
836 3775 1041 3858 51551151155
1062 3776 1124 3838 im·
1178 3776 1344 3860 quosdam,
1364 3791 1397 3842 et
1414 3797 1583 3843 sacrarum
1601 3798 1712 3841 rerum
1729 3776 1839 3841 minus
1858 3778 1995 3858 peritos,
2015 3790 2056 3843 ut
2073 3801 2157 3862 spar-

146 3861 258 3948 515511
304 3860 372 3927 Sed
408 3881 449 3924 ne
488 3867 619 3942 praeter
646 3861 832 3925 institutam
859 3862 936 3927 libri
965 3863 1126 3925 rationem
1177 3865 1240 3928 sim
1272 3863 1430 3930 hacteuus
1462 3865 1598 3927 fuerunt
1624 3864 1783 3945 agitatae,
1817 3862 1997 3944 perplexos
2020 3873 2157 3942 teneant,

145 3949 286 4016 materia
306 3947 390 4012 mihi
412 3954 546 4025 5555551,
570 3945 665 4028 51555
686 3947 837 4029 exempla
856 3969 922 4012 non
938 3968 1124 4029 persequar.
1176 3950 1322 4014 facturus
1361 3949 1442 4013 mihi
1484 3968 1602 4031 operae
1641 3951 1783 4030 pretium
1819 3946 1952 4026 videor,
1995 3951 2025 4014 si
2067 3952 2157 4016 breve

144 4036 280 4102 Interea
301 4034 363 4098 hoe
386 4033 510 4110 tenebo,
533 4032 580 4097 sic
598 4032 777 4115 gratuitam
800 4033 943 4098 hominis
967 4032 1126 4098 iustitiam
1178 4056 1292 4098 earum
1315 4034 1545 4117 compendium
1574 4054 1616 4098 ex
1638 4033 1773 4099 confusa
1794 4032 1966 4117 farragine
1989 4035 2158 4103 collectum

145 4121 292 4206 perverti
314 4142 334 4184 5
356 4116 504 4197 Servate,
528 4126 565 4181 ut
586 4120 705 4184 misere
727 4118 861 4184 tandem
883 4117 1039 4185 concidat.
1073 4119 1126 4182 De
1179 4128 1255 4184 ante
1277 4121 1385 4186 oculos
1406 4140 1536 4203 ponam.

145 4206 270 4273 iniuria
301 4210 375 4285 [pag.
400 4210 474 4284 256]
507 4203 593 4268 15515
626 4207 728 4270 551551
761 4205 897 4287 555515,
931 4204 1016 4288 5551
1049 4226 1125 4270 eum

147 4292 315 4358 carnalem
337 4289 458 4355 1551555
480 4290 674 4356 coelestibus
695 4290 860 4355 benefieiis
883 4292 1036 4373 privavit,
1059 4292 1126 4355 iam
1434 4306 1551 4387 Qualjs
1573 4308 1617 4371 sit
1636 4308 1728 4372 Deus
1751 4305 1900 4372 servem,

147 4389 225 4444 5515
248 4377 403 4443 11555551;
427 4377 608 4440 511555155
629 4399 718 4442 5555
740 4377 866 4441 obiecto
887 4376 1027 4441 5555115
1049 4396 1124 4458 pro·

146 4465 206 4530 bro
224 4463 355 4530 evolare
377 4470 492 4526 155151.
537 4462 666 4527 Rursus
693 4469 804 4526 tamen
837 4462 960 4544 aliquid
984 4462 1127 4527 breviter
1264 4463 1376 4526 Deum
1398 4460 1460 4525 sibi
1481 4462 1591 4546 fingit,
1622 4463 1736 4544 quiin
1757 4460 1873 4526 mundi
1896 4467 2070 4533 creatione
2093 4490 2157 4533 555·

146 4557 304 4632 repetam.
327 4548 450 4612 Fateor
470 4546 602 4629 quidem
623 4549 728 4612 instar
750 4549 824 4629 equi
837 4548 1007 4614 desultorii
1019 4550 1127 4630 ipsum
1179 4549 1258 4612 bum
1281 4555 1314 4612 ct
1336 4547 1490 4628 spiritum
1512 4548 1658 4630 proferre
1680 4548 1793 4630 eoepit,
1817 4569 1855 4612 55
1878 4556 1965 4617 1555
1987 4575 2156 4635 personam

148 4634 215 4701 huc
237 4643 271 4700 et
292 4634 371 4698 11155
393 4655 464 4698 5555
488 4644 625 4698 5551555.
661 4634 747 4697 Nam
769 4636 889 4717 pagina
912 4638 984 4709 239,
1008 4633 1064 4698 uhi
1086 4633 1126 4697 de
1179 4634 1302 4710 induit,
1330 4632 1491 4698 visibilem
1515 4656 1550 4698 se
1572 4635 1695 4699 1551555
1719 4634 1756 4697 15
1782 4632 1888 4698 tribus
1917 4636 2094 4706 elementis
2114 4643 2157 4704 iu·

148 4717 1039 4802 151555511555151,515555515511511555155551555
1061 4741 1128 4784 non
1180 4720 1306 4784 creatis.
1346 4718 1487 4783 Interim
1505 4730 1617 4784 tamen
1638 4719 1794 4784 deitatem
1816 4740 1911 4784 suam
1933 4722 1983 4787 ita
2006 4729 2156 4791 creaturis

149 4805 233 4870 scire
255 4812 343 4870 certo
361 4807 470 4870 sintne
482 4803 671 4883 damnandi,
692 4805 769 4871 licet
780 4805 965 4880 formident,
989 4805 1128 4873 eandem
1180 4805 1331 4871 omnibus
1363 4806 1440 4869 fecit
1472 4826 1688 4885 communem,
1722 4813 1759 4870 ut
1791 4806 1835 4869 sit
1867 4806 1955 4890 lapis
1987 4811 2155 4896 inlepide,

1180 4892 1310 4975 lignum
1348 4891 1385 4954 in
1424 4890 1523 4974 ligno.
1574 4891 1722 4956 Tandem
1762 4912 1841 4957 5555
1881 4906 1960 4975 5551
1993 4896 2155 4964 Christum

221 5026 250 5093 1)
270 5025 344 5078 Md·
369 5035 397 5081 et
439 5026 484 5081 u’il
506 5026 550 5082 n'a
587 5043 618 5082 as
638 5035 701 5082 tenu
720 5043 773 5082 aux
791 5028 912 5083 hommes
971 5044 1004 5082 ue
1023 5029 1075 5082 ello
1094 5044 1128 5083 ne
1181 4978 1427 5042 manifestatum
1457 4979 1492 5040 in
1519 4976 1998 5076 15555555511551151555511,
2032 4998 2154 5048 maneat

149 5094 301 5152 matrasta
319 5111 371 5162 par
388 5045 455 5149 todi.
568 5046 585 5096 p
919 5046 970 5097 ,q
1180 5070 1292 5127 tamen
1320 5083 1408 5127 unus
1436 5061 1543 5128 Deus:
1577 5085 1655 5146 qma
1681 5062 1762 5128 baec
1792 5062 1999 5147 dispensatio
2025 5069 2154 5134 nihilin

220 5163 249 5232 2)
269 5163 365 5232 Quelle
384 5164 497 5220 couleur
513 5182 530 5232 y
548 5180 565 5218 5
582 5164 601 5218 il
619 5164 652 5218 15
671 5180 819 5220 5555555555.
1179 5170 1217 5216 eo
1239 5156 1355 5213 mutat·

151 4964 225 4972 ...-
231 4964 356 4970 ——-——--
