4620 5894
207 223 267 287 3³1
1006 213 1072 283 Du
1095 214 1318 283 aarum
1336 213 1422 283 DEI
2158 217 2220 282 831

202 408 420 492 disputarem,
455 406 630 472 defendere
664 403 840 470 necessitas
873 402 1041 486 compulit.
1086 399 1183 465 Didi-
1234 402 1339 469 loeus:
1380 403 1416 466 in
1443 422 1508 485 quo
1535 401 1671 467 homine
1699 402 1781 469 adeo
1815 402 1958 487 insipida
1985 411 2067 468 sunt
2095 405 2217 484 omnia,

201 496 307 563 cimus
339 493 430 559 enim
472 491 621 576 singulas
652 491 804 557 haereses
842 489 995 555 intulisse
1026 487 1183 554 ecclesiae
1235 495 1272 553 ut
1294 489 1330 552 in
1351 509 1390 553 eo
1412 487 1591 554 refellendo
1612 486 1792 572 quidquam
1814 510 1933 572 operae
1954 488 2067 555 locare
2085 488 2217 572 pudeat

200 581 352 666 proprias
375 578 597 663 quaestiones:
619 584 735 643 eontra
757 596 838 659 quas
861 574 1053 659 diligentius
1070 572 1182 638 defen·
1235 575 1305 639 Nec
1327 596 1406 640 sane
1428 573 1585 658 congredi
1612 596 1688 640 cum
1716 575 1781 640 ista
1807 574 1926 641 umbra
1949 574 2125 659 dignarer,
2155 575 2219 642 nisi

203 667 338 733 deretur
359 665 523 748 scriptura
544 662 666 743 divina,
689 681 789 747 quam
811 662 838 726 si
861 660 954 726 nulla
975 660 1051 725 talis
1069 678 1182 725 neees-
1236 660 1338 725 stulta
1366 659 1547 725 multorum
1580 662 1802 726 consternatio
1835 682 1889 726 me
1915 668 2059 746 cogeret
2104 661 2219 744 Neque

203 754 285 819 sitas
306 758 446 835 cogeret.
491 749 683 827 Caeterum,
714 745 886 814 videamus
907 745 1014 829 qualis
1042 747 1107 811 ista
1129 745 1181 823 sit,
1236 746 1326 811 enim
1359 745 1528 811 defuturos
1561 746 1719 824 arbitror,
1755 747 1811 829 qui
1838 768 1881 812 ex
1908 747 2094 830 puerilibus
2119 747 2219 831 nugis

202 859 300 924 quam
322 834 476 915 ostendit,
500 835 681 918 Augustini
702 832 907 916 subscriptio.
937 831 980 896 In
998 852 1045 911 eo,
1065 830 1181 915 inquit,
1234 831 1366 897 facilem
1392 852 1446 897 mc
1466 837 1600 916 captare
1628 833 1801 898 victoriam
1822 841 1994 916 putantes,
2022 834 2125 899 inane
2148 842 2218 898 stu-

201 930 395 1000 1100101001,
418 920 504 1004 quod
526 920 707 985 vocationis
729 926 954 1002 contemptum
976 916 1182 1000 reprobatio-
1235 916 1327 981 dium
1349 914 1472 983 derisui
1495 917 1647 983 habeant.
1674 918 1839 1003 Equidem
1860 920 1924 984 nisi
1946 926 2090 999 noooret,
2113 940 2218 1002 quan·

202 1011 255 1076 nis
276 1028 410 1075 causam
431 1006 583 1071 affirmat.
629 1007 747 1089 Longe
770 1025 848 1071 vero
870 1005 941 1087 ipse
963 1002 1067 1068 aliter.
1106 1006 1180 1081 [pag.
1235 1010 1309 1068 tum
1340 1024 1407 1068 non
1441 1005 1513 1070 sinc
1545 1005 1690 1069 maximo
1724 1005 1835 1070 dolore
1868 1003 1980 1084 audio,
2024 1012 2220 1088 contemptu

206 1100 280 1175 146]
299 1094 385 1158 Nam
402 1092 438 1156 in
455 1091 540 1155 libro
552 1091 839 1156 Retractationum
853 1088 878 1172 ¹)
897 1088 984 1167 dicit,
1003 1088 1182 1171 prolibare
1234 1089 1344 1172 potius
1367 1088 1586 1155 obterendum
1608 1111 1785 1169 censerem,
1809 1112 1908 1174 quam
1931 1092 2042 1157 verbis
2065 1090 2220 1157 refellen-

202 1180 346 1246 hominis
379 1177 516 1243 arbitrio
556 1179 603 1242 sie
635 1177 822 1242 laboratum
854 1196 940 1253 osse,
982 1184 1018 1238 ut
1045 1173 1182 1238 tandem
1235 1173 1323 1240 dum.
1360 1173 1428 1240 Sed
1449 1174 1579 1258 quando
1601 1177 1673 1242 eius
1695 1176 1771 1241 libri
1793 1198 1852 1261 per
1874 1177 2006 1243 Italiam
2029 1177 2221 1257 volitantes,

202 1266 320 1333 vicerit
341 1265 406 1328 Dei
428 1264 545 1348 gratia.
590 1263 733 1339 Verum,
757 1269 795 1325 ut
817 1260 984 1339 omittam,
1002 1258 1092 1343 'quid
1113 1258 1182 1324 illio
1234 1261 1357 1327 multos
1383 1262 1507 1344 passim
1535 1257 1743 1341 dementant,
1772 1284 1848 1328 cum
1876 1262 1979 1329 deliro
2008 1263 2164 1343 homine,
2191 1262 2220 1329 si

203 1360 238 1417 et
259 1350 386 1416 duobus
408 1350 445 1413 in
467 1348 548 1414 locis
568 1371 589 1413 a
610 1370 662 1413 me
685 1349 793 1413 citatis
805 1345 902 1425 11001,
926 1352 1181 1410 mentemsuam
1234 1367 1317 1430 opus
1339 1348 1390 1426 sit,
1413 1346 1582 1429 paulisper
1598 1347 1741 1430 ineptire
1753 1349 1850 1427 malo,
1873 1370 1973 1432 quam
1991 1370 2066 1414 meo
2085 1348 2219 1415 silentio

201 1436 332 1503 fidelius
354 1435 487 1514 saltem,
516 1456 615 1517 quam
644 1434 733 1499 mille
755 1432 804 1497 tui
824 1431 964 1510 similes,
993 1451 1179 1514 exponens:
1234 1432 1317 1517 pati,
1355 1440 1394 1497 ut
1421 1453 1496 1497 cum
1524 1440 1618 1498 tanta
1652 1433 1806 1500 ecelesiae
1832 1434 1961 1501 iactura
1987 1435 2124 1501 insania
2150 1435 2220 1500 sius

203 1522 365 1608 quomodo
392 1521 429 1585 in
461 1541 540 1586 eum
569 1521 646 1604 plus
673 1539 774 1603 quam
799 1516 1010 1602 impudenter
1032 1518 1181 1583 conferre
1234 1527 1412 1603 grassetur.
1427 1520 1452 1602 ¹)
1505 1516 1619 1599 Quum
1648 1520 1727 1584 olim
1753 1519 1917 1604 propheta
1943 1520 2105 1587 Ezechiel
2135 1540 2220 1586 anus

203 1608 321 1687 audes,
351 1604 439 1692 quod
467 1612 535 1671 toto
557 1628 654 1690 opere
683 1626 749 1669 non
778 1604 889 1668 minus
916 1604 1045 1668 fortiter
1067 1602 1180 1680 reiicit,
1234 1604 1383 1670 fatidicas
1413 1610 1487 1682 [pag.
1519 1609 1593 1684 148]
1634 1604 1763 1670 videret
1800 1608 1912 1672 fucum
1940 1607 2064 1691 populo
2092 1608 2219 1673 faeere:

203 1715 302 1780 quam
341 1693 487 1778 ingenue
519 1691 674 1757 damnat?
730 1691 781 1755 No
819 1690 949 1774 longior
982 1690 1057 1754 sim:
1099 1708 1182 1772 quae
1234 1689 1395 1755 muliebre
1417 1689 1542 1754 bellum
1564 1691 1675 1757 subire
1696 1714 1763 1758 non
1784 1693 1918 1758 erubuit
1935 1693 2072 1770 (Enoch
2088 1696 2143 1772 13,
2159 1697 2221 1771 17).

203 1780 345 1866 Pighius
374 1799 434 1861 pro
465 1800 500 1844 se
527 1777 627 1843 verba
655 1776 805 1855 adducit,
838 1774 927 1858 apud
956 1775 1183 1859 Augustinum
1207 1770 1211 1905 1
1235 1777 1336 1861 Ergo,
1358 1796 1465 1858 neque
1487 1797 1547 1842 noa
1569 1777 1689 1860 pigeat,
1713 1779 1741 1843 si
1763 1778 1892 1844 Christi
1915 1780 2003 1844 servi
2026 1799 2103 1845 esse
2126 1779 2221 1845 volu-

230 1866 340 1933 uidem
372 1872 519 1942 exstant,
554 1863 611 1928 sod
644 1863 759 1929 cadem
792 1863 915 1946 pagina
947 1861 1180 1942 refutantur.‘²)
1208 1918 1211 1945 ,
1236 1883 1327 1939 mus,
1363 1861 1608 1945 qualescunque
1635 1863 1770 1929 tandem
1795 1865 1878 1944 sint,
1914 1866 1969 1947 qui
1997 1865 2034 1930 in
2062 1865 2222 1930 horreum

205 1890 243 2020 gi
263 1959 437 2036 propterea
454 1950 578 2015 dictum
595 1958 653 2030 est,
677 1950 793 2033 inquit,
817 1969 884 2012 non
901 1947 1052 2025 volentis,
1075 1966 1182 2028 noque
1208 1952 1211 2029 1
1237 1948 1372 2013 Domini
1395 1968 1471 2013 suas
1493 1949 1685 2032 quisquilias
1707 1951 1858 2035 ingerere
1877 1951 2042 2030 nituntur,
2067 1971 2126 2016 ees
2145 1971 2222 2017 oon·

205 2038 382 2116 currentis,
417 2035 475 2101 sed
507 2036 693 2102 miserentis
726 2043 777 2100 ost
808 2032 887 2112 Dei,
921 2033 999 2116 quia
1031 2031 1183 2097 voluntas
1209 2064 1212 2099 ;
1237 2042 1327 2099 serta
1347 2055 1448 2099 manu
1470 2033 1641 2117 depellere.

204 2124 349 2190 hominis
370 2122 441 2189 sola
462 2143 529 2186 non
551 2117 1182 2200 01111011111101010010110111011110,
1209 2118 1212 2249 1
1325 2118 1421 2199 Quod
1452 2128 1586 2186 aeterno
1608 2123 1672 2187 Dei
1703 2123 1839 2188 oonsilio
1861 2122 2129 2206 praedestinatos
2152 2141 2222 2189 esse

205 2211 271 2275 nisi
292 2210 467 2274 adiuvetur
486 2206 710 2272 misericordia
720 2208 798 2271 Dei:
822 2211 931 2288 potest
953 2211 986 2268 et
1009 2203 1071 2268 hoc
1088 2201 1184 2266 modo
1238 2205 1388 2271 homines
1410 2204 1564 2284 dicimus,
1589 2207 1641 2272 vel
1664 2207 1886 2285 adsalutem,
1915 2208 1971 2274 uel
1992 2208 2036 2273 01
2060 2209 2221 2274 exitium:

207 2294 285 2362 dici:
325 2295 435 2379 Igitur
463 2314 530 2357 non
558 2293 746 2358 miserentis
771 2298 822 2357 est
842 2289 923 2368 Dei,
954 2288 1012 2354 sed
1040 2288 1184 2352 hominis
1237 2292 1344 2357 tribus
1366 2290 1533 2357 decausis
1555 2314 1615 2357 nos
1644 2314 1682 2357 00
1703 2293 1740 2358 in
1770 2316 1806 2358 ro
1829 2295 2026 2360 hallucinari
2051 2294 2221 2379 Georgius

207 2381 362 2447 volentis:
404 2379 481 2462 quia
514 2378 738 2444 misericordia
759 2377 824 2443 Dei
853 2375 925 2442 sola
957 2395 1024 2439 non
1053 2374 1184 2453 sufficit,
1237 2384 1344 2462 putat.
1385 2374 1536 2458 Quarum
1563 2378 1706 2461 primam
1737 2381 1893 2464 assignat,
1925 2380 2011 2463 quod
2039 2379 2223 2446 Eleotionis

207 2467 274 2533 nisi
295 2486 473 2533 consensus
495 2474 628 2529 nostrae
650 2464 829 2529 voluntatis
848 2460 996 2526 addatur.
1035 2463 1084 2525 At
1103 2458 1186 2524 illud
1238 2484 1359 2529 nomon
1392 2484 1458 2528 non
1490 2463 1702 2530 observemus
1742 2465 1872 2532 diverso
1910 2488 2011 2532 sensu
2049 2466 2159 2549 accipi
2189 2464 2224 2530 in

207 2552 421 2618 manifestum
443 2561 506 2616 ost:
537 2551 662 2615 frustra
683 2571 744 2614 nos
766 2548 865 2625 velle,
889 2548 954 2611 nisi
977 2547 1069 2612 Deus
1087 2546 1186 2611 mise·
1210 2554 1215 2705 1
1239 2551 1417 2632 scriptura:
1446 2570 1580 2633 nempe,
1603 2550 1689 2634 quod
1712 2552 1754 2616 ad
1776 2574 1898 2617 munus
1920 2552 2106 2635 temporale
2127 2572 2222 2635 quos-

207 2644 336 2704 reatur:
366 2636 447 2701 illud
470 2642 580 2701 autom
598 2635 708 2701 ncsoio
726 2632 886 2718 quomodo
904 2632 1041 2712 dicatur,
1064 2633 1187 2696 frustra
1240 2636 1317 2701 dam
1338 2635 1439 2719 eligat
1450 2634 1554 2713 Deus,
1578 2637 1633 2702 ubi
1654 2637 1747 2702 nulla
1763 2640 1802 2703 fit
1817 2646 1970 2703 aeternae
1983 2639 2073 2703 vitae
2087 2637 2221 2716 mentio,

208 2725 319 2791 Deum
339 2723 506 2799 misereri,
536 2723 599 2787 nisi
627 2742 687 2787 nes
715 2720 866 2787 velimus.
912 2717 949 2783 Si
979 2721 1066 2783 enim
1094 2717 1187 2783 Deus
1240 2743 1346 2804 noque
1368 2723 1468 2786 ctiam
1490 2723 1575 2787 ratio
1599 2723 1747 2788 habetur.
1794 2723 1861 2790 Sed
1882 2723 1999 2808 quibus
2022 2721 2223 2806 persuadeat

206 2811 390 2887 miseretur,
418 2808 518 2872 etiam
540 2808 707 2873 volumus:
739 2807 815 2891 quia
837 2803 879 2870 ad
899 2803 1036 2870 eandem
1058 2804 1187 2868 miseri·
1241 2807 1380 2873 stolidus
1402 2816 1557 2892 nugator,
1586 2830 1646 2874 nos
1674 2809 1711 2872 in
1733 2812 1896 2892 scriptura
1918 2818 1986 2876 tam
2016 2810 2222 2875 1110100101-

211 2896 355 2963 cordiam
377 2894 530 2977 pertinet,
553 2901 591 2958 ut
612 2895 763 2973 velimus,
786 2895 882 2958 iuxta
902 2889 998 2955 illud:
1022 2889 1116 2956 Deus
1139 2896 1189 2955 est
1240 2895 1357 2959 citatos
1385 2915 1471 2975 esse,
1511 2900 1550 2959 ut
1580 2894 1726 2959 nondum
1756 2905 1941 2976 teneamus,
1975 2894 2134 2975 Saulem,
2169 2895 2224 2978 qui

205 2982 261 3066 qui
284 2988 442 3064 operatur
469 2987 502 3044 et
532 2979 617 3045 velle
646 2987 680 3045 et
706 2982 873 3063 perficere.
919 2978 1005 3041 Nam
1035 2976 1063 3042 si
1089 2996 1188 3059 quae·
1241 2978 1399 3063 reprobus
1421 2988 1502 3059 erat,
1525 3001 1638 3064 regem
1660 2989 1773 3047 tamen
1795 3003 1866 3048 esse
1889 2982 2053 3048 electum?
2079 2987 2113 3061 (l
2133 2979 2221 3048 Sam

205 3088 329 3146 ramus,
348 3073 462 3132 utrum
474 3064 539 3130 Dei
562 3065 687 3131 donum
706 3068 749 3131 sit
767 3065 924 3133 voluntas
942 3061 1041 3127 bona:
1065 3063 1188 3126 mirum
1242 3067 1363 3149 1116.)
1407 3064 1537 3143 Iudam,
1561 3067 1728 3132 diabolum
1750 3069 1874 3148 vocari,
1897 3069 1954 3152 qui
1976 3090 2064 3133 unus
2089 3076 2163 3133 erat
2183 3088 2223 3132 ex

205 3155 235 3221 si
263 3153 436 3237 quisquam
465 3172 588 3235 negare
621 3150 748 3218 audeat.
799 3149 905 3216 Paulo
939 3156 1027 3232 post:
1071 3147 1189 3230 Itaque
1242 3150 1427 3231 duodecim,
1461 3172 1542 3234 quos
1578 3174 1597 3216 a
1625 3173 1661 3216 se
1689 3152 1843 3220 Christus
1876 3155 1997 3221 eleetos
2031 3149 2221 3238 praedicat?

206 3260 325 3305 verum
347 3244 411 3303 est:
434 3257 501 3301 uon
523 3238 664 3303 volentis
686 3258 793 3322 neque
816 3236 990 3315 currentis,
1014 3232 1072 3299 sod
1089 3234 1189 3298 mise·
1242 3237 1369 3315 (Ioann.
1392 3242 1421 3316 6,
1444 3239 1511 3324 70.)
1556 3237 1627 3303 Cur
1648 3239 1734 3304 locos
1757 3261 1824 3307 non
1846 3248 1941 3305 notat
1962 3242 2049 3306 male
2071 3248 2109 3306 et
2128 3240 2224 3324 impis

206 3325 310 3390 rentis
332 3325 412 3389 Dei:
446 3323 525 3406 quia
552 3326 651 3389 ctiam
681 3326 708 3390 si
737 3323 860 3389 multos
882 3331 986 3401 vocet,
1011 3325 1084 3399 [pag.
1112 3325 1185 3398 147]
1242 3346 1262 3387 a
1284 3323 1379 3388 nobis
1398 3323 1565 3403 adductos,
1589 3324 1645 3408 qui
1667 3346 1814 3392 errorem
1835 3329 2055 3409 patefaciant?
2087 3330 2223 3408 Verum,

205 3432 320 3477 eorum
347 3420 458 3475 tamen
486 3410 662 3475 miseretur
690 3431 771 3493 quos
805 3411 852 3474 ita
880 3415 991 3485 vocat,
1007 3405 1186 3489 quomodo
1243 3409 1371 3474 somnia
1392 3409 1463 3493 ipse
1485 3411 1546 3476 sibi
1568 3410 1716 3490 fabricat,
1739 3414 1878 3496 quaein
1900 3413 2035 3478 cerebro
2058 3424 2222 3493 suonata,

205 3496 316 3562 vocari
338 3495 403 3560 illis
424 3501 541 3577 ¹aptum
564 3506 623 3574 est,
647 3502 684 3561 ut
702 3504 890 3580 sequantur.
916 3493 1055 3558 Falsum
1076 3499 1187 3557 autem
1243 3503 1402 3578 tanquam
1429 3495 1536 3561 aliena
1558 3495 1712 3562 debellet:
1746 3500 1873 3563 interea
1900 3500 2038 3580 mirum,
2062 3499 2223 3585 quomodo

206 3583 331 3665 siquis
354 3579 447 3645 dicit:
475 3581 552 3645 Non
575 3583 764 3648 miserentis
786 3583 861 3661 Dei,
886 3579 943 3645 sed
967 3579 1108 3644 volentis
1131 3579 1190 3643 ho·
1215 3644 1218 3655 ,
1244 3581 1369 3647 decimo
1396 3582 1527 3648 circiter
1554 3603 1653 3647 versu
1681 3586 1848 3667 praecepti
1876 3586 1928 3649 sui
1958 3584 2099 3666 oblitus,
2129 3586 2224 3653 Pauli

206 3668 306 3733 minis
341 3675 406 3732 est:
451 3666 527 3748 quia
559 3668 684 3732 nullius
718 3670 845 3733 frustra
878 3667 971 3730 Deus
1005 3666 1189 3730 miseretur.
1216 3662 1219 3753 1
1244 3669 1431 3732 testimonio
1453 3688 1514 3733 nos
1536 3679 1719 3752 oppugnet:
1749 3671 1800 3736 Ne
1822 3692 1925 3753 quum
1952 3671 2026 3737 aliis
2054 3673 2223 3756 praedica·

210 3753 316 3820 (iuius
340 3752 429 3817 enim
452 3752 636 3832 miseretur,
658 3755 705 3821 sic
728 3775 803 3818 eum
817 3764 920 3832 vocat,
943 3750 1106 3834 quomodo
1130 3752 1192 3816 scit
1245 3753 2043 3842 1010110010110111001110101(1(1011127).
2091 3758 2225 3843 Colligit

209 3840 241 3906 ei
259 3857 451 3922 congruere,
474 3848 513 3901 ut
530 3846 701 3904 vocantem
722 3861 788 3904 non
807 3845 949 3921 respuat.
978 3838 1041 3902 Est
1059 3836 1192 3919 quidem
1246 3841 1344 3916 onim,
1367 3839 1420 3905 vol
1445 3841 1577 3904 mentiri
1596 3839 1749 3921 Paulum,
1772 3844 1829 3925 qui
1851 3844 1968 3907 timere
1990 3864 2027 3909 se
2050 3845 2162 3923 iactet,
2184 3864 2223 3909 ne

209 3927 420 3992 verissimum
449 3923 536 4006 quod
564 3926 730 4007 praelatus
758 3932 829 3990 erat
849 3923 1005 4008 Pighius,
1040 3923 1190 3987 ventilari
1217 3920 1221 4029 1
1246 3925 1396 3990 concidat
1422 3924 1637 3991 immutabilis
1665 3926 1730 3991 Dei
1757 3927 1885 4005 electio,
1916 3928 2005 4005 vel²l
2034 3950 2116 3995 suae
2143 3931 2223 3995 eleo-

211 4012 253 4076 ab
277 4011 462 4095 Augustino
484 4009 596 4089 istam,
620 4009 660 4076 de
683 4033 747 4095 qua
769 4033 858 4076 nuno
881 4011 1005 4092 agitur,
1029 4010 1191 4091 quaestio·
1218 4034 1221 4075 1
1246 4012 1344 4076 tionis
1372 4011 1473 4077 fuisse
1495 4013 1663 4096 ignarum:
1694 4033 1756 4079 neo
1783 4013 1874 4079 videt
1901 4015 2017 4092 miser,
2048 4017 2225 4099 reprobum

211 4120 298 4163 nem.
339 4096 407 4162 Sed
430 4096 500 4179 ipse
518 4098 665 4179 graviter
686 4106 809 4180 peccat,
833 4094 920 4179 quod
942 4094 1134 4179 quisquilias
1156 4096 1192 4158 in
1218 4096 1221 4189 1
1248 4103 1321 4177 [pag.
1348 4102 1423 4176 149]
1446 4096 1513 4164 illic
1535 4098 1671 4180 probato
1694 4101 1829 4182 opponi,
1856 4102 1912 4183 qui
1934 4108 2026 4166 certa
2054 4124 2137 4168 suae
2158 4103 2224 4185 pie·

212 4204 323 4248 acrem
346 4202 477 4265 sparsus
499 4183 669 4264 arripiens,
693 4183 780 4265 quod
794 4181 912 4248 deinde
928 4182 964 4246 in
981 4201 1093 4248 vanno
1112 4181 1193 4247 resi·
1219 4210 1222 4239 :
1246 4185 1325 4249 tatis
1359 4184 1587 4266 experimenta
1617 4182 1752 4249 dederit.
1798 4186 1868 4251 Cur
1900 4209 1966 4250 non
1999 4196 2080 4253 tunc
2115 4189 2166 4254 illi
2191 4188 2225 4252 in

213 4269 318 4335 duum
339 4275 476 4352 apparet
497 4269 643 4333 triticum
666 4269 814 4353 negligit.
1219 4248 1393 4334 lmentem
1425 4271 1517 4336 venit
1557 4269 1688 4336 diversa
1727 4271 1815 4336 vocis
1847 4271 2016 4355 acceptio?
2066 4274 2157 4340 Nam
2195 4286 2227 4339 01

298 4354 436 4436 Nunol)
475 4353 601 4418 dandus
640 4354 783 4438 Georgio
824 4374 951 4437 quoque
992 4352 1104 4420 Siculo
1145 4340 1222 4467 0011
1247 4362 1422 4439 argentum
1449 4357 1625 4438 reprobum
1659 4356 1746 4442 apud
1773 4358 1950 4423 Ieremiam
1978 4358 2226 4444 (1130101111

1219 4441 1397 4523 ›Epistola
1430 4441 1472 4505 ad
1497 4442 1665 4509 Hebraeos
1693 4444 1818 4525 (11),
1856 4446 1996 4527 reproba
2023 4454 2131 4527 terra,
2162 4468 2226 4512 non

1219 4500 1222 4603 l
1247 4525 1405 4593 divinitus
1427 4529 1527 4593 exitio
1545 4527 1700 4595 devotum
1719 4538 1896 4612 argentum
1914 4530 1966 4595 vel
1984 4538 2113 4597 terram
2126 4533 2226 4618 signi-

284 4595 313 4659 11
334 4595 392 4648 Lib.
411 4602 550 4649 reuertar.
568 4594 585 4646 2
604 4611 663 4662 1111·
684 4594 706 4646 1.
1219 4614 1339 4691 incar,
1373 4612 1430 4678 sed
1459 4613 1613 4678 vitiosum
1643 4616 1803 4698 nihilique
1837 4624 2012 4700 argentum
2042 4625 2077 4683 et
2106 4630 2226 4685 terram

284 4661 315 4729 2)
334 4664 412 4717 Circa
431 4663 520 4717 dimid.
540 4665 599 4717 libri
617 4665 724 4730 prioris.
1249 4700 1255 4712 .
1362 4701 1368 4712 .
1789 4701 1795 4714 .
1933 4703 1939 4716 .
2072 4704 2079 4717 .
2197 4705 2203 4717 .

284 4730 314 4798 3)
334 4732 502 4785 11011ιο11011
519 4732 540 4785 11
558 4740 601 4786 001
619 4735 671 4786 bon
691 4750 743 4800 que
762 4732 788 4786 10
806 4732 895 4786 moine
909 4731 1015 4801 George
1028 4733 1104 4812 110110
1119 4735 1193 4789 aussi
1246 4700 1483 4798 mfl'ugffqffim·
1530 4699 1628 4800 Quml
1650 4708 1759 4799 autem
1786 4724 1821 4766 111
1850 4701 1960 4768 verbls
1982 4703 2082 4769 Paull
2112 4706 2224 4807 111Ῑῖ1ῧο

215 4817 250 4855 01
269 4816 336 4867 rung
361 4806 388 4853 et
410 4815 462 4867 quc
482 4816 550 4854 nous
576 4817 661 4870 cyons
680 4802 729 4880 100Ι
739 4800 827 4854 beaux
845 4816 989 4867 argumens
1007 4799 1070 4870 qu'rl
1089 4804 1193 4857 amcino
1218 4838 1221 4879 t
1247 4784 1288 4850 1111
1316 4785 1465 4851 hommes
1494 4787 1565 4865 fiai,
1598 4794 1693 4852 8161111
1726 4809 1763 4852 ln
1796 4787 1900 4854 91111111
1936 4811 2066 4874 quoque
2091 4790 2225 4875 Optstelss

217 4876 295 4925 outre
310 4868 419 4934 Pighius
437 4884 507 4935 pour
524 4871 614 4924 ruinar
632 4868 767 4923 l'eleotron
785 4870 818 4923 de
830 4869 900 4924 Dieu
917 4877 1001 4938 quant
1018 4886 1072 4923 aux
1091 4870 1193 4926 fideles.

215 4938 246 4992 10
264 4954 297 4991 10
317 4937 479 5006 daigueroye
497 4938 575 5005 point
591 4937 734 4993 m’amuser
757 4941 774 4994 a
796 4939 849 4993 tels
867 4938 954 4993 latras
972 4937 1081 4993 n’estoit
1098 4955 1149 5008 que
1167 4941 1192 4994 ie

216 5022 271 5074 roy
288 5020 339 5072 que
359 5004 384 5058 le
404 5004 493 5084 diablo
512 5004 568 5060 s'en
587 5015 644 5060 sert
661 5023 731 5076 pour
748 5008 870 5063 troubler
888 5009 1029 5076 beaucoup
1046 5008 1079 5061 10
1093 5026 1193 5077 povres
1316 5008 1344 5074 1)
1364 5008 1438 5062 Add.
1463 5008 1539 5064 Nous
1557 5024 1660 5079 voyens
1678 5026 1730 5079 que
1749 5010 1774 5064 S.
1794 5011 1861 5064 Paul
1879 5011 1922 5066 n'a
1940 5014 2019 5081 point
2037 5030 2072 5068 eu
2091 5013 2223 5070 11011010

216 5076 393 5199 11ἓο1111οα001
410 5071 528 5128 11111100
547 5082 574 5128 01
593 5091 645 5143 que
669 5092 719 5144 par
737 5091 768 5131 ce
784 5092 882 5145 moyen
904 5077 924 5131 il
941 5077 999 5131 nuit
1017 5077 1158 5146 beaucoup
1177 5081 1193 5133 1
1246 5077 1428 5214 0’011021)11011Υ1
1446 5096 1487 5200 unl
1499 5079 1628 5201 1111101011
1641 5080 2030 5205 1401111011ῑθ11οὴ11ῠοίιιο011110
2050 5082 2205 5152 l’Evangr'le.

262 5160 299 5211 gr
389 5181 395 5194 .
1408 5162 1475 5202 ove
1532 5163 1613 5201 0100
1722 5165 1771 5203 ,10
1886 5165 1998 5205 eme.
