4620 5894
141 229 205 295 Mi
895 218 1167 287 morsele
1188 217 1425 288 ERRCRUM
2110 230 2168 294 540

141 433 207 482 non
227 412 276 479 ita
302 411 409 479 lacida
433 414 509 479 unc
532 410 723 477 iliadem
765 409 848 495 Lepe
871 409 1030 493 popinam
1052 412 1131 489 191,
1184 408 1281 489 rexit,
1317 411 1345 451 ¹⁰
1374 409 1555 476 semideum
1577 411 1679 478 fuisse
1701 412 1805 492 docet,
1837 412 2000 497 quamdiu
2021 424 2167 485 versatus

144 502 232 578 192,
259 502 330 564 196
358 502 387 563 et
411 499 493 563 265.
544 495 601 561 Me
628 496 738 562 mnia
764 494 954 576 eaplieuisse
978 496 1076 577 nosti,
1103 500 1132 561 et
1183 500 1236 560 est
1256 495 1292 559 in
1313 494 1447 561 mundo.
1490 498 1595 581 Atqui
1614 498 1756 565 Ioannes
1777 500 1925 567 affirmat
1943 507 2026 568 tunc
2047 510 2167 585 speeta-

142 590 254 653 enac
274 583 494 651 animam
514 582 596 667 apis.
642 580 842 666 6Naparis.
1184 586 1254 645 tam
1287 580 1389 730 fuiss?
1422 582 1492 647 eius
1528 582 1667 666 gloriam
1694 605 1777 667 quae
1811 586 1987 671 unigenito
2015 587 2082 655 Dei
2105 589 2167 657 filio

1183 685 1390 751 oongmere.

233 753 386 821 XXVII.
409 755 502 839 Ergo
519 753 659 820 victoria
676 750 809 820 Servati
828 752 865 818 in
882 752 1038 820 conviciis
1058 752 1130 818 erit

145 842 328 924 Quaeritur
349 841 439 907 enim
459 839 622 923 quomodo
641 838 817 905 Christum
836 838 1003 922 intelligat
1024 845 1131 905 aeter-
1274 842 1294 901 1
1320 837 1559 904 Plenitudinem
1585 841 1722 923 spiritus
1742 861 1865 922 semper
1883 844 1998 911 labait
2021 844 2166 928 cartre,

143 948 228 995 num
250 947 321 994 osse
343 925 463 992 Deum.
507 926 602 991 Haec
634 934 685 992 est
717 926 787 991 eius
817 922 978 990 definitio:
1012 925 1131 989 Aeter-
1184 923 1239 988 sed
1258 928 1330 988 aaa
1347 927 1602 991 reuerrectionan
1619 946 1684 992 aaa
1700 932 1769 993 erat
1782 928 1990 1012 piorificates,
2014 930 2126 997 Iooiaa
2138 939 2165 997 7.

144 1034 230 1081 num
264 1012 367 1078 tuisee
402 1012 587 1090 Christum,
627 1012 725 1076 sicuti
764 1031 817 1076 res
850 1010 932 1075 olias
964 1030 1092 1076 omnes:
1121 1013 1129 1050 ¹
1186 1007 1242 1073 Ita
1268 1010 1387 1075 dieitur
1418 1031 1517 1076 novus
1543 1013 1680 1093 spiritus
1711 1013 1747 1079 ob
1771 1034 1884 1081 nocam
1907 1017 2058 1100 pieriam.
2102 1017 2168 1085 Ima

145 1099 301 1183 quamvis
330 1096 446 1163 ordine
471 1097 619 1180 primum
650 1117 722 1163 esse
743 1096 917 1162 Christum
938 1095 1035 1163 dicat.
1077 1094 1132 1161 Ad
1185 1099 1267 1160 totas
1288 1095 1358 1174 epse
1372 1094 1518 1162 Obsides
1539 1103 1585 1163 est
1603 1099 1808 1181 factusdomo
1823 1122 1933 1184 novas,
1953 1123 2040 1169 aava
2056 1106 2165 1169 mea

144 1193 217 1251 tam
249 1182 445 1268 sacrilegam
472 1203 589 1250 vocem
616 1204 719 1265 quum
753 1203 866 1247 omnes
899 1182 972 1265 piae
1004 1190 1132 1247 mentes
1185 1178 1392 1247 2Meatiric.
1438 1182 1624 1250 3Deiircs.
1658 1185 1746 1250 41η
1766 1206 1862 1251 earne
1879 1194 1910 1254 et
1930 1190 2046 1254 animo
2066 1192 2167 1256 amau

145 1270 357 1347 exhorreant,
380 1287 448 1335 uno
469 1269 572 1336 verbo
594 1266 675 1335 dicit
692 1266 893 1352 Serretuse)
916 1268 1027 1334 omnia
1048 1267 1133 1333 bene
1185 1266 1398 1332 secabatur.
1444 1272 1466 1333 5
1497 1269 1589 1335 Nova
1619 1270 1731 1354 picria.
1779 1272 1972 1339 6Eaadem
2005 1275 2167 1359 disperso·

143 1352 278 1423 habere.
321 1356 389 1422 Hic
417 1354 687 1421 animadvertant
712 1354 853 1419 lectores
875 1353 954 1437 quid
976 1355 1008 1418 ei
1030 1354 1132 1438 signi·
1185 1353 1298 1417 tionem
1315 1373 1436 1418 accam.
1483 1359 1504 1417 7
1529 1356 1612 1436 Quid
1640 1362 1674 1420 ta
1702 1359 1843 1440 pretium
1869 1379 1961 1425 cocae
1986 1361 2168 1441 patruae

143 1440 224 1543 iicet
244 1462 394 1524 persona,
415 1441 491 1506 idea
512 1447 546 1506 et
559 1439 770 1541 hypostasis:
793 1460 917 1566 nempe·
936 1442 951 1482 ²
970 1440 1133 1539 imagina-
1186 1440 1541 1539 [manumitteret
1589 1441 1691 1540 Natta
1712 1443 1790 1508 tatis
1811 1450 1859 1509 est
1883 1447 1921 1510 ia
1945 1444 2076 1512 Chresto
2096 1468 2167 1529 qua·

83 1525 978 1709 ·tit.qttthtt?mitm.3t³⁰...ttt3t
995 1526 1133 1695 titt
1185 1523 1731 1694 tt·,tttt²⁸ttt.t⁰²²t..
1749 1527 2168 1698 sepsistis

145 1696 234 1782 quod
262 1698 404 1777 subiicit,
437 1696 533 1765 Deus
560 1704 696 1763 aeterna
730 1716 791 1762 sua
823 1695 998 1848 rationcbgJ
1024 1697 1133 1762 filium
1186 1694 1316 1760 divinae
1337 1702 1485 1777 naturae,
1513 1702 1546 1761 2.
1572 1698 1657 1764 Petr.
1683 1705 1712 1764 1.
1760 1701 1924 1784 Teaeplum
1941 1701 2011 1769 Dei
2027 1725 2087 1770 aas
2103 1726 2167 1771 aere

146 1783 211 1850 sibi
239 1782 403 1849 visibilem
437 1783 628 1863 decernens,
663 1783 727 1849 hoc
756 1782 855 1847 modo
877 1786 892 1824 ⁴
912 1782 976 1849 visi
998 1782 1076 1848 ilem
1098 1803 1133 1847 se
1186 1779 1400 1863 tvdabitaatis,
1425 1788 1454 1847 1.
1475 1782 1544 1848 Cor.
1568 1789 1635 1849 3et
1654 1789 1686 1849 2.
1702 1784 1771 1850 Cor.
1794 1792 1823 1867 6,
1846 1788 1960 1853 Iouna
1977 1794 2034 1871 14,
2056 1789 2164 1857 Acte.

146 1868 306 1936 exhibuit
352 1870 446 1936 Haec
467 1869 571 1954 igitur
593 1870 657 1934 erit
678 1868 805 1934 Christi
826 1868 941 1949 deitas,
970 1868 1057 1952 quod
1079 1889 1132 1934 ae-
1189 1870 1218 1929 8.
1234 1860 1385 1933 ‘Gloriae
1433 1868 1629 1935 9Ecadem
1677 1875 1730 1937 10.
1754 1871 1954 1958 Mentirisb)

145 1960 242 2021 temo
264 1955 330 2021 Dei
353 1955 484 2021 decreto
505 1958 521 1998 ὅ
542 1956 632 2023 filius
653 1962 704 2021 est
725 1954 907 2021 ordinatus.

1270 2036 1405 2103 XXIX.
1440 2037 1479 2105 Si
1507 2039 1588 2105 haec
1610 2062 1689 2106 vora
1716 2050 1802 2119 eunt,
1836 2044 1915 2126 quid
1946 2046 2017 2109 iam
2051 2047 2165 2113 falsum

236 2130 256 2190 1
284 2126 346 2207 Qui
372 2126 461 2193 sotus
490 2132 559 2192 erat
578 2125 686 2210 &ura
710 2124 905 2192 substautias
925 2127 1006 2205 Dei,
1033 2127 1133 2208 eplea-
1186 2121 1294 2188 diccre
1315 2123 1446 2189 licebit?
1486 2123 1525 2191 Si
1545 2127 1582 2189 in
1604 2126 1669 2192 Dei
1692 2127 1875 2194 substantia
1902 2133 1912 2171 ¹
1935 2140 2051 2211 partes
2085 2142 2163 2211 sunt,

145 2211 430 2294 aeecclesiae
455 2213 594 2296 pieriae:
625 2212 701 2277 daec
721 2212 815 2277 aerbo
838 2213 882 2277 ibi
906 2218 981 2277 seat
1001 2213 1132 2291 cdieda,
1185 2216 1220 2273 et
1252 2210 1460 2292 partitiones:
1495 2212 1524 2276 si
1555 2233 1771 2296 unaquaeque
1804 2215 1910 2297 portio
1931 2215 2029 2282 Deus
2064 2230 2123 2298 est,
2152 2221 2164 2259 ²

146 2317 228 2381 qaae
254 2302 290 2362 ta
311 2298 436 2378 perfide
462 2299 614 2377 omisisti,
647 2303 684 2363 ut
705 2299 856 2363 sententia
883 2317 955 2362 mec
975 2299 1133 2363 videretur
1185 2294 1266 2377 quid
1286 2294 1353 2359 iam
1380 2317 1448 2361 non
1479 2296 1590 2363 licebit
1617 2298 1658 2363 de
1685 2301 1855 2366 maiestate
1876 2301 1942 2367 Dei
1965 2305 2164 2371 comminisci

146 2384 250 2465 mapis
283 2403 388 2448 exoso.
442 2388 467 2447 2
507 2382 578 2448 Icto
610 2381 823 2448 substantiam
859 2403 930 2449 aere
959 2383 1132 2466 immolem.
1184 2388 1218 2444 et
1240 2381 1386 2464 garrire?
1428 2381 1527 2447 Certe
1548 2404 1615 2448 non
1639 2384 1734 2449 ahter
1751 2397 1923 2452 versutum
1942 2389 2042 2456 nobis
2060 2390 2163 2456 Deum

149 2468 291 2534 sitibit
316 2469 386 2533 tate.
440 2472 462 2533 4
494 2468 626 2550 Qualem
655 2473 747 2534 antea
775 2468 966 2552 hypostatice
987 2470 1133 2552 paeter-
1183 2464 1329 2544 fabricat,
1354 2487 1391 2533 ac
1412 2467 1596 2534 Prothoum
1618 2472 1852 2556 quempiamc)
1896 2470 1967 2539 Sed
1994 2496 2064 2540 non
2087 2498 2164 2543 nora

147 2555 256 2621 mavit.
303 2553 603 2621 ddadstantiaiiter
622 2554 782 2636 famaus
803 2560 830 2620 et
851 2555 1018 2621 exhibitas.
1185 2559 1237 2617 est
1264 2552 1346 2619 haec
1371 2553 1513 2633 licentia,
1549 2576 1650 2637 quum
1681 2560 1695 2596 ³
1723 2556 1905 2623 accidentia
1936 2560 2002 2625 sibi
2037 2563 2074 2626 in
2101 2564 2163 2627 Deo

103 2690 107 2699 .
1185 2638 1311 2721 fingere
1333 2640 1513 2721 permittat,
1541 2641 1691 2724 Epistola
1714 2648 1743 2707 7.
1766 2643 1808 2708 ad
1830 2644 2022 2711 Calvinum.
2062 2648 2162 2732 Magis

201 2757 205 2763 ·
236 2730 309 2802 [pag.
332 2728 408 2803 116]
437 2722 608 2791 XXVIII.
638 2724 831 2807 Antequam
862 2734 1015 2791 mortuus
1047 2733 1134 2792 essct
1185 2723 1285 2789 etiam
1307 2724 1507 2791 exsecrabile
1534 2728 1691 2810 estquod
1719 2730 1879 2812 sequitur,
1915 2734 1929 2772 ⁴
1957 2733 2099 2813 spiritus
2119 2755 2162 2799 re

147 2808 314 2888 Christus,
350 2808 515 2877 clamabat
545 2808 691 2876 Ioannes
717 2811 885 2893 Baptista:
915 2815 923 2852 ¹
945 2810 999 2876 De
1026 2812 1132 2895 pleni-
1184 2810 1373 2893 genitorum
1394 2820 1585 2878 coaeternos
1611 2834 1683 2879 csse
1710 2822 1743 2879 et
1764 2817 2069 2883 consubstantiales
2090 2818 2161 2885 Deo.

147 2895 264 2961 tudine
282 2896 353 2962 eius
371 2896 558 2980 accepimus
574 2916 699 2977 omnes,
721 2902 756 2962 et
777 2897 919 2981 gratiam
937 2918 996 2980 pro
1014 2897 1130 2981 gratia
1183 2895 1230 2959 Et
1248 2896 1387 2962 ⁶tamon
1404 2897 1542 2980 spiritus
1561 2899 1649 2982 ipsos
1672 2899 1750 2966 alibi
1767 2900 1847 2965 dicit
1867 2904 1880 2942 ⁸
1898 2903 2083 2988 exstingui,
2105 2926 2161 2970 non

147 2981 277 3066 (Ioann.
304 2986 330 3060 l,
355 2982 422 3064 16.)
444 2981 547 3048 Item:
570 2982 649 3049 Non
670 2983 762 3047 enim
784 2981 841 3048 dat
861 2990 959 3067 pater
979 2984 1130 3066 spiritum
1183 2988 1315 3046 tantum
1337 3003 1440 3065 quum
1461 2985 1630 3064 morimur,
1653 2985 1711 3052 sed
1733 3008 1837 3069 quum
1858 2988 2046 3056 excidimus
2068 2990 2161 3056 aDei

147 3066 191 3135 ad
222 3088 413 3135 mensuram
444 3068 538 3148 (ibid.
572 3072 602 3149 3,
638 3066 705 3154 34).
765 3066 927 3135 Servatus
959 3068 1131 3135 Christum
1183 3067 1300 3150 gratia.
1356 3068 1441 3135 Plus
1475 3091 1574 3153 quam
1606 3073 1620 3111 ⁷
1647 3073 1836 3155 ingeniosus
1869 3075 1934 3138 erit
1969 3076 2103 3156 artifex,
2139 3078 2161 3141 si

146 3154 267 3237 spiritu
301 3175 361 3221 suo
391 3155 405 3195 ²
433 3153 595 3220 nudatum
623 3155 787 3238 proponit.
830 3154 901 3221 Nec
922 3162 1056 3220 tantum
1077 3155 1132 3219 hic
1183 3152 1265 3219 hacc
1297 3153 1386 3219 inter
1419 3176 1455 3220 se
1487 3155 1647 3235 conciliet,
1683 3158 1901 3224 substantiam
1924 3159 2001 3225 Deo
2023 3172 2160 3227 coaeta-

146 3241 257 3324 agitur
279 3238 319 3304 de
340 3259 498 3307 mensura
519 3239 697 3307 donorum:
721 3240 780 3307 sed
801 3238 973 3307 Christum
995 3262 1131 3324 prorsus
1182 3258 1262 3303 nam
1288 3242 1305 3282 ⁸
1331 3240 1507 3326 exstingui,
1537 3248 1570 3306 et
1596 3242 1708 3309 Deum
1734 3265 1806 3311 esse
1827 3245 2083 3327 immutabilem,
2110 3267 2160 3314 nec

147 3326 267 3409 spiritu
298 3327 420 3391 8novo
442 3327 597 3410 privato)
649 3327 724 3392 Iam
755 3327 784 3393 si
811 3347 929 3393 verum
961 3334 1012 3393 est
1044 3326 1131 3410 quod
1183 3324 1364 3390 obnoxium
1384 3326 1635 3394 obumbrationi.

148 3412 288 3489 subiicit,
325 3433 427 3495 quum
454 3419 606 3476 mortuus
640 3419 692 3478 est
713 3411 879 3492 Christus,
911 3421 1016 3478 totam
1037 3412 1131 3480 verbi

148 3504 182 3563 et
203 3497 339 3579 spiritus
362 3498 501 3582 gloriam
524 3498 730 3582 hypostatice
762 3498 799 3565 in
831 3520 866 3564 se
895 3520 963 3563 non
985 3500 1131 3565 contine-
1276 3502 1295 3560 1
1329 3496 1474 3578 (laudem
1508 3497 1636 3563 deitatis
1667 3500 1907 3581 dispensatione.
1959 3510 1985 3568 2
2015 3504 2096 3571 Cum
2119 3505 2159 3570 Si

147 3582 215 3648 bat.
259 3583 350 3666 Ergo
375 3588 388 3625 ⁴
411 3583 599 3666 perdiderat
620 3584 761 3667 gloriam
783 3606 882 3667 quam
903 3585 974 3667 ipse
991 3592 1133 3650 testatur
1184 3600 1273 3646 mace
1293 3602 1385 3666 mapa
1401 3587 1437 3646 ta
1448 3580 1555 3647 Deum
1576 3584 1612 3648 ia
1633 3586 1747 3669 capedo
1762 3585 1913 3652 recludis:
1933 3610 1990 3672 epo
2012 3613 2084 3656 eum
2101 3593 2159 3657 dico

148 3668 212 3734 sibi
239 3668 334 3733 initio
362 3670 463 3734 fuisse
491 3669 578 3751 apud
604 3678 742 3752 patrem,
776 3678 954 3752 antequam
987 3669 1131 3736 mundus
1185 3688 1251 3733 esse
1272 3669 1379 3733 omitia
1400 3669 1436 3732 ia
1458 3670 1607 3734 mitibus.
1655 3671 1801 3736 3Eatia
1820 3675 1927 3738 anaia
1950 3677 2020 3742 dieo
2044 3680 2080 3741 ia
2100 3677 2159 3742 Dec

147 3762 324 3821 crearetur.
369 3755 442 3819 Iom
475 3753 553 3837 quid
592 3755 654 3820 hoc
694 3754 757 3820 sibi
785 3756 873 3835 vult,
912 3756 999 3838 quod
1038 3757 1131 3822 Deus
1184 3754 1347 3819 sustiueri.
1404 3758 1425 3817 4
1455 3754 1600 3838 Reponiti
1632 3763 1706 3822 suat
1732 3778 1801 3822 uere
1827 3761 2009 3842 participes
2042 3764 2159 3829 diciaci

146 3840 303 3926 spiritum
342 3842 633 3924 supervenientem
672 3841 708 3906 in
736 3839 926 3922 Christum,
960 3842 1063 3908 veluti
1095 3843 1131 3906 in
1184 3844 1325 3919 nautae,
1345 3840 1464 3923 cippati
1485 3842 1555 3905 suis
1576 3843 1685 3922 modis,
1708 3844 1902 3927 stupetisque
1922 3847 2159 3928 dispensationi·

146 3948 208 3992 nos
248 3925 419 4010 spirando,
458 3932 562 3992 totam
602 3926 759 3993 deitatem
786 3927 908 3993 iterum
949 3927 1132 4010 ⁶quadam
1186 3925 1243 3989 bees
1268 3945 1390 4007 semper
1421 3930 1576 3991 aeternae:
1611 3929 1645 3992 ia
1674 3929 1721 3994 eis
1752 3935 1797 3993 est
1824 3930 2004 3997 substantia
2035 3936 2158 4017 sciata

147 4010 393 4096 dispensatione
417 4013 603 4096 spiraverit.
647 4012 766 4093 Qualis
792 4014 856 4078 fuit
878 4012 1005 4079 Christi
1028 4013 1132 4078 deitas
1186 4012 1318 4089 aetem,
1347 4012 1404 4075 tae
1431 4014 1813 4091 circumcessorem
1834 4017 2019 4083 abceteruo
2043 4023 2157 4101 inipso

146 4119 249 4198 quum
291 4107 442 4199 mortuus
476 4107 541 4177 est,
584 4099 666 4227 ‘ivai
693 4107 796 4164 totam
829 4099 986 4199 deitatem
1018 4106 1132 4182 postea
1185 4096 1254 4162 Deo
1275 4103 1351 4162 seat
1365 4103 1595 4193 praeparatae:
1616 4120 1746 4198 repleam
1767 4103 1814 4167 cis
1835 4104 1882 4166 ita
1904 4102 1944 4166 ab
1967 4112 2093 4172 aeterm
2107 4127 2158 4187 po·

146 4191 624 4336 t..⁰.tfflett2t¹t.ttt¹.
656 4183 810 4336 ..tiit
841 4185 1132 4337 dediticii}
1182 4188 1318 4349 titt..
1342 4187 2090 4359 tittttttfftt..ittet-titia.
2098 4213 2158 4343 ‘ii

146 4356 300 4440 gratiam,
336 4356 412 4440 plus
447 4357 585 4422 haberet
619 4357 745 4423 coloris.
809 4356 1005 4438 Quanquam
1039 4358 1130 4422 nullo
1184 4355 1257 4420 izoee
1286 4361 1414 4420 aeterna
1440 4356 1476 4420 ia
1497 4355 1567 4420 Deo
1595 4356 1684 4422 ceolis
1710 4360 1756 4422 ita
1774 4365 1904 4440 parata.
1952 4362 1992 4426 Si
2016 4362 2157 4429 caletes

145 4448 321 4524 praetextu
347 4444 497 4507 excusari
519 4442 580 4508 hoe
603 4451 726 4526 potest,
749 4443 834 4525 quod
857 4443 1012 4525 spiritum
1036 4444 1130 4510 8no·
1184 4441 1236 4507 his
1258 4443 1400 4507 ciriacam
1418 4442 1593 4521 iataederet,
1611 4450 1765 4510 praecesset
1782 4446 1818 4509 iu
1836 4449 2012 4513 acetisaado
2029 4454 2096 4514 tom
2115 4469 2157 4515 ee-

146 4548 226 4592 vum
267 4527 423 4593 Christus
462 4529 593 4594 nonnisi
631 4550 651 4592 a
683 4530 924 4595 resurrectione
960 4530 1129 4612 acceperit.
1185 4529 1357 4593 sectabilis.
1423 4532 1444 4591 5
1490 4527 1569 4593 Vide
1603 4528 1709 4594 calido
1743 4533 1888 4613 prienam
1926 4537 2156 4615 respons-iocos

146 4611 245 4678 Nunc
267 4613 303 4676 in
325 4635 363 4678 eo
385 4614 519 4679 cardine
541 4615 683 4681 vertitur
705 4616 862 4697 quaestio,
896 4614 1031 4680 ubinam
1053 4636 1130 4681 eon·
1189 4620 1209 4678 6
1239 4614 1319 4679 Vide
1340 4615 1375 4678 ia
1397 4634 1457 4695 quo
1478 4634 1573 4679 seusa
1592 4614 1718 4681 Paulas
1738 4620 1856 4701 cetatd)
1879 4620 2031 4701 auritum
2054 4623 2156 4687 essu-

148 4698 244 4763 sistat
277 4697 402 4764 Christi
436 4699 549 4765 deitas.
606 4698 767 4767 Serestus
797 4703 811 4741 ⁹
837 4708 942 4765 totum
976 4700 1130 4765 deitatem

146 4781 197 4846 illi
219 4784 378 4866 spiratum
399 4806 471 4852 esse
494 4786 605 4853 dicens
636 4793 812 4871 postquam
839 4807 859 4851 a
885 4793 992 4851 morte
1019 4806 1129 4853 resur·

1252 4871 1281 4933 a)
1300 4869 1423 4924 illusione
1441 4869 1474 4924 de
1492 4869 1647 4939 maginiens.

1253 4939 1284 5003 b)
1309 4937 1376 4991 Tres
1393 4939 1505 4993 mamae
1522 4946 1604 4993 natae
1621 4941 1720 4995 abeant
1738 4942 1772 4995 ab
1790 4941 1851 4995 edd.
1870 4944 1918 4999 iat.

216 5008 247 5070 a)
266 5004 338 5059 Aac.
358 5022 462 5062 comme
480 5024 509 5062 se
527 5008 637 5076 gabant.
1155 5052 1158 5075 ,
1254 5010 1282 5072 c)
1302 5007 1322 5059 il
1341 5024 1411 5061 nous
1429 5009 1506 5076 sorge
1524 5025 1560 5062 un
1579 5007 1649 5063 Dieu
1667 5011 1712 5078 qui
1730 5025 1760 5064 se
1778 5010 1906 5079 desguise
1924 5020 1953 5068 et
1971 5012 2153 5084 transfigurat

216 5074 248 5141 b)
268 5076 379 5128 conseil.
1155 5080 1158 5085 '
1182 5082 1246 5130 tous
1263 5092 1313 5143 pro
1336 5091 1375 5129 oa.

114 5223 118 5230 .
216 5145 245 5210 a)
263 5142 337 5197 Add.
355 5143 402 5212 qui
421 5149 465 5200 cst
481 5158 551 5213 pour
568 5160 722 5213 regenerer.
1155 5100 1158 5185 l
1252 5144 1283 5213 d)
1302 5092 1377 5198 ilde.
1395 5152 1482 5199 vocat
