4620 5894
192 226 274 310 res
930 231 1455 306 rnummnnuourrro
2141 234 2209 300 nes

196 431 451 500 Christianorum
468 429 633 495 coniuncta
654 427 690 492 ia
710 425 773 508 tide
793 430 823 491 ct
842 426 973 492 caritate
990 425 1118 492 cumdio
1138 423 1260 493 aaut
1269 423 1389 506 possit,
1418 442 1482 488 noa
1504 422 1655 489 videram
1703 421 1808 504 Quare
1835 427 1938 488 stcrae
1961 422 2061 502 ciam,
2088 421 2202 489 diocte

193 519 253 601 fiii,
276 518 320 584 ad
341 518 403 583 tato
422 514 596 580 acediam.
641 513 710 579 Hoc
730 513 815 579 mbr
831 513 880 578 tui
901 512 1042 579 cumeis
1057 511 1230 593 proprium
1250 511 1319 576 erit.
1366 507 1491 575 &aaa
1512 513 1617 574 autem
1639 507 1670 574 si
1691 507 1738 572 oet
1753 527 1866 589 pacem
1885 508 2018 588 reddas,
2046 513 2203 591 quaedum

192 605 229 670 ia
250 608 278 670 te
299 607 352 683 est,
377 600 559 670 macana
574 599 704 683 populo,
726 603 888 680 tantopere
909 598 948 664 ab
971 596 1116 663 mmibas
1137 596 1320 679 expetitam:
1339 595 1387 661 od
1407 595 1518 661 saltem
1540 613 1632 659 orceo
1649 593 1806 674 cobibcas,
1828 593 1906 659 dam
1928 593 2056 663 abac
2075 594 2113 660 ia
2133 614 2206 662 corr·

197 689 271 757 ato
299 687 484 772 compropcri
505 686 626 767 possit,
656 684 712 750 ubi
737 685 873 768 aequius
898 689 944 749 est
964 703 1060 766 qaam
1074 703 1137 763 per
1164 682 1230 748 mm
1249 687 1371 748 aestas
1396 681 1635 762 disceptationes
1657 679 1768 746 dmidi.
1811 680 1881 746 Hoc
1899 701 1970 747 cero
1989 686 2025 747 ta
2046 681 2206 747 etcaderi

192 775 361 843 drristioai
377 773 559 856 principes,
586 790 664 854 qaas
685 771 779 837 ctiam
806 775 899 852 atquc
920 770 1017 836 etiam
1039 773 1114 849 [pag.
1139 774 1193 848 37]
1216 768 1255 834 de
1275 768 1385 835 eadau
1406 766 1463 833 bac
1483 786 1520 831 re
1541 765 1789 846 admonebimus,
1811 767 2004 846 praecia
2025 786 2099 833 ocrc
2120 786 2203 847 crore,

193 881 325 945 qaoacm
346 859 461 927 tetam
479 858 579 942 peris,
605 857 745 939 faciads.
790 854 865 922 Iam
891 855 1057 921 wardiam
1085 854 1190 922 adest:
1216 854 1408 935 iampridem
1435 853 1520 918 eain
1546 853 1701 919 indictam
1727 856 1785 918 est.-
1811 872 1908 935 cepae
1934 873 2006 920 cero
2035 851 2208 935 campum

192 952 247 1027 cst,
270 948 329 1013 etsi
350 946 496 1013 bellorum
517 963 618 1042 caasa
637 943 674 1009 iu
694 942 887 1042 commodius
907 941 1193 1042 tempasditatam.
1238 938 1352 1040 Itaque
1373 939 1441 1019 duc,
1463 939 1628 1039 moisem
1646 937 1705 1019 dii,
1727 937 1876 1038 iacambe,
1898 943 1927 1003 et
1947 939 2036 1039 bauo·
2049 938 2207 1005 acaum

188 1029 1002 1197 mttsdtletl'ii‘iittcwiiid
1013 1025 1391 1197 ,altstat
1403 1023 2209 1210 retractaremus

192 1207 229 1271 ia
250 1211 279 1270 te
299 1203 427 1270 virtutis
442 1203 572 1284 proebe
593 1206 629 1266 at
650 1221 713 1267 aaa
734 1199 825 1266 modo
842 1203 983 1283 patrem
1006 1205 1034 1265 te
1048 1201 1107 1282 pie
1127 1203 1313 1278 mouentem,
1340 1217 1402 1263 roa
1423 1217 1594 1263 ooaserrs:
1620 1197 1705 1278 quod
1730 1197 1857 1280 faciunt
1881 1218 1922 1276 u,
1951 1216 2031 1279 quos
2054 1195 2147 1265 Dare
2168 1217 2206 1263 m

192 1292 319 1376 Quam
347 1288 556 1355 abdicationis
583 1287 655 1354 suis
681 1286 851 1353 desideriis
879 1287 993 1353 tradit:
1020 1287 1094 1367 (44)
1122 1285 1179 1352 sed
1208 1289 1245 1349 at
1270 1285 1401 1350 eumen
1422 1284 1465 1349 ad
1486 1287 1523 1363 te,
1552 1288 1704 1366 maumam
1725 1281 1794 1350 Deo
1820 1282 1956 1363 bobada
1983 1282 2043 1349 aa
2068 1287 2206 1368 tmepore

193 1376 337 1455 missura,
360 1376 416 1456 qai
435 1373 766 1453 aocoemsaatoear,
789 1377 818 1437 et
838 1373 1085 1455 mapaoauimac
1105 1370 1369 1451 satatisperieabo
1390 1369 1505 1449 biberet,
1523 1369 1733 1450 omaipietate
1755 1368 1952 1450 anrpbeaoris,
1974 1369 2044 1435 cias
2061 1372 2137 1451 [ρας.
2151 1373 2208 1449 38]

191 1482 294 1529 uocem
315 1460 444 1527 temer
465 1460 599 1539 audias,
620 1459 748 1525 monitis
767 1458 965 1538 obterrperee:
992 1458 1074 1524 satis
1095 1476 1168 1522 cero
1195 1455 1434 1536 obtemperabis,
1463 1456 1495 1520 si
1521 1474 1620 1537 quom
1641 1460 1669 1520 te
1690 1477 1712 1520 a
1733 1455 1844 1520 semita
1864 1460 1990 1534 sauata,
2010 1458 2048 1519 at
2066 1475 2089 1520 a

186 1547 352 1632 propbeta,
370 1567 452 1628 qaae
472 1545 579 1611 eadem
602 1549 648 1610 est
667 1545 757 1629 copia
778 1545 841 1624 oia,
862 1545 1021 1610 mauram
1042 1549 1168 1609 tuorum
1189 1542 1503 1626 retipiosissimoricu
1516 1541 1712 1622 principem,
1734 1540 1875 1606 bamam
1895 1539 2031 1607 coratio
2051 1544 2088 1606 at
2187 1541 2195 1557 ‘

191 1655 264 1700 aem
280 1634 437 1713 deflectere
453 1635 602 1713 potuero:
622 1630 682 1695 bac
703 1630 813 1696 statim
833 1630 871 1696 do
892 1649 930 1696 ea
951 1629 1058 1712 quatis
1078 1629 1121 1695 sit
1143 1628 1331 1709 admonitis,
1353 1627 1497 1693 divinam
1519 1627 1655 1693 iadobom
1670 1627 1837 1709 profereus
1859 1626 1977 1706 videas,
1995 1627 2148 1710 ctqaeita
2169 1627 2207 1693 im

192 1721 337 1787 orimum
358 1718 504 1797 inducas,
525 1716 650 1782 eman
670 1721 707 1781 at
727 1717 763 1781 ia
786 1715 830 1781 iis
851 1735 933 1798 quae
952 1715 997 1782 ad
1015 1715 1198 1799 relipioacm
1212 1714 1385 1796 pertimeat,
1415 1712 1473 1778 tibi
1495 1714 1549 1779 ias
1570 1718 1601 1778 et
1621 1715 1820 1779 autoritatem
1838 1712 1987 1792 oiadices,
2024 1711 2081 1797 45)
2103 1713 2135 1779 si
2156 1711 2208 1780 di·

194 1808 303 1873 oiaoru
330 1804 606 1870 iustitutionemot
634 1802 781 1869 ealesme
807 1802 1058 1868 muareardiuem
1083 1820 1230 1882 sequeus,
1258 1799 1296 1866 ab
1323 1800 1407 1881 ipsis
1428 1798 1627 1865 macartibas
1654 1798 1883 1882 imperialibus,
1911 1819 1933 1863 o
1956 1799 2013 1881 qa'
2093 1799 2209 1866 mem

194 1893 252 1977 qai
272 1892 473 1956 autoritatem
497 1890 535 1955 de
557 1888 714 1954 eiusmodi
734 1887 826 1953 rebus
843 1888 1046 1971 capnosceadi
1067 1885 1185 1966 eaeo,
1208 1886 1313 1952 murres
1334 1887 1373 1952 de
1394 1885 1607 1952 sacerdotibus
1629 1890 1721 1967 atquc
1743 1885 1780 1951 de
1801 1885 1949 1968 rdipioac
1969 1885 2209 1968 disceptationes

187 1996 327 2062 proruis
347 1975 504 2055 secludas,
526 1979 555 2041 ct
575 1975 617 2040 ad
636 1993 746 2041 coram
761 1974 932 2058 propriam
952 1972 1092 2039 adauct
1111 1973 1256 2040 reiicias:
1278 1971 1349 2057 (46)
1371 1973 1403 2037 si
1420 1972 1458 2037 de
1479 1972 1569 2037 bonis
1590 1972 1813 2051 ecciesiasticis,
1834 1990 1969 2052 quomam
1989 1971 2146 2038 iodicium
2167 1970 2208 2039 ab

193 2148 313 2234 quibus
335 2148 387 2213 uti
408 2144 604 2213 consiliariis
626 2164 757 2229 semper
777 2144 944 2211 assuevit?
978 2145 1035 2210 Ex
1056 2144 1174 2231 quibus
1198 2145 1203 2245 l
1226 2143 1288 2208 tim
1310 2144 1488 2229 sepultam,
1517 2152 1680 2212 vastatam
1701 2144 1821 2210 misere
1844 2165 1882 2210 ac
1903 2143 2083 2211 laboratam
2103 2146 2209 2213 eccle·

192 2256 281 2301 unus
303 2239 355 2299 est
374 2232 441 2312 ille,
464 2232 521 2316 qui
542 2232 621 2297 olim
642 2230 684 2296 ad
705 2229 910 2314 perdendum
933 2230 1048 2296 Achab
1060 2231 1085 2315 ¹)
1107 2229 1174 2314 spi·
1227 2229 1320 2310 siam,
1343 2239 1551 2298 sacramenta
1577 2229 1619 2296 ad
1646 2238 1779 2314 turpem
1806 2229 2003 2314 foedumque
2032 2238 2209 2315 quaestum

194 2321 281 2386 ritus
314 2317 460 2384 mendax
500 2319 537 2382 in
564 2338 621 2383 ore
656 2317 804 2382 omnium
837 2315 1076 2401 prophetarum
1103 2317 1174 2381 tuit
1198 2252 1203 2387 l
1226 2316 1420 2401 prostituta,
1443 2317 1571 2383 animae
1593 2315 1720 2385 Christi
1740 2316 1901 2402 sanguine
1923 2317 2112 2401 redemptas
2133 2323 2210 2401 [pag.

194 2404 468 2475 sinuaminis
491 2404 600 2488 potuit
617 2423 716 2482 unus,
739 2400 818 2486 quid
839 2403 894 2468 hie
912 2403 1035 2470 facient
1052 2401 1176 2486 aliquot
1229 2408 1285 2482 el]
1309 2403 1488 2489 sacrilegae
1510 2403 1743 2470 nundinationi
1765 2403 1931 2487 expositas
1953 2424 2035 2484 esse,
2056 2405 2210 2472 ministe-

192 2490 320 2559 millia?
365 2490 408 2556 In
441 2491 505 2558 hoo
533 2497 645 2556 tamen
670 2489 744 2557 iure
776 2487 973 2573 reprehendi
995 2488 1176 2556 Frenesius
1227 2488 1316 2554 rium
1337 2489 1391 2555 vel
1412 2490 1578 2574 pastorale
1600 2511 1738 2570 munus,
1760 2511 1825 2574 quo
1847 2488 1932 2554 nihil
1953 2487 2078 2556 mundo
2100 2492 2210 2577 magis

191 2585 311 2664 potest,
334 2577 390 2661 qui
410 2577 452 2643 ad
470 2574 626 2642 subsellia
646 2574 714 2642 rele
757 2582 859 2655 teos,
882 2576 940 2660 qui
962 2575 1098 2642 concilio
1120 2595 1177 2641 su·
1228 2573 1374 2642 salutare
1407 2597 1480 2644 esse
1514 2576 1687 2657 debuerat,
1722 2578 1759 2642 in
1793 2576 1962 2643 exitialem
1988 2576 2211 2728 ἑγιιιιιιίἀθιιι

193 2686 255 2750 pra
276 2663 380 2748 ipsius
402 2661 548 2729 tribunal
570 2660 813 2745 praesideant.
855 2662 971 2746 Neque
993 2662 1083 2727 enim
1104 2661 1176 2745 ipse
1228 2681 1427 2728 conversum
1449 2670 1696 2748 conqueruntur
1717 2664 1954 2729 Protestantcs.
2024 2683 2122 2729 orum
2138 2682 2210 2730 om·

193 2759 264 2817 tarn
285 2770 428 2834 magnus
451 2755 502 2814 est
517 2746 621 2828 Deus,
644 2749 724 2832 quin
744 2748 833 2832 patri
855 2747 1019 2815 mendacii
1041 2749 1174 2814 serviat
1228 2747 1322 2812 nium
1343 2748 1508 2815 malornm
1535 2769 1656 2833 papam
1677 2771 1752 2816 oum
1773 2750 1842 2815 suis
1865 2770 1959 2815 reum
1980 2749 2121 2830 faciunt,
2151 2771 2211 2835 pa·

195 2836 295 2914 (berte
316 2835 376 2918 qui
394 2835 532 2920 magicis
554 2833 811 2902 divinationibus
833 2855 869 2901 se
890 2835 1058 2918 vitamque
1080 2854 1176 2901 suam
1228 2834 1293 2899 rati
1308 2841 1387 2900 sunt
1404 2834 1508 2920 digito
1526 2842 1726 2915 monstrare,
1743 2837 1852 2919 ipsum
1870 2855 1943 2902 esse
1953 2834 2211 2903 Antichristum.

193 2921 334 3001 subiicit,
354 2920 490 3000 diabolo,
513 2941 612 3004 quem
627 2920 770 3001 invocat,
788 2921 949 2987 minorem
965 2942 1001 2986 se
1017 2940 1176 3004 essepro-
1229 2918 1327 3001 Quod
1348 2921 1378 2987 si
1399 2941 1466 2987 non
1484 2922 1705 3004 probaverint,
1728 2943 1795 2987 non
1810 2921 1995 2988 calumniae
2012 2920 2110 2987 modo
2131 2942 2212 3008 poe-

194 3011 319 3076 fitetur.
353 3013 427 3087 [pag.
449 3013 505 3087 80]
528 3007 604 3071 lteri
628 3006 709 3090 quid
734 3007 939 3090 profiteatur,
961 3027 1030 3072 uon
1054 3026 1175 3086 moror,
1230 3026 1324 3086 nam,
1360 3007 1418 3073 sed
1446 3008 1651 3073 atrocissima
1679 3029 1826 3091 quaeque
1853 3007 2017 3092 supplicia
2045 3010 2212 3076 sustinere

194 3095 274 3162 dum
293 3094 372 3178 quid
393 3094 494 3159 iaciat
514 3090 620 3161 video.
1229 3113 1298 3156 non
1319 3100 1484 3160 recusant.
1530 3095 1676 3159 Tantum
1696 3093 1900 3159 audientiam
1920 3093 1984 3160 sibi
2005 3092 2079 3160 dari
2099 3115 2213 3162 eoram

280 3180 338 3265 44)
355 3181 457 3246 Pater
478 3186 538 3260 est,
554 3179 692 3330 ¹qlualem
714 3177 815 3244 fuisse
831 3175 1017 3244 Saturnum
1039 3175 1178 3244 uadunt
1230 3198 1334 3261 aequo
1357 3179 1517 3247 tribunali
1543 3179 1727 3264 postulant,
1757 3180 1945 3264 etquidem
1969 3179 2147 3266 haelege,
2173 3188 2214 3248 ut
2272 3194 2275 3200 '

236 3274 318 3346 stae,
341 3266 399 3350 qui
414 3266 500 3332 filios
519 3266 563 3332 se‘
581 3267 644 3332 'cet
661 3264 806 3331 devoret.
842 3262 1040 3348 Quicunque
1064 3271 1177 3330 tamen
1229 3284 1329 3330 causa
1350 3286 1394 3331 ex
1414 3287 1506 3332 sacro
1526 3266 1592 3332 Dei
1619 3267 1719 3332 verbo
1747 3264 1938 3347 definiatur,
1963 3287 2069 3351 neque
2097 3275 2213 3335 tamen

230 3360 281 3420 cto
302 3373 369 3417 non
396 3353 522 3418 fuerint
543 3351 731 3432 audientes,
755 3371 849 3417 eose
870 3371 1009 3416 numero
1032 3350 1177 3419 filiorum
1229 3351 1442 3436 negligantur
1456 3359 1591 3419 vetusta
1608 3360 1745 3436 patrum
1758 3354 1922 3419 instituta
1958 3350 2048 3434 Quid
2069 3352 2113 3418 ad
2129 3354 2214 3422 haee

193 3437 261 3505 Dei
287 3436 426 3504 abdicat.
466 3435 537 3504 Sed
551 3439 642 3522 bene
658 3437 767 3516 habet,
790 3437 877 3520 quod
900 3435 1070 3504 Salmonei
1087 3443 1176 3517 sunt,
1230 3437 1457 3505 sanctissimus
1476 3439 1591 3521 pater?
1604 3443 1632 3524 2)
1676 3437 1909 3524 cognitionem
1930 3440 2064 3524 quidem
2084 3441 2212 3526 resipit,

11 3474 13 3479 Ι
51 3564 55 3569 -
194 3545 260 3590 non
283 3522 349 3587 Dei
371 3523 518 3588 fulmina
1229 3522 1288 3589 sed
1309 3523 1371 3606 his,
1393 3544 1475 3608 quas
1496 3525 1605 3605 retuli,
1627 3524 1765 3609 legibus.
1809 3525 1883 3592 Hoc
1904 3547 1983 3593 vero
2004 3526 2143 3610 perinde
2161 3534 2215 3594 est

283 3611 341 3692 45)
363 3609 437 3673 Hae
459 3609 605 3691 primum
624 3615 688 3687 est,
711 3629 755 3672 ne
776 3629 841 3690 qua
863 3606 1027 3689 doctrina,
1049 3608 1177 3675 nisiex
1229 3630 1344 3693 agere,
1373 3632 1411 3677 ac
1433 3612 1463 3677 si
1488 3613 1561 3696 quis
1588 3612 1673 3677 latro
1703 3610 1743 3677 de
1770 3611 1925 3678 caedibus
1954 3634 1993 3679 ae
2014 3612 2112 3678 furtis
2133 3636 2155 3681 a
2176 3633 2214 3680 se

194 3693 323 3778 tripode
344 3713 500 3760 romanae
522 3693 610 3759 sedis
630 3693 790 3777 profecta,
813 3694 1007 3777 recipiatur,
1029 3715 1093 3778 quo
1115 3697 1177 3760 im-
1229 3698 1429 3780 perpetratis
1450 3704 1636 3777 accusatus,
1659 3697 1817 3763 iudicium
1839 3720 1874 3764 se
1896 3719 1965 3763 non
1986 3718 2140 3767 recusare
2162 3699 2214 3768 di-

194 3787 339 3867 petrato,
361 3800 444 3863 quae
464 3778 606 3862 amplius
629 3778 715 3845 amb'
741 3777 820 3843 endi
840 3799 939 3846 eausa
960 3780 1047 3846 erit?
1092 3781 1177 3846 Pro·
1230 3790 1293 3861 cat,
1316 3782 1373 3848 sed
1396 3783 1457 3850 hac
1479 3783 1562 3868 lege,
1585 3791 1622 3849 ut
1644 3782 1706 3850 sibi
1724 3784 1870 3850 tribunal
1894 3785 2051 3870 erigatur,
2075 3806 2118 3852 ex
2147 3807 2214 3872 quo

196 3867 275 3934 inde
297 3867 387 3950 quin'
400 3865 441 3931 de
464 3864 685 3931 examinanda
733 3865 877 3944 ostrina,
906 3863 947 3931 de
968 3887 1069 3950 repur
1112 3866 1178 3933 udo
1231 3866 1359 3933 desua
1396 3888 1495 3935 causa
1521 3872 1726 3953 pronunciet,
1762 3893 1804 3936 ne
1832 3869 1911 3954 quid
1937 3892 1972 3937 se
1999 3871 2108 3938 invito
2133 3893 2214 3957 pro·

195 3951 456 4038 corrigendoque
481 3950 636 4017 ecelesiae
672 3957 762 4017 statu
789 3957 922 4036 agatur,
958 3973 1026 4017 non
1053 3953 1177 4032 auuit,
1230 3953 1365 4032 feratur,
1376 3974 1420 4017 ne
1431 3974 1496 4038 qua
1505 3956 1706 4022 contumelia
1717 3956 1874 4036 laedatur,
1898 3979 1939 4022 ne
1959 3955 2213 4045 quibusurgea-

195 4039 294 4106 modo
323 4037 358 4104 id
387 4040 447 4104 fiat
474 4058 509 4102 se
537 4035 659 4115 iudice,
693 4042 728 4101 et
753 4043 824 4102 tota
856 4038 1083 4104 controversia
1109 4038 1178 4103 solo
1230 4052 1286 4104 tur
1307 4040 1515 4122 testimoniis,
1538 4042 1596 4108 sed
1618 4050 1721 4109 totam
1738 4064 1855 4110 causae
1877 4044 2041 4109 actionem
2057 4045 2106 4111 sic
2127 4052 2215 4112 tem·

197 4148 258 4192 suo
280 4133 364 4192 nutu
385 4125 601 4208 transigatur.
644 4122 716 4188 Nec
735 4143 774 4188 eo
796 4131 982 4204 contentis,
1004 4123 1067 4190 sibi
1088 4130 1177 4189 eate-
1229 4131 1339 4207 peret,
1362 4133 1400 4191 ut
1423 4127 1586 4194 scelerum
1608 4130 1839 4213 impunitatem
1860 4130 1946 4195 citra
1966 4129 2071 4196 ullam
2091 4130 2214 4200 moles-

199 4233 263 4277 nus
286 4218 396 4290 cavet,
419 4219 459 4275 ut
481 4230 565 4293 quae
587 4208 677 4274 volet
697 4211 767 4293 ipse
789 4231 864 4276 cum
887 4209 1080 4294 angelorum
1102 4231 1178 4276 suo-
1229 4211 1311 4277 tiam
1340 4210 1402 4277 sibi
1429 4216 1612 4282 confirmet.
1655 4215 1711 4280 En
1733 4238 1792 4282 cur
1819 4215 2005 4299 imperiales
2026 4226 2215 4286 conventus

196 4318 273 4362 rum
295 4297 444 4377 cohorte,
473 4317 513 4361 ea
535 4295 698 4361 duntaxat
725 4295 761 4360 in
788 4297 1014 4379 quaestionem
1042 4296 1178 4363 veniant
1230 4295 1414 4364 audiendae
1436 4300 1535 4367 huius
1557 4321 1674 4368 causae
1696 4323 1764 4367 non
1785 4303 1853 4366 sint
1874 4321 2018 4386 capaces.

196 4391 235 4447 ut
256 4383 390 4448 modum
412 4382 550 4449 actionis
572 4379 790 4466 praescribat,
818 4389 856 4447 ut
877 4382 1045 4449 silentium
1066 4382 1177 4448 iniun-
1317 4385 1376 4469 46)
1399 4383 1593 4454 Secundum
1615 4397 1666 4452 est
1688 4387 1728 4454 de
1750 4389 1844 4455 bonis
1866 4387 2100 4468 ecclesiasticis,
2123 4391 2216 4458 utsi

197 4474 269 4552 gat,
307 4470 434 4551 quoties
461 4467 612 4546 libuerit,
646 4474 685 4532 ut
719 4467 917 4552 simulatque
951 4470 1179 4553 concrepuerit
1231 4476 1305 4552 [pag.
1325 4475 1380 4552 82]
1403 4473 1483 4557 quid
1503 4474 1662 4540 hactenus
1684 4476 1785 4540 fuerit
1807 4476 1842 4539 in
1864 4495 1979 4539 eorum
1997 4473 2214 4543 administra·

198 4574 313 4619 omues
334 4557 595 4622 contremiscant
640 4552 760 4619 Itane?
796 4553 1000 4638 corruptum
1021 4556 1087 4621 Dei
1107 4554 1178 4621 aul·
1230 4559 1322 4623 tione
1343 4557 1431 4639 vitii,
1455 4561 1483 4625 si
1505 4582 1571 4643 qua
1590 4560 1705 4626 illicita
1726 4560 1905 4645 usurpatio,
1928 4581 1996 4626 non
2017 4560 2082 4627 nisi
2105 4583 2215 4648 papae

197 4652 281 4716 tum,
304 4639 501 4705 exstinctam
522 4642 593 4707 eius
615 4639 765 4725 gloriam,
787 4640 842 4706 vel
864 4640 981 4707 saltem
1004 4641 1100 4707 valde
1121 4642 1178 4708 ob·
1230 4643 1349 4710 iudicio
1371 4647 1563 4731 corrigatur.
1598 4645 1683 4728 Quis
1705 4648 1828 4714 frustra
1848 4668 1969 4731 papam
1990 4648 2026 4712 in
2050 4667 2090 4713 eo
2111 4647 2215 4717 insis-

196 4731 372 4802 scuratam,
392 4744 546 4791 eversum
562 4725 689 4793 Ohristi
700 4748 851 4811 regnum,
869 4726 1115 4810 pessumdatam
1125 4748 1178 4793 re·
1231 4736 1300 4793 tere
1319 4730 1439 4814 neget?
1486 4731 1602 4814 Qualis
1623 4733 1712 4798 enim
1734 4733 1842 4799 aditus
1862 4733 2032 4816 patefieret
2052 4734 2215 4821 principi-

196 4809 371 4896 ligionem,
394 4806 577 4876 doctrinam
598 4814 749 4880 veritatis
770 4814 892 4897 partim
914 4812 1080 4893 vitiatam,
1103 4832 1179 4897 par-
1230 4811 1293 4878 bus
1313 4813 1356 4879 ad
1372 4838 1425 4882 res
1446 4818 1627 4899 novandas,
1650 4819 1679 4886 si
1694 4818 1759 4886 hue
1780 4818 2056 4885 admitterentur?
2090 4820 2212 4889 Palam

199 4987 251 4993 ——.
267 4987 323 4993 .—..
335 4986 359 4993 .-
384 4984 568 4992 -----.-...

354 5101 383 5163 1)
405 5098 453 5153 Sic
469 5099 534 5152 berc
550 5100 704 5155 mendacis
723 5103 865 5157 eatam
883 5104 921 5158 ad
937 5110 1051 5158 martem
1068 5102 1201 5156 historiae
1218 5101 1233 5153 1
1254 5102 1321 5169 aa.
1339 5103 1381 5174 22,
1399 5105 1432 5158 21
1451 5123 1521 5178 seqq.
1560 5112 1694 5179 Merope
1711 5111 1803 5166 babet:
1821 5112 1919 5165 Achae.

353 5171 384 5236 2)
406 5169 541 5236 &inceps
559 5169 650 5223 miuus
666 5171 811 5225 condano:
830 5172 900 5236 Quid
917 5172 1052 5241 adhaec,
1071 5171 1240 5229 sanctissime
1256 5175 1359 5241 pater?
1396 5174 1466 5242 (Qus
1485 5181 1605 5248 respond
1623 5183 1640 5235 t
1658 5180 1716 5236 cela
1734 5180 1759 5235 le
1779 5181 1935 5235 tres-sainct
1952 5196 2033 5250 pere,
2052 5181 2078 5236 le
2096 5181 2211 5251 Paper)
