<?xml version="1.0" encoding="UTF-8"?>
<!DOCTYPE html PUBLIC "-//W3C//DTD XHTML 1.0 Transitional//EN"
    "http://www.w3.org/TR/xhtml1/DTD/xhtml1-transitional.dtd">
<html xmlns="http://www.w3.org/1999/xhtml" xml:lang="en" lang="en">
 <head>
  <title>
</title>
<meta http-equiv="Content-Type" content="text/html;charset=utf-8" />
  <meta name='ocr-system' content='tesseract 3.04.00' />
  <meta name='ocr-capabilities' content='ocr_page ocr_carea ocr_par ocr_line ocrx_word'/>
</head>
<body>
  <div class='ocr_page' id='page_1' title='image "./ioanniscalvinio14calvgoog_0200.png"; bbox 0 0 4590 5902; ppageno 0'>
   <div class='ocr_carea' id='block_1_1' title="bbox 108 160 2128 287">
    <p class='ocr_par' dir='ltr' id='par_1_1' title="bbox 108 160 2128 287">
     <span class='ocr_line' id='line_1_1' title="bbox 108 160 2128 287; baseline 0.003 -8"><span class='ocrx_word' id='word_1_1' title='bbox 108 216 173 279; x_wconf 81' lang='lat' dir='ltr'><strong><em>ers</em></strong></span> <span class='ocrx_word' id='word_1_2' title='bbox 445 220 477 251; x_wconf 95' lang='lat'><strong><em>·-</em></strong></span> <span class='ocrx_word' id='word_1_3' title='bbox 511 178 522 189; x_wconf 84' lang='grc'><em>“</em></span> <span class='ocrx_word' id='word_1_4' title='bbox 940 212 1040 280; x_wconf 85' lang='lat' dir='ltr'><strong><em>ann</em></strong></span> <span class='ocrx_word' id='word_1_5' title='bbox 1063 211 1294 284; x_wconf 82' lang='lat' dir='ltr'><strong><em>sonorus.</em></strong></span> <span class='ocrx_word' id='word_1_6' title='bbox 1781 160 1786 167; x_wconf 41' lang='lat'>¹</span> <span class='ocrx_word' id='word_1_7' title='bbox 2063 221 2128 287; x_wconf 79' lang='lat' dir='ltr'><strong><em>ur</em></strong></span> 
     </span>
    </p>
   </div>
   <div class='ocr_carea' id='block_1_2' title="bbox 100 397 2125 1862">
    <p class='ocr_par' dir='ltr' id='par_1_2' title="bbox 100 397 2125 1862">
     <span class='ocr_line' id='line_1_2' title="bbox 109 397 2123 490; baseline 0.006 -27"><span class='ocrx_word' id='word_1_8' title='bbox 109 398 289 482; x_wconf 72' lang='lat' dir='ltr'><strong><em>Sequuntn</em></strong></span> <span class='ocrx_word' id='word_1_9' title='bbox 309 397 408 465; x_wconf 82' lang='lat' dir='ltr'><strong><em>huius</em></strong></span> <span class='ocrx_word' id='word_1_10' title='bbox 428 400 602 481; x_wconf 80' lang='lat' dir='ltr'><strong><em>impietatis</em></strong></span> <span class='ocrx_word' id='word_1_11' title='bbox 622 420 820 481; x_wconf 70' lang='lat' dir='ltr'><strong><em>suuessorea</em></strong></span> <span class='ocrx_word' id='word_1_12' title='bbox 842 401 897 467; x_wconf 86' lang='lat' dir='ltr'><strong><em>sed</em></strong></span> <span class='ocrx_word' id='word_1_13' title='bbox 910 422 973 482; x_wconf 81' lang='lat' dir='ltr'><strong><em>per</em></strong></span> <span class='ocrx_word' id='word_1_14' title='bbox 991 402 1165 482; x_wconf 74' lang='lat' dir='ltr'><strong><em>innrvatta,</em></strong></span> <span class='ocrx_word' id='word_1_15' title='bbox 1187 403 1279 468; x_wconf 77' lang='lat' dir='ltr'><strong><em>inulti</em></strong></span> <span class='ocrx_word' id='word_1_16' title='bbox 1300 403 1360 468; x_wconf 87' lang='lat' dir='ltr'><strong><em>otii</em></strong></span> <span class='ocrx_word' id='word_1_17' title='bbox 1382 404 1592 485; x_wconf 79' lang='lat' dir='ltr'><strong><em>imperatores,</em></strong></span> <span class='ocrx_word' id='word_1_18' title='bbox 1617 404 1687 488; x_wconf 86' lang='grc'>(29)</span> <span class='ocrx_word' id='word_1_19' title='bbox 1700 405 1808 486; x_wconf 85' lang='lat' dir='ltr'><strong><em>quales</em></strong></span> <span class='ocrx_word' id='word_1_20' title='bbox 1828 406 1917 486; x_wconf 78' lang='lat' dir='ltr'><strong><em>suere</em></strong></span> <span class='ocrx_word' id='word_1_21' title='bbox 1937 407 2123 490; x_wconf 68' lang='lat' dir='ltr'><strong><em>Mauritius</em></strong></span> 
     </span>
     <span class='ocr_line' id='line_1_3' title="bbox 109 483 2122 577; baseline 0.006 -27"><span class='ocrx_word' id='word_1_22' title='bbox 109 485 182 571; x_wconf 88' lang='grc'>(30)</span> <span class='ocrx_word' id='word_1_23' title='bbox 203 483 357 551; x_wconf 79' lang='grc'>06666666</span> <span class='ocrx_word' id='word_1_24' title='bbox 373 485 528 551; x_wconf 73' lang='lat' dir='ltr'><strong><em>anundus</em></strong></span> <span class='ocrx_word' id='word_1_25' title='bbox 545 484 723 552; x_wconf 79' lang='lat' dir='ltr'><strong><em>Iustirriani</em></strong></span> <span class='ocrx_word' id='word_1_26' title='bbox 736 486 932 554; x_wconf 70' lang='lat' dir='ltr'><strong><em>Constantini</em></strong></span> <span class='ocrx_word' id='word_1_27' title='bbox 952 487 1104 572; x_wconf 73' lang='lat' dir='ltr'><strong><em>Poqonati</em></strong></span> <span class='ocrx_word' id='word_1_28' title='bbox 1123 487 1220 568; x_wconf 71' lang='lat' dir='ltr'><strong><em>filine,</em></strong></span> <span class='ocrx_word' id='word_1_29' title='bbox 1242 489 1424 571; x_wconf 76' lang='lat' dir='ltr'><strong><em>Philippus,</em></strong></span> <span class='ocrx_word' id='word_1_30' title='bbox 1444 490 1514 555; x_wconf 87' lang='lat' dir='ltr'><strong><em>Leo.</em></strong></span> <span class='ocrx_word' id='word_1_31' title='bbox 1554 489 1616 555; x_wconf 85' lang='lat' dir='ltr'><strong><em>Sed</em></strong></span> <span class='ocrx_word' id='word_1_32' title='bbox 1631 490 1688 556; x_wconf 80' lang='lat' dir='ltr'><strong><em>bos</em></strong></span> <span class='ocrx_word' id='word_1_33' title='bbox 1705 511 1870 557; x_wconf 86' lang='lat' dir='ltr'><strong><em>numerare</em></strong></span> <span class='ocrx_word' id='word_1_34' title='bbox 1891 494 2015 577; x_wconf 79' lang='lat' dir='ltr'><strong><em>tnnpum</em></strong></span> <span class='ocrx_word' id='word_1_35' title='bbox 2036 503 2122 575; x_wconf 88' lang='lat' dir='ltr'><strong><em>esset,</em></strong></span> 
     </span>
     <span class='ocr_line' id='line_1_4' title="bbox 107 570 2125 661; baseline 0.006 -27"><span class='ocrx_word' id='word_1_36' title='bbox 107 572 166 655; x_wconf 78' lang='lat' dir='ltr'><strong><em>qui</em></strong></span> <span class='ocrx_word' id='word_1_37' title='bbox 188 570 313 637; x_wconf 83' lang='lat' dir='ltr'><strong><em>diverso</em></strong></span> <span class='ocrx_word' id='word_1_38' title='bbox 341 570 466 655; x_wconf 77' lang='lat' dir='ltr'><strong><em>qrridun</em></strong></span> <span class='ocrx_word' id='word_1_39' title='bbox 490 592 601 655; x_wconf 74' lang='lat' dir='ltr'><strong><em>penne</em></strong></span> <span class='ocrx_word' id='word_1_40' title='bbox 622 575 746 653; x_wconf 82' lang='lat' dir='ltr'><strong><em>mortis,</em></strong></span> <span class='ocrx_word' id='word_1_41' title='bbox 775 574 829 640; x_wconf 89' lang='lat' dir='ltr'><strong><em>sed</em></strong></span> <span class='ocrx_word' id='word_1_42' title='bbox 859 593 963 639; x_wconf 78' lang='lat' dir='ltr'><strong><em>narres</em></strong></span> <span class='ocrx_word' id='word_1_43' title='bbox 991 579 1047 639; x_wconf 88' lang='lat' dir='ltr'><strong><em>ont</em></strong></span> <span class='ocrx_word' id='word_1_44' title='bbox 1073 575 1216 654; x_wconf 83' lang='lat' dir='ltr'><strong><em>uiolento,</em></strong></span> <span class='ocrx_word' id='word_1_45' title='bbox 1246 581 1303 640; x_wconf 90' lang='lat' dir='ltr'><strong><em>aut</em></strong></span> <span class='ocrx_word' id='word_1_46' title='bbox 1330 576 1535 659; x_wconf 74' lang='lat' dir='ltr'><strong><em>ionorninioso</em></strong></span> <span class='ocrx_word' id='word_1_47' title='bbox 1561 576 1692 657; x_wconf 79' lang='lat' dir='ltr'><strong><em>spoliati</em></strong></span> <span class='ocrx_word' id='word_1_48' title='bbox 1718 582 1811 642; x_wconf 88' lang='lat' dir='ltr'><strong><em>antea</em></strong></span> <span class='ocrx_word' id='word_1_49' title='bbox 1837 578 1969 661; x_wconf 84' lang='lat' dir='ltr'><strong><em>imperio</em></strong></span> <span class='ocrx_word' id='word_1_50' title='bbox 1992 586 2019 645; x_wconf 89' lang='lat' dir='ltr'><strong><em>et</em></strong></span> <span class='ocrx_word' id='word_1_51' title='bbox 2040 583 2125 647; x_wconf 86' lang='lat' dir='ltr'><strong><em>omni</em></strong></span> 
     </span>
     <span class='ocr_line' id='line_1_5' title="bbox 108 655 2124 750; baseline 0.004 -26"><span class='ocrx_word' id='word_1_52' title='bbox 108 655 262 741; x_wconf 78' lang='lat' dir='ltr'><strong><em>dipnitate</em></strong></span> <span class='ocrx_word' id='word_1_53' title='bbox 277 658 456 740; x_wconf 68' lang='grc'>66666666,</span> <span class='ocrx_word' id='word_1_54' title='bbox 484 662 519 722; x_wconf 87' lang='lat' dir='ltr'><strong><em>nt</em></strong></span> <span class='ocrx_word' id='word_1_55' title='bbox 548 658 711 741; x_wconf 75' lang='lat' dir='ltr'><strong><em>manifeste</em></strong></span> <span class='ocrx_word' id='word_1_56' title='bbox 736 665 888 742; x_wconf 77' lang='lat' dir='ltr'><strong><em>appareat</em></strong></span> <span class='ocrx_word' id='word_1_57' title='bbox 909 664 982 739; x_wconf 79' lang='lat' dir='ltr'><strong><em>[pag.</em></strong></span> <span class='ocrx_word' id='word_1_58' title='bbox 1003 665 1056 739; x_wconf 84' lang='lat'><strong><em>25]</em></strong></span> <span class='ocrx_word' id='word_1_59' title='bbox 1084 661 1120 725; x_wconf 89' lang='lat' dir='ltr'><strong><em>in</em></strong></span> <span class='ocrx_word' id='word_1_60' title='bbox 1147 661 1194 725; x_wconf 85' lang='lat' dir='ltr'><strong><em>eis</em></strong></span> <span class='ocrx_word' id='word_1_61' title='bbox 1221 660 1321 726; x_wconf 77' lang='lat' dir='ltr'><strong><em>nitria</em></strong></span> <span class='ocrx_word' id='word_1_62' title='bbox 1348 660 1571 728; x_wconf 72' lang='lat' dir='ltr'><strong><em>inobedientiae</em></strong></span> <span class='ocrx_word' id='word_1_63' title='bbox 1605 662 1742 727; x_wconf 78' lang='lat' dir='ltr'><strong><em>vindicta</em></strong></span> <span class='ocrx_word' id='word_1_64' title='bbox 1776 663 1895 729; x_wconf 81' lang='lat' dir='ltr'><strong><em>diuina.</em></strong></span> <span class='ocrx_word' id='word_1_65' title='bbox 1940 665 2014 750; x_wconf 85' lang='lat'>(31)</span> <span class='ocrx_word' id='word_1_66' title='bbox 2036 667 2124 748; x_wconf 76' lang='lat' dir='ltr'><strong><em>Quae</em></strong></span> 
     </span>
     <span class='ocr_line' id='line_1_6' title="bbox 109 742 2124 830; baseline 0.004 -20"><span class='ocrx_word' id='word_1_67' title='bbox 109 744 209 811; x_wconf 66' lang='lat' dir='ltr'><strong><em>sedes</em></strong></span> <span class='ocrx_word' id='word_1_68' title='bbox 235 762 334 824; x_wconf 82' lang='lat' dir='ltr'><strong><em>usque</em></strong></span> <span class='ocrx_word' id='word_1_69' title='bbox 360 743 404 809; x_wconf 92' lang='lat' dir='ltr'><strong><em>ad</em></strong></span> <span class='ocrx_word' id='word_1_70' title='bbox 426 742 601 809; x_wconf 84' lang='lat' dir='ltr'><strong><em>Heariaum</em></strong></span> <span class='ocrx_word' id='word_1_71' title='bbox 622 745 715 811; x_wconf 86' lang='lat' dir='ltr'><strong><em>ittam</em></strong></span> <span class='ocrx_word' id='word_1_72' title='bbox 730 746 866 829; x_wconf 75' lang='lat' dir='ltr'><strong><em>perdun</em></strong></span> <span class='ocrx_word' id='word_1_73' title='bbox 881 751 1002 827; x_wconf 81' lang='lat' dir='ltr'><strong><em>posset,</em></strong></span> <span class='ocrx_word' id='word_1_74' title='bbox 1031 747 1088 827; x_wconf 85' lang='lat' dir='ltr'><strong><em>qui</em></strong></span> <span class='ocrx_word' id='word_1_75' title='bbox 1116 767 1215 826; x_wconf 82' lang='lat' dir='ltr'><strong><em>quarn</em></strong></span> <span class='ocrx_word' id='word_1_76' title='bbox 1242 748 1428 830; x_wconf 61' lang='lat' dir='ltr'><strong><em>manauere</em></strong></span> <span class='ocrx_word' id='word_1_77' title='bbox 1454 747 1556 812; x_wconf 86' lang='lat' dir='ltr'><strong><em>sedem</em></strong></span> <span class='ocrx_word' id='word_1_78' title='bbox 1582 748 1787 830; x_wconf 78' lang='lat' dir='ltr'><strong><em>apostoticam</em></strong></span> <span class='ocrx_word' id='word_1_79' title='bbox 1819 756 1972 830; x_wconf 78' lang='grc'>66666666,</span> <span class='ocrx_word' id='word_1_80' title='bbox 2000 753 2124 818; x_wconf 87' lang='lat' dir='ltr'><strong><em>tandem</em></strong></span> 
     </span>
     <span class='ocr_line' id='line_1_7' title="bbox 111 829 2124 919; baseline 0.004 -24"><span class='ocrx_word' id='word_1_81' title='bbox 111 850 184 895; x_wconf 75' lang='lat' dir='ltr'><strong><em>eurr·</em></strong></span> <span class='ocrx_word' id='word_1_82' title='bbox 205 848 228 893; x_wconf 90' lang='grc'><strong><em>6</em></strong></span> <span class='ocrx_word' id='word_1_83' title='bbox 254 848 312 893; x_wconf 83' lang='lat' dir='ltr'><strong><em>suo</em></strong></span> <span class='ocrx_word' id='word_1_84' title='bbox 332 829 400 911; x_wconf 74' lang='lat' dir='ltr'><strong><em>filio</em></strong></span> <span class='ocrx_word' id='word_1_85' title='bbox 423 835 549 911; x_wconf 71' lang='lat' dir='ltr'><strong><em>capnon</em></strong></span> <span class='ocrx_word' id='word_1_86' title='bbox 570 829 682 896; x_wconf 71' lang='lat' dir='ltr'><strong><em>leodii</em></strong></span> <span class='ocrx_word' id='word_1_87' title='bbox 711 832 788 897; x_wconf 87' lang='lat' dir='ltr'><strong><em>attio</em></strong></span> <span class='ocrx_word' id='word_1_88' title='bbox 810 831 921 896; x_wconf 86' lang='lat' dir='ltr'><strong><em>divina</em></strong></span> <span class='ocrx_word' id='word_1_89' title='bbox 943 832 977 896; x_wconf 90' lang='lat' dir='ltr'><strong><em>in</em></strong></span> <span class='ocrx_word' id='word_1_90' title='bbox 999 851 1121 897; x_wconf 76' lang='lat' dir='ltr'><strong><em>earoere</em></strong></span> <span class='ocrx_word' id='word_1_91' title='bbox 1148 833 1230 899; x_wconf 79' lang='lat' dir='ltr'><strong><em>mori</em></strong></span> <span class='ocrx_word' id='word_1_92' title='bbox 1249 833 1340 915; x_wconf 86' lang='lat' dir='ltr'><strong><em>feeit:</em></strong></span> <span class='ocrx_word' id='word_1_93' title='bbox 1368 833 1578 898; x_wconf 85' lang='lat' dir='ltr'><strong><em>iustissimum</em></strong></span> <span class='ocrx_word' id='word_1_94' title='bbox 1601 833 1726 915; x_wconf 81' lang='lat' dir='ltr'><strong><em>quidem</em></strong></span> <span class='ocrx_word' id='word_1_95' title='bbox 1747 834 1971 903; x_wconf 80' lang='lat' dir='ltr'><strong><em>inobedientiae</em></strong></span> <span class='ocrx_word' id='word_1_96' title='bbox 1985 857 2124 919; x_wconf 67' lang='grc'>6666666</span> 
     </span>
     <span class='ocr_line' id='line_1_8' title="bbox 110 914 2125 1002; baseline 0.004 -20"><span class='ocrx_word' id='word_1_97' title='bbox 110 916 153 982; x_wconf 79' lang='lat' dir='ltr'><strong><em>ab</em></strong></span> <span class='ocrx_word' id='word_1_98' title='bbox 172 915 243 999; x_wconf 78' lang='lat' dir='ltr'><strong><em>ipso</em></strong></span> <span class='ocrx_word' id='word_1_99' title='bbox 264 920 415 997; x_wconf 70' lang='lat' dir='ltr'><strong><em>repetem,</em></strong></span> <span class='ocrx_word' id='word_1_100' title='bbox 443 920 478 981; x_wconf 88' lang='lat' dir='ltr'><strong><em>ut</em></strong></span> <span class='ocrx_word' id='word_1_101' title='bbox 499 937 520 981; x_wconf 93' lang='lat' dir='ltr'><strong><em>a</em></strong></span> <span class='ocrx_word' id='word_1_102' title='bbox 544 914 613 997; x_wconf 73' lang='lat' dir='ltr'><strong><em>ntro</em></strong></span> <span class='ocrx_word' id='word_1_103' title='bbox 639 919 857 1002; x_wconf 63' lang='lat' dir='ltr'><strong><em>contineretur,</em></strong></span> <span class='ocrx_word' id='word_1_104' title='bbox 885 918 941 998; x_wconf 81' lang='lat' dir='ltr'><strong><em>qni</em></strong></span> <span class='ocrx_word' id='word_1_105' title='bbox 962 938 1047 998; x_wconf 69' lang='grc'>6666,</span> <span class='ocrx_word' id='word_1_106' title='bbox 1075 938 1163 998; x_wconf 80' lang='lat' dir='ltr'><strong><em>quem</em></strong></span> <span class='ocrx_word' id='word_1_107' title='bbox 1179 920 1288 1000; x_wconf 84' lang='lat' dir='ltr'><strong><em>patris</em></strong></span> <span class='ocrx_word' id='word_1_108' title='bbox 1311 918 1373 985; x_wconf 83' lang='lat' dir='ltr'><strong><em>loeo</em></strong></span> <span class='ocrx_word' id='word_1_109' title='bbox 1394 919 1506 985; x_wconf 85' lang='lat' dir='ltr'><strong><em>diuina</em></strong></span> <span class='ocrx_word' id='word_1_110' title='bbox 1534 920 1782 1000; x_wconf 81' lang='lat' dir='ltr'><strong><em>oiprooidentia</em></strong></span> <span class='ocrx_word' id='word_1_111' title='bbox 1804 921 1839 985; x_wconf 91' lang='lat' dir='ltr'><strong><em>in</em></strong></span> <span class='ocrx_word' id='word_1_112' title='bbox 1865 922 1992 988; x_wconf 79' lang='lat' dir='ltr'><strong><em>udesia</em></strong></span> <span class='ocrx_word' id='word_1_113' title='bbox 2014 924 2125 991; x_wconf 75' lang='lat' dir='ltr'><strong><em>eonsti-</em></strong></span> 
     </span>
     <span class='ocr_line' id='line_1_9' title="bbox 109 1001 2124 1090; baseline 0.005 -24"><span class='ocrx_word' id='word_1_114' title='bbox 109 1005 222 1080; x_wconf 75' lang='lat' dir='ltr'><strong><em>tuerat</em></strong></span> <span class='ocrx_word' id='word_1_115' title='bbox 243 1006 286 1067; x_wconf 84' lang='lat' dir='ltr'><strong><em>tot</em></strong></span> <span class='ocrx_word' id='word_1_116' title='bbox 304 1001 599 1082; x_wconf 64' lang='lat' dir='ltr'><strong><em>mutuaverat,</em></strong></span> <span class='ocrx_word' id='word_1_117' title='bbox 622 1004 750 1084; x_wconf 80' lang='lat' dir='ltr'><strong><em>eiusque</em></strong></span> <span class='ocrx_word' id='word_1_118' title='bbox 771 1005 968 1069; x_wconf 78' lang='lat' dir='ltr'><strong><em>autoritatem</em></strong></span> <span class='ocrx_word' id='word_1_119' title='bbox 996 1003 1179 1088; x_wconf 77' lang='lat' dir='ltr'><strong><em>nepleenat.</em></strong></span> <span class='ocrx_word' id='word_1_120' title='bbox 1224 1005 1297 1089; x_wconf 84' lang='grc'>(32)</span> <span class='ocrx_word' id='word_1_121' title='bbox 1309 1004 1352 1069; x_wconf 84' lang='lat' dir='ltr'><strong><em>ld</em></strong></span> <span class='ocrx_word' id='word_1_122' title='bbox 1372 1005 1455 1086; x_wconf 82' lang='lat' dir='ltr'><strong><em>quod</em></strong></span> <span class='ocrx_word' id='word_1_123' title='bbox 1476 1009 1503 1069; x_wconf 91' lang='lat' dir='ltr'><strong><em>et</em></strong></span> <span class='ocrx_word' id='word_1_124' title='bbox 1525 1005 1563 1071; x_wconf 90' lang='lat' dir='ltr'><strong><em>de</em></strong></span> <span class='ocrx_word' id='word_1_125' title='bbox 1585 1004 1750 1072; x_wconf 83' lang='lat' dir='ltr'><strong><em>Friderioo</em></strong></span> <span class='ocrx_word' id='word_1_126' title='bbox 1771 1007 1903 1072; x_wconf 85' lang='lat' dir='ltr'><strong><em>seeurrdo</em></strong></span> <span class='ocrx_word' id='word_1_127' title='bbox 1930 1009 1995 1074; x_wconf 84' lang='lat' dir='ltr'><strong><em>diei</em></strong></span> <span class='ocrx_word' id='word_1_128' title='bbox 2010 1014 2124 1090; x_wconf 76' lang='lat' dir='ltr'><strong><em>pona,</em></strong></span> 
     </span>
     <span class='ocr_line' id='line_1_10' title="bbox 105 1086 2123 1179; baseline 0.004 -26"><span class='ocrx_word' id='word_1_129' title='bbox 105 1088 174 1153; x_wconf 84' lang='lat' dir='ltr'><strong><em>nisi</em></strong></span> <span class='ocrx_word' id='word_1_130' title='bbox 195 1086 278 1169; x_wconf 82' lang='lat' dir='ltr'><strong><em>quod</em></strong></span> <span class='ocrx_word' id='word_1_131' title='bbox 304 1086 476 1169; x_wconf 56' lang='lat' dir='ltr'><strong><em>atelani</em></strong></span> <span class='ocrx_word' id='word_1_132' title='bbox 502 1089 611 1154; x_wconf 86' lang='lat' dir='ltr'><strong><em>mortis</em></strong></span> <span class='ocrx_word' id='word_1_133' title='bbox 637 1110 746 1173; x_wconf 79' lang='lat' dir='ltr'><strong><em>ponere</em></strong></span> <span class='ocrx_word' id='word_1_134' title='bbox 774 1096 819 1154; x_wconf 84' lang='lat' dir='ltr'><strong><em>est</em></strong></span> <span class='ocrx_word' id='word_1_135' title='bbox 844 1088 998 1169; x_wconf 67' lang='grc' dir='ltr'>6666ὼέ66,</span> <span class='ocrx_word' id='word_1_136' title='bbox 1026 1091 1081 1171; x_wconf 87' lang='lat' dir='ltr'><strong><em>qui</em></strong></span> <span class='ocrx_word' id='word_1_137' title='bbox 1106 1090 1173 1172; x_wconf 71' lang='lat' dir='ltr'><strong><em>filio</em></strong></span> <span class='ocrx_word' id='word_1_138' title='bbox 1197 1110 1254 1155; x_wconf 79' lang='lat' dir='ltr'><strong><em>siro</em></strong></span> <span class='ocrx_word' id='word_1_139' title='bbox 1280 1092 1351 1172; x_wconf 72' lang='lat' dir='ltr'><strong><em>apto</em></strong></span> <span class='ocrx_word' id='word_1_140' title='bbox 1380 1090 1540 1172; x_wconf 75' lang='lat' dir='ltr'><strong><em>earnirieis</em></strong></span> <span class='ocrx_word' id='word_1_141' title='bbox 1566 1111 1693 1156; x_wconf 72' lang='lat' dir='ltr'><strong><em>ninum</em></strong></span> <span class='ocrx_word' id='word_1_142' title='bbox 1719 1092 1879 1175; x_wconf 70' lang='lat' dir='ltr'><strong><em>sanante,</em></strong></span> <span class='ocrx_word' id='word_1_143' title='bbox 1904 1095 2123 1179; x_wconf 78' lang='lat' dir='ltr'><strong><em>stranputatus</em></strong></span> 
     </span>
     <span class='ocr_line' id='line_1_11' title="bbox 107 1172 2123 1261; baseline 0.004 -22"><span class='ocrx_word' id='word_1_144' title='bbox 107 1172 238 1239; x_wconf 63' lang='lat' dir='ltr'><strong><em>interiit.</em></strong></span> <span class='ocrx_word' id='word_1_145' title='bbox 283 1173 423 1238; x_wconf 83' lang='lat' dir='ltr'><strong><em>Tametsi</em></strong></span> <span class='ocrx_word' id='word_1_146' title='bbox 443 1172 535 1240; x_wconf 86' lang='lat' dir='ltr'><strong><em>Deus</em></strong></span> <span class='ocrx_word' id='word_1_147' title='bbox 555 1193 617 1239; x_wconf 91' lang='lat' dir='ltr'><strong><em>non</em></strong></span> <span class='ocrx_word' id='word_1_148' title='bbox 638 1196 759 1257; x_wconf 76' lang='lat' dir='ltr'><strong><em>semper</em></strong></span> <span class='ocrx_word' id='word_1_149' title='bbox 787 1176 842 1241; x_wconf 82' lang='lat' dir='ltr'><strong><em>troo</em></strong></span> <span class='ocrx_word' id='word_1_150' title='bbox 863 1176 950 1240; x_wconf 88' lang='lat' dir='ltr'><strong><em>rnodo</em></strong></span> <span class='ocrx_word' id='word_1_151' title='bbox 977 1175 1103 1241; x_wconf 84' lang='lat' dir='ltr'><strong><em>rebelles</em></strong></span> <span class='ocrx_word' id='word_1_152' title='bbox 1121 1177 1277 1261; x_wconf 72' lang='lat' dir='ltr'><strong><em>wstipare</em></strong></span> <span class='ocrx_word' id='word_1_153' title='bbox 1297 1176 1403 1256; x_wconf 84' lang='lat' dir='ltr'><strong><em>soleat,</em></strong></span> <span class='ocrx_word' id='word_1_154' title='bbox 1426 1176 1675 1258; x_wconf 82' lang='lat' dir='ltr'><strong><em>qnandoquidem</em></strong></span> <span class='ocrx_word' id='word_1_155' title='bbox 1701 1178 1866 1244; x_wconf 86' lang='lat' dir='ltr'><strong><em>nonnullos</em></strong></span> <span class='ocrx_word' id='word_1_156' title='bbox 1887 1180 1934 1244; x_wconf 84' lang='lat' dir='ltr'><strong><em>sio</em></strong></span> <span class='ocrx_word' id='word_1_157' title='bbox 1954 1181 2123 1248; x_wconf 73' lang='lat' dir='ltr'><strong><em>desideriis</em></strong></span> 
     </span>
     <span class='ocr_line' id='line_1_12' title="bbox 105 1257 2120 1346; baseline 0.002 -19"><span class='ocrx_word' id='word_1_158' title='bbox 105 1260 179 1327; x_wconf 80' lang='lat' dir='ltr'><strong><em>suia</em></strong></span> <span class='ocrx_word' id='word_1_159' title='bbox 197 1257 269 1340; x_wconf 69' lang='lat' dir='ltr'><strong><em>frui</em></strong></span> <span class='ocrx_word' id='word_1_160' title='bbox 283 1259 462 1341; x_wconf 81' lang='lat' dir='ltr'><strong><em>permittat,</em></strong></span> <span class='ocrx_word' id='word_1_161' title='bbox 485 1264 528 1338; x_wconf 88' lang='lat' dir='ltr'><strong><em>ut,</em></strong></span> <span class='ocrx_word' id='word_1_162' title='bbox 551 1261 634 1342; x_wconf 81' lang='lat' dir='ltr'><strong><em>quod</em></strong></span> <span class='ocrx_word' id='word_1_163' title='bbox 656 1263 698 1328; x_wconf 93' lang='lat' dir='ltr'><strong><em>ad</em></strong></span> <span class='ocrx_word' id='word_1_164' title='bbox 716 1266 874 1328; x_wconf 67' lang='grc'>66666666</span> <span class='ocrx_word' id='word_1_165' title='bbox 895 1261 1130 1344; x_wconf 67' lang='grc'>66666966666666</span> <span class='ocrx_word' id='word_1_166' title='bbox 1151 1263 1268 1342; x_wconf 88' lang='lat' dir='ltr'><strong><em>attinet,</em></strong></span> <span class='ocrx_word' id='word_1_167' title='bbox 1290 1263 1418 1344; x_wconf 78' lang='lat' dir='ltr'><strong><em>impune</em></strong></span> <span class='ocrx_word' id='word_1_168' title='bbox 1433 1281 1573 1344; x_wconf 81' lang='lat' dir='ltr'><strong><em>peecare,</em></strong></span> <span class='ocrx_word' id='word_1_169' title='bbox 1597 1268 1624 1328; x_wconf 89' lang='lat' dir='ltr'><strong><em>et</em></strong></span> <span class='ocrx_word' id='word_1_170' title='bbox 1646 1263 1681 1326; x_wconf 91' lang='lat' dir='ltr'><strong><em>iu</em></strong></span> <span class='ocrx_word' id='word_1_171' title='bbox 1703 1282 1819 1346; x_wconf 72' lang='lat' dir='ltr'><strong><em>maana</em></strong></span> <span class='ocrx_word' id='word_1_172' title='bbox 1841 1268 1916 1342; x_wconf 76' lang='lat' dir='ltr'><strong><em>[pag.</em></strong></span> <span class='ocrx_word' id='word_1_173' title='bbox 1936 1271 1990 1344; x_wconf 85' lang='lat'><strong><em>26]</em></strong></span> <span class='ocrx_word' id='word_1_174' title='bbox 2012 1287 2120 1332; x_wconf 87' lang='lat' dir='ltr'><strong><em>rerum</em></strong></span> 
     </span>
     <span class='ocr_line' id='line_1_13' title="bbox 104 1344 2123 1433; baseline 0.003 -22"><span class='ocrx_word' id='word_1_175' title='bbox 104 1344 249 1411; x_wconf 72' lang='lat' dir='ltr'><strong><em>omnium</em></strong></span> <span class='ocrx_word' id='word_1_176' title='bbox 270 1344 435 1427; x_wconf 70' lang='lat' dir='ltr'><strong><em>affluentia</em></strong></span> <span class='ocrx_word' id='word_1_177' title='bbox 456 1346 550 1427; x_wconf 84' lang='lat' dir='ltr'><strong><em>quasi</em></strong></span> <span class='ocrx_word' id='word_1_178' title='bbox 568 1345 676 1428; x_wconf 73' lang='lat' dir='ltr'><strong><em>[diaes</em></strong></span> <span class='ocrx_word' id='word_1_179' title='bbox 697 1349 797 1412; x_wconf 74' lang='lat' dir='ltr'><strong><em>neore</em></strong></span> <span class='ocrx_word' id='word_1_180' title='bbox 818 1348 993 1412; x_wconf 85' lang='lat' dir='ltr'><strong><em>videarrtur.</em></strong></span> <span class='ocrx_word' id='word_1_181' title='bbox 1027 1346 1070 1413; x_wconf 91' lang='lat' dir='ltr'><strong><em>Id</em></strong></span> <span class='ocrx_word' id='word_1_182' title='bbox 1092 1368 1129 1414; x_wconf 93' lang='lat' dir='ltr'><strong><em>ea</em></strong></span> <span class='ocrx_word' id='word_1_183' title='bbox 1150 1349 1271 1413; x_wconf 84' lang='lat' dir='ltr'><strong><em>ratione</em></strong></span> <span class='ocrx_word' id='word_1_184' title='bbox 1290 1350 1409 1430; x_wconf 78' lang='lat' dir='ltr'><strong><em>tastum</em></strong></span> <span class='ocrx_word' id='word_1_185' title='bbox 1431 1368 1453 1413; x_wconf 93' lang='lat' dir='ltr'><strong><em>a</em></strong></span> <span class='ocrx_word' id='word_1_186' title='bbox 1474 1349 1585 1414; x_wconf 86' lang='lat' dir='ltr'><strong><em>dieirra</em></strong></span> <span class='ocrx_word' id='word_1_187' title='bbox 1600 1349 1804 1429; x_wconf 70' lang='lat' dir='ltr'><strong><em>prandentis</em></strong></span> <span class='ocrx_word' id='word_1_188' title='bbox 1822 1351 1923 1415; x_wconf 83' lang='lat' dir='ltr'><strong><em>sandi</em></strong></span> <span class='ocrx_word' id='word_1_189' title='bbox 1938 1356 2050 1433; x_wconf 83' lang='lat' dir='ltr'><strong><em>patres</em></strong></span> <span class='ocrx_word' id='word_1_190' title='bbox 2063 1353 2123 1432; x_wconf 78' lang='lat' dir='ltr'><strong><em>pie</em></strong></span> 
     </span>
     <span class='ocr_line' id='line_1_14' title="bbox 105 1430 2122 1517; baseline 0.003 -20"><span class='ocrx_word' id='word_1_191' title='bbox 105 1430 338 1509; x_wconf 74' lang='lat' dir='ltr'><strong><em>evistimamnt,</em></strong></span> <span class='ocrx_word' id='word_1_192' title='bbox 361 1433 445 1495; x_wconf 89' lang='lat' dir='ltr'><strong><em>nesi</em></strong></span> <span class='ocrx_word' id='word_1_193' title='bbox 466 1452 570 1496; x_wconf 86' lang='lat' dir='ltr'><strong><em>omues</em></strong></span> <span class='ocrx_word' id='word_1_194' title='bbox 592 1431 642 1498; x_wconf 83' lang='lat' dir='ltr'><strong><em>bie</em></strong></span> <span class='ocrx_word' id='word_1_195' title='bbox 664 1434 760 1514; x_wconf 82' lang='lat' dir='ltr'><strong><em>impii</em></strong></span> <span class='ocrx_word' id='word_1_196' title='bbox 775 1436 1011 1516; x_wconf 80' lang='lat' dir='ltr'><strong><em>eastiparerrtur,</em></strong></span> <span class='ocrx_word' id='word_1_197' title='bbox 1034 1433 1157 1498; x_wconf 74' lang='lat' dir='ltr'><strong><em>rendum</em></strong></span> <span class='ocrx_word' id='word_1_198' title='bbox 1178 1433 1270 1500; x_wconf 83' lang='lat' dir='ltr'><strong><em>alind</em></strong></span> <span class='ocrx_word' id='word_1_199' title='bbox 1287 1433 1716 1500; x_wconf 83' lang='lat' dir='ltr'><strong><em>tribunatdiuinaeiustitiae</em></strong></span> <span class='ocrx_word' id='word_1_200' title='bbox 1730 1435 1887 1517; x_wconf 60' lang='lat' dir='ltr'><strong><em>retianum</em></strong></span> <span class='ocrx_word' id='word_1_201' title='bbox 1906 1437 2122 1503; x_wconf 81' lang='lat' dir='ltr'><strong><em>essebornines</em></strong></span> 
     </span>
     <span class='ocr_line' id='line_1_15' title="bbox 105 1516 2122 1605; baseline 0.002 -22"><span class='ocrx_word' id='word_1_202' title='bbox 105 1516 293 1583; x_wconf 80' lang='lat' dir='ltr'><strong><em>indicarent.</em></strong></span> <span class='ocrx_word' id='word_1_203' title='bbox 350 1517 509 1599; x_wconf 79' lang='lat' dir='ltr'><strong><em>Quosdam</em></strong></span> <span class='ocrx_word' id='word_1_204' title='bbox 530 1538 600 1601; x_wconf 76' lang='lat' dir='ltr'><strong><em>erpo</em></strong></span> <span class='ocrx_word' id='word_1_205' title='bbox 626 1518 676 1584; x_wconf 85' lang='lat' dir='ltr'><strong><em>trie</em></strong></span> <span class='ocrx_word' id='word_1_206' title='bbox 697 1521 732 1583; x_wconf 87' lang='lat' dir='ltr'><strong><em>in</em></strong></span> <span class='ocrx_word' id='word_1_207' title='bbox 754 1520 892 1586; x_wconf 86' lang='lat' dir='ltr'><strong><em>otiorum</em></strong></span> <span class='ocrx_word' id='word_1_208' title='bbox 919 1519 1095 1602; x_wconf 82' lang='lat' dir='ltr'><strong><em>enenptnrn</em></strong></span> <span class='ocrx_word' id='word_1_209' title='bbox 1116 1519 1220 1598; x_wconf 89' lang='lat' dir='ltr'><strong><em>Dens,</em></strong></span> <span class='ocrx_word' id='word_1_210' title='bbox 1247 1525 1282 1584; x_wconf 88' lang='lat' dir='ltr'><strong><em>nt</em></strong></span> <span class='ocrx_word' id='word_1_211' title='bbox 1303 1521 1408 1585; x_wconf 83' lang='lat' dir='ltr'><strong><em>iustus</em></strong></span> <span class='ocrx_word' id='word_1_212' title='bbox 1434 1526 1634 1603; x_wconf 82' lang='lat' dir='ltr'><strong><em>apnoseatnr,</em></strong></span> <span class='ocrx_word' id='word_1_213' title='bbox 1667 1525 1772 1601; x_wconf 83' lang='lat' dir='ltr'><strong><em>aperte</em></strong></span> <span class='ocrx_word' id='word_1_214' title='bbox 1793 1524 1941 1605; x_wconf 65' lang='lat' dir='ltr'><strong><em>mutiunt:</em></strong></span> <span class='ocrx_word' id='word_1_215' title='bbox 1970 1525 2122 1604; x_wconf 78' lang='lat' dir='ltr'><strong><em>quosdmn</em></strong></span> 
     </span>
     <span class='ocr_line' id='line_1_16' title="bbox 104 1600 2121 1688; baseline 0.003 -19"><span class='ocrx_word' id='word_1_216' title='bbox 104 1622 181 1669; x_wconf 85' lang='lat' dir='ltr'><strong><em>aero</em></strong></span> <span class='ocrx_word' id='word_1_217' title='bbox 200 1602 280 1667; x_wconf 84' lang='lat' dir='ltr'><strong><em>dum</em></strong></span> <span class='ocrx_word' id='word_1_218' title='bbox 300 1600 351 1668; x_wconf 86' lang='lat' dir='ltr'><strong><em>irie</em></strong></span> <span class='ocrx_word' id='word_1_219' title='bbox 379 1604 533 1688; x_wconf 72' lang='lat' dir='ltr'><strong><em>canipare</em></strong></span> <span class='ocrx_word' id='word_1_220' title='bbox 553 1604 750 1684; x_wconf 76' lang='lat' dir='ltr'><strong><em>dissimulat,</em></strong></span> <span class='ocrx_word' id='word_1_221' title='bbox 780 1606 823 1671; x_wconf 94' lang='lat' dir='ltr'><strong><em>ad</em></strong></span> <span class='ocrx_word' id='word_1_222' title='bbox 851 1605 992 1670; x_wconf 83' lang='lat' dir='ltr'><strong><em>tribunat</em></strong></span> <span class='ocrx_word' id='word_1_223' title='bbox 1019 1625 1113 1670; x_wconf 86' lang='lat' dir='ltr'><strong><em>sunm</em></strong></span> <span class='ocrx_word' id='word_1_224' title='bbox 1138 1607 1283 1688; x_wconf 82' lang='lat' dir='ltr'><strong><em>futurum</em></strong></span> <span class='ocrx_word' id='word_1_225' title='bbox 1311 1607 1452 1671; x_wconf 84' lang='lat' dir='ltr'><strong><em>severius</em></strong></span> <span class='ocrx_word' id='word_1_226' title='bbox 1478 1605 1665 1672; x_wconf 80' lang='lat' dir='ltr'><strong><em>iudicandos</em></strong></span> <span class='ocrx_word' id='word_1_227' title='bbox 1694 1612 1840 1673; x_wconf 84' lang='lat' dir='ltr'><strong><em>reservat.</em></strong></span> <span class='ocrx_word' id='word_1_228' title='bbox 1887 1606 2022 1673; x_wconf 82' lang='lat' dir='ltr'><strong><em>Nullum</em></strong></span> <span class='ocrx_word' id='word_1_229' title='bbox 2050 1629 2121 1676; x_wconf 86' lang='lat' dir='ltr'><strong><em>aero</em></strong></span> 
     </span>
     <span class='ocr_line' id='line_1_17' title="bbox 100 1688 2121 1776; baseline 0.003 -24"><span class='ocrx_word' id='word_1_230' title='bbox 100 1693 269 1771; x_wconf 72' lang='lat' dir='ltr'><strong><em>pometum</em></strong></span> <span class='ocrx_word' id='word_1_231' title='bbox 296 1688 488 1770; x_wconf 79' lang='lat' dir='ltr'><strong><em>impunitum</em></strong></span> <span class='ocrx_word' id='word_1_232' title='bbox 515 1690 643 1755; x_wconf 83' lang='lat' dir='ltr'><strong><em>dirnittit</em></strong></span> <span class='ocrx_word' id='word_1_233' title='bbox 668 1692 778 1756; x_wconf 84' lang='lat' dir='ltr'><strong><em>diuina</em></strong></span> <span class='ocrx_word' id='word_1_234' title='bbox 806 1691 939 1757; x_wconf 83' lang='lat' dir='ltr'><strong><em>iustitia.</em></strong></span> <span class='ocrx_word' id='word_1_235' title='bbox 984 1690 1037 1755; x_wconf 84' lang='lat' dir='ltr'><strong><em>Ea</em></strong></span> <span class='ocrx_word' id='word_1_236' title='bbox 1066 1696 1168 1756; x_wconf 74' lang='lat' dir='ltr'><strong><em>annm</em></strong></span> <span class='ocrx_word' id='word_1_237' title='bbox 1204 1693 1343 1757; x_wconf 77' lang='lat' dir='ltr'><strong><em>annium</em></strong></span> <span class='ocrx_word' id='word_1_238' title='bbox 1370 1696 1414 1757; x_wconf 85' lang='lat' dir='ltr'><strong><em>est</em></strong></span> <span class='ocrx_word' id='word_1_239' title='bbox 1438 1693 1634 1774; x_wconf 75' lang='lat' dir='ltr'><strong><em>pronesima</em></strong></span> <span class='ocrx_word' id='word_1_240' title='bbox 1666 1692 1841 1775; x_wconf 78' lang='lat' dir='ltr'><strong><em>eastipatio,</em></strong></span> <span class='ocrx_word' id='word_1_241' title='bbox 1874 1714 1971 1775; x_wconf 87' lang='lat' dir='ltr'><strong><em>quum</em></strong></span> <span class='ocrx_word' id='word_1_242' title='bbox 2005 1695 2032 1759; x_wconf 89' lang='lat' dir='ltr'><strong><em>ii</em></strong></span> <span class='ocrx_word' id='word_1_243' title='bbox 2064 1695 2121 1776; x_wconf 87' lang='lat' dir='ltr'><strong><em>qni</em></strong></span> 
     </span>
     <span class='ocr_line' id='line_1_18' title="bbox 105 1775 2122 1862; baseline 0.001 -19"><span class='ocrx_word' id='word_1_244' title='bbox 105 1775 213 1843; x_wconf 77' lang='lat' dir='ltr'><strong><em>Deum</em></strong></span> <span class='ocrx_word' id='word_1_245' title='bbox 232 1775 424 1859; x_wconf 67' lang='grc'>9666666666</span> <span class='ocrx_word' id='word_1_246' title='bbox 445 1776 612 1858; x_wconf 78' lang='lat' dir='ltr'><strong><em>offendant,</em></strong></span> <span class='ocrx_word' id='word_1_247' title='bbox 634 1778 762 1858; x_wconf 82' lang='lat' dir='ltr'><strong><em>impune</em></strong></span> <span class='ocrx_word' id='word_1_248' title='bbox 784 1778 818 1842; x_wconf 88' lang='lat' dir='ltr'><strong><em>id</em></strong></span> <span class='ocrx_word' id='word_1_249' title='bbox 839 1798 872 1842; x_wconf 89' lang='lat' dir='ltr'><strong><em>ss</em></strong></span> <span class='ocrx_word' id='word_1_250' title='bbox 890 1777 994 1859; x_wconf 78' lang='lat' dir='ltr'><strong><em>saone</em></strong></span> <span class='ocrx_word' id='word_1_251' title='bbox 1015 1777 1203 1843; x_wconf 74' lang='lat' dir='ltr'><strong><em>existimant.</em></strong></span> <span class='ocrx_word' id='word_1_252' title='bbox 1244 1777 1356 1847; x_wconf 79' lang='grc'>066666</span> <span class='ocrx_word' id='word_1_253' title='bbox 1377 1779 1461 1843; x_wconf 85' lang='lat' dir='ltr'><strong><em>enirn</em></strong></span> <span class='ocrx_word' id='word_1_254' title='bbox 1482 1777 1559 1843; x_wconf 84' lang='lat' dir='ltr'><strong><em>tates</em></strong></span> <span class='ocrx_word' id='word_1_255' title='bbox 1580 1779 1723 1844; x_wconf 70' lang='grc'>66666666</span> <span class='ocrx_word' id='word_1_256' title='bbox 1744 1780 1856 1844; x_wconf 81' lang='lat' dir='ltr'><strong><em>mertis</em></strong></span> <span class='ocrx_word' id='word_1_257' title='bbox 1877 1784 1951 1845; x_wconf 85' lang='lat' dir='ltr'><strong><em>sunt</em></strong></span> <span class='ocrx_word' id='word_1_258' title='bbox 1966 1781 2122 1862; x_wconf 69' lang='lat' dir='ltr'><strong><em>persensi</em></strong></span> 
     </span>
    </p>
   </div>
   <div class='ocr_carea' id='block_1_3' title="bbox 44 1947 2129 5305">
    <p class='ocr_par' dir='ltr' id='par_1_3' title="bbox 44 1947 2129 5305">
     <span class='ocr_line' id='line_1_19' title="bbox 44 1947 2123 2034; baseline 0.003 -23"><span class='ocrx_word' id='word_1_259' title='bbox 44 1996 50 2005; x_wconf 90' lang='lat'>.</span> <span class='ocrx_word' id='word_1_260' title='bbox 173 1948 232 2031; x_wconf 83' lang='grc'><strong><em>29)</em></strong></span> <span class='ocrx_word' id='word_1_261' title='bbox 256 1947 435 2014; x_wconf 76' lang='lat' dir='ltr'><strong><em>Mauritius</em></strong></span> <span class='ocrx_word' id='word_1_262' title='bbox 464 1950 529 2013; x_wconf 90' lang='lat' dir='ltr'><strong><em>iam</em></strong></span> <span class='ocrx_word' id='word_1_263' title='bbox 558 1970 674 2027; x_wconf 89' lang='lat' dir='ltr'><strong><em>senex,</em></strong></span> <span class='ocrx_word' id='word_1_264' title='bbox 711 1969 814 2031; x_wconf 91' lang='lat' dir='ltr'><strong><em>quum</em></strong></span> <span class='ocrx_word' id='word_1_265' title='bbox 844 1949 941 2014; x_wconf 87' lang='lat' dir='ltr'><strong><em>annis</em></strong></span> <span class='ocrx_word' id='word_1_266' title='bbox 971 1949 1090 2031; x_wconf 83' lang='lat' dir='ltr'><strong><em>viginti</em></strong></span> <span class='ocrx_word' id='word_1_267' title='bbox 1140 1949 1275 2034; x_wconf 81' lang='lat' dir='ltr'><strong><em>ingenii,</em></strong></span> <span class='ocrx_word' id='word_1_268' title='bbox 1299 1949 1340 2014; x_wconf 87' lang='lat' dir='ltr'><strong><em>ad</em></strong></span> <span class='ocrx_word' id='word_1_269' title='bbox 1361 1949 1442 2014; x_wconf 89' lang='lat' dir='ltr'><strong><em>haee</em></strong></span> <span class='ocrx_word' id='word_1_270' title='bbox 1459 1948 1651 2030; x_wconf 81' lang='lat' dir='ltr'><strong><em>inexplebili</em></strong></span> <span class='ocrx_word' id='word_1_271' title='bbox 1672 1948 1849 2013; x_wconf 87' lang='lat' dir='ltr'><strong><em>ambitione</em></strong></span> <span class='ocrx_word' id='word_1_272' title='bbox 1861 1949 2047 2029; x_wconf 79' lang='lat' dir='ltr'><strong><em>rudentem,</em></strong></span> <span class='ocrx_word' id='word_1_273' title='bbox 2069 1952 2123 2018; x_wconf 90' lang='lat' dir='ltr'><strong><em>in·</em></strong></span> 
     </span>
     <span class='ocr_line' id='line_1_20' title="bbox 106 2032 2124 2118; baseline 0.003 -20"><span class='ocrx_word' id='word_1_274' title='bbox 106 2034 288 2117; x_wconf 87' lang='lat' dir='ltr'><strong><em>imperium</em></strong></span> <span class='ocrx_word' id='word_1_275' title='bbox 320 2032 596 2113; x_wconf 75' lang='lat' dir='ltr'><strong><em>administrasset,</em></strong></span> <span class='ocrx_word' id='word_1_276' title='bbox 626 2034 780 2099; x_wconf 87' lang='lat' dir='ltr'><strong><em>aPhoen</em></strong></span> <span class='ocrx_word' id='word_1_277' title='bbox 807 2034 913 2099; x_wconf 88' lang='lat' dir='ltr'><strong><em>milite</em></strong></span> <span class='ocrx_word' id='word_1_278' title='bbox 941 2057 1000 2099; x_wconf 91' lang='lat' dir='ltr'><strong><em>suo</em></strong></span> <span class='ocrx_word' id='word_1_279' title='bbox 1032 2056 1091 2118; x_wconf 89' lang='lat' dir='ltr'><strong><em>per</em></strong></span> <span class='ocrx_word' id='word_1_280' title='bbox 1142 2043 1303 2100; x_wconf 91' lang='lat' dir='ltr'><strong><em>struetum</em></strong></span> <span class='ocrx_word' id='word_1_281' title='bbox 1325 2056 1402 2100; x_wconf 88' lang='lat' dir='ltr'><strong><em>vero</em></strong></span> <span class='ocrx_word' id='word_1_282' title='bbox 1425 2043 1458 2099; x_wconf 92' lang='lat' dir='ltr'><strong><em>et</em></strong></span> <span class='ocrx_word' id='word_1_283' title='bbox 1479 2033 1673 2118; x_wconf 83' lang='lat' dir='ltr'><strong><em>gladiatoria</em></strong></span> <span class='ocrx_word' id='word_1_284' title='bbox 1698 2032 1897 2100; x_wconf 81' lang='lat' dir='ltr'><strong><em>confidentia</em></strong></span> <span class='ocrx_word' id='word_1_285' title='bbox 1918 2044 1952 2100; x_wconf 90' lang='lat' dir='ltr'><strong><em>st</em></strong></span> <span class='ocrx_word' id='word_1_286' title='bbox 1974 2043 2124 2106; x_wconf 86' lang='lat' dir='ltr'><strong><em>extrema</em></strong></span> 
     </span>
     <span class='ocr_line' id='line_1_21' title="bbox 108 2116 2122 2204; baseline 0.002 -20"><span class='ocrx_word' id='word_1_287' title='bbox 108 2116 248 2186; x_wconf 79' lang='lat' dir='ltr'><strong><em>insidias</em></strong></span> <span class='ocrx_word' id='word_1_288' title='bbox 270 2128 303 2184; x_wconf 89' lang='grc'><strong><em>66</em></strong></span> <span class='ocrx_word' id='word_1_289' title='bbox 324 2140 487 2185; x_wconf 90' lang='lat' dir='ltr'><strong><em>summam</em></strong></span> <span class='ocrx_word' id='word_1_290' title='bbox 509 2120 681 2204; x_wconf 89' lang='lat' dir='ltr'><strong><em>perfidiam</em></strong></span> <span class='ocrx_word' id='word_1_291' title='bbox 704 2120 853 2186; x_wconf 87' lang='lat' dir='ltr'><strong><em>sublatus</em></strong></span> <span class='ocrx_word' id='word_1_292' title='bbox 876 2121 947 2185; x_wconf 85' lang='lat' dir='ltr'><strong><em>fuit.</em></strong></span> <span class='ocrx_word' id='word_1_293' title='bbox 992 2121 1091 2187; x_wconf 90' lang='lat' dir='ltr'><strong><em>Hane</em></strong></span> <span class='ocrx_word' id='word_1_294' title='bbox 1142 2121 1350 2197; x_wconf 87' lang='lat' dir='ltr'><strong><em>erudelitate,</em></strong></span> <span class='ocrx_word' id='word_1_295' title='bbox 1380 2142 1483 2203; x_wconf 90' lang='lat' dir='ltr'><strong><em>quurn</em></strong></span> <span class='ocrx_word' id='word_1_296' title='bbox 1505 2120 1713 2185; x_wconf 91' lang='lat' dir='ltr'><strong><em>Hsnriehum</em></strong></span> <span class='ocrx_word' id='word_1_297' title='bbox 1741 2118 1869 2184; x_wconf 88' lang='lat' dir='ltr'><strong><em>videret</em></strong></span> <span class='ocrx_word' id='word_1_298' title='bbox 1898 2120 2030 2187; x_wconf 73' lang='lat' dir='ltr'><strong><em>luxuria</em></strong></span> <span class='ocrx_word' id='word_1_299' title='bbox 2060 2124 2122 2189; x_wconf 87' lang='lat' dir='ltr'><strong><em>dii-</em></strong></span> 
     </span>
     <span class='ocr_line' id='line_1_22' title="bbox 106 2204 2124 2290; baseline 0.002 -19"><span class='ocrx_word' id='word_1_300' title='bbox 106 2206 210 2271; x_wconf 85' lang='lat' dir='ltr'><strong><em>fuisse</em></strong></span> <span class='ocrx_word' id='word_1_301' title='bbox 237 2214 445 2289; x_wconf 84' lang='lat' dir='ltr'><strong><em>eontemptse</em></strong></span> <span class='ocrx_word' id='word_1_302' title='bbox 472 2205 559 2273; x_wconf 90' lang='lat' dir='ltr'><strong><em>sedis</em></strong></span> <span class='ocrx_word' id='word_1_303' title='bbox 587 2227 741 2272; x_wconf 86' lang='lat' dir='ltr'><strong><em>romanas</em></strong></span> <span class='ocrx_word' id='word_1_304' title='bbox 769 2227 908 2289; x_wconf 87' lang='lat' dir='ltr'><strong><em>posnam</em></strong></span> <span class='ocrx_word' id='word_1_305' title='bbox 930 2207 1092 2290; x_wconf 90' lang='lat' dir='ltr'><strong><em>interpre-</em></strong></span> <span class='ocrx_word' id='word_1_306' title='bbox 1142 2209 1244 2272; x_wconf 86' lang='lat' dir='ltr'><strong><em>fluere</em></strong></span> <span class='ocrx_word' id='word_1_307' title='bbox 1272 2206 1463 2272; x_wconf 89' lang='lat' dir='ltr'><strong><em>libidinibus</em></strong></span> <span class='ocrx_word' id='word_1_308' title='bbox 1491 2204 1655 2285; x_wconf 87' lang='lat' dir='ltr'><strong><em>deditum,</em></strong></span> <span class='ocrx_word' id='word_1_309' title='bbox 1679 2214 1849 2289; x_wconf 86' lang='lat' dir='ltr'><strong><em>praeterea</em></strong></span> <span class='ocrx_word' id='word_1_310' title='bbox 1870 2207 2050 2273; x_wconf 85' lang='lat' dir='ltr'><strong><em>insolenter</em></strong></span> <span class='ocrx_word' id='word_1_311' title='bbox 2077 2211 2124 2276; x_wconf 86' lang='lat' dir='ltr'><strong><em>fe-</em></strong></span> 
     </span>
     <span class='ocr_line' id='line_1_23' title="bbox 110 2290 2121 2376; baseline 0 -18"><span class='ocrx_word' id='word_1_312' title='bbox 110 2300 204 2358; x_wconf 87' lang='lat' dir='ltr'><strong><em>tatur</em></strong></span> <span class='ocrx_word' id='word_1_313' title='bbox 225 2290 416 2370; x_wconf 80' lang='lat' dir='ltr'><strong><em>Frenssius,</em></strong></span> <span class='ocrx_word' id='word_1_314' title='bbox 439 2293 530 2375; x_wconf 88' lang='lat' dir='ltr'><strong><em>quasi</em></strong></span> <span class='ocrx_word' id='word_1_315' title='bbox 546 2291 612 2358; x_wconf 90' lang='lat' dir='ltr'><strong><em>Dei</em></strong></span> <span class='ocrx_word' id='word_1_316' title='bbox 634 2292 769 2358; x_wconf 89' lang='lat' dir='ltr'><strong><em>oonsilio</em></strong></span> <span class='ocrx_word' id='word_1_317' title='bbox 792 2301 870 2358; x_wconf 89' lang='lat' dir='ltr'><strong><em>tune</em></strong></span> <span class='ocrx_word' id='word_1_318' title='bbox 892 2292 1090 2358; x_wconf 84' lang='lat' dir='ltr'><strong><em>interfuerit.</em></strong></span> <span class='ocrx_word' id='word_1_319' title='bbox 1143 2293 1256 2371; x_wconf 79' lang='lat' dir='ltr'><strong><em>noeirs,</em></strong></span> <span class='ocrx_word' id='word_1_320' title='bbox 1276 2293 1388 2358; x_wconf 90' lang='lat' dir='ltr'><strong><em>statim</em></strong></span> <span class='ocrx_word' id='word_1_321' title='bbox 1404 2292 1497 2375; x_wconf 87' lang='lat' dir='ltr'><strong><em>quasi</em></strong></span> <span class='ocrx_word' id='word_1_322' title='bbox 1516 2291 1626 2357; x_wconf 84' lang='lat' dir='ltr'><strong><em>oblate</em></strong></span> <span class='ocrx_word' id='word_1_323' title='bbox 1640 2292 1818 2369; x_wconf 88' lang='lat' dir='ltr'><strong><em>oeensione,</em></strong></span> <span class='ocrx_word' id='word_1_324' title='bbox 1841 2292 1882 2356; x_wconf 89' lang='lat' dir='ltr'><strong><em>ad</em></strong></span> <span class='ocrx_word' id='word_1_325' title='bbox 1894 2292 2121 2376; x_wconf 88' lang='lat' dir='ltr'><strong><em>dissipandum</em></strong></span> 
     </span>
     <span class='ocr_line' id='line_1_24' title="bbox 111 2375 2124 2462; baseline 0.002 -19"><span class='ocrx_word' id='word_1_326' title='bbox 111 2377 251 2443; x_wconf 83' lang='lat' dir='ltr'><strong><em>Utinam</em></strong></span> <span class='ocrx_word' id='word_1_327' title='bbox 273 2376 407 2461; x_wconf 89' lang='lat' dir='ltr'><strong><em>quidem</em></strong></span> <span class='ocrx_word' id='word_1_328' title='bbox 435 2399 471 2444; x_wconf 90' lang='lat' dir='ltr'><strong><em>se</em></strong></span> <span class='ocrx_word' id='word_1_329' title='bbox 498 2398 566 2442; x_wconf 89' lang='lat' dir='ltr'><strong><em>non</em></strong></span> <span class='ocrx_word' id='word_1_330' title='bbox 593 2379 826 2444; x_wconf 80' lang='lat' dir='ltr'><strong><em>immiscuisset</em></strong></span> <span class='ocrx_word' id='word_1_331' title='bbox 848 2384 922 2457; x_wconf 79' lang='lat' dir='ltr'><strong><em>[pag.</em></strong></span> <span class='ocrx_word' id='word_1_332' title='bbox 943 2383 997 2458; x_wconf 82' lang='grc'><strong><em>66]</em></strong></span> <span class='ocrx_word' id='word_1_333' title='bbox 1021 2379 1091 2462; x_wconf 86' lang='lat' dir='ltr'><strong><em>pla·</em></strong></span> <span class='ocrx_word' id='word_1_334' title='bbox 1142 2378 1319 2462; x_wconf 89' lang='lat' dir='ltr'><strong><em>imperium</em></strong></span> <span class='ocrx_word' id='word_1_335' title='bbox 1348 2378 1496 2443; x_wconf 89' lang='lat' dir='ltr'><strong><em>animum</em></strong></span> <span class='ocrx_word' id='word_1_336' title='bbox 1525 2376 1729 2460; x_wconf 82' lang='lat' dir='ltr'><strong><em>applicuisse.</em></strong></span> <span class='ocrx_word' id='word_1_337' title='bbox 1775 2375 1904 2458; x_wconf 80' lang='lat' dir='ltr'><strong><em>Quibus</em></strong></span> <span class='ocrx_word' id='word_1_338' title='bbox 1932 2401 2029 2462; x_wconf 90' lang='lat' dir='ltr'><strong><em>porro</em></strong></span> <span class='ocrx_word' id='word_1_339' title='bbox 2053 2403 2124 2448; x_wconf 88' lang='lat' dir='ltr'><strong><em>nra·</em></strong></span> 
     </span>
     <span class='ocr_line' id='line_1_25' title="bbox 110 2461 2123 2551; baseline 0 -20"><span class='ocrx_word' id='word_1_340' title='bbox 110 2462 206 2531; x_wconf 86' lang='lat' dir='ltr'><strong><em>eidus</em></strong></span> <span class='ocrx_word' id='word_1_341' title='bbox 228 2461 350 2546; x_wconf 81' lang='lat' dir='ltr'><strong><em>alioqui</em></strong></span> <span class='ocrx_word' id='word_1_342' title='bbox 371 2472 405 2528; x_wconf 89' lang='lat' dir='ltr'><strong><em>st</em></strong></span> <span class='ocrx_word' id='word_1_343' title='bbox 421 2464 551 2547; x_wconf 89' lang='lat' dir='ltr'><strong><em>quietus</em></strong></span> <span class='ocrx_word' id='word_1_344' title='bbox 573 2466 725 2548; x_wconf 90' lang='lat' dir='ltr'><strong><em>prineeps</em></strong></span> <span class='ocrx_word' id='word_1_345' title='bbox 743 2465 856 2548; x_wconf 88' lang='lat' dir='ltr'><strong><em>pravis</em></strong></span> <span class='ocrx_word' id='word_1_346' title='bbox 867 2466 1092 2548; x_wconf 90' lang='lat' dir='ltr'><strong><em>episeoporum</em></strong></span> <span class='ocrx_word' id='word_1_347' title='bbox 1143 2465 1250 2531; x_wconf 91' lang='lat' dir='ltr'><strong><em>ehinis</em></strong></span> <span class='ocrx_word' id='word_1_348' title='bbox 1271 2463 1480 2551; x_wconf 83' lang='lat' dir='ltr'><strong><em>Heqriehum</em></strong></span> <span class='ocrx_word' id='word_1_349' title='bbox 1503 2483 1677 2547; x_wconf 79' lang='lat' dir='ltr'><strong><em>aggressus</em></strong></span> <span class='ocrx_word' id='word_1_350' title='bbox 1700 2470 1764 2541; x_wconf 91' lang='lat' dir='ltr'><strong><em>est,</em></strong></span> <span class='ocrx_word' id='word_1_351' title='bbox 1794 2463 1911 2545; x_wconf 88' lang='lat' dir='ltr'><strong><em>quibus</em></strong></span> <span class='ocrx_word' id='word_1_352' title='bbox 1935 2465 2053 2531; x_wconf 91' lang='lat' dir='ltr'><strong><em>deinde</em></strong></span> <span class='ocrx_word' id='word_1_353' title='bbox 2071 2489 2123 2532; x_wconf 88' lang='lat' dir='ltr'><strong><em>ar·</em></strong></span> 
     </span>
     <span class='ocr_line' id='line_1_26' title="bbox 111 2548 2124 2634; baseline 0.001 -19"><span class='ocrx_word' id='word_1_354' title='bbox 111 2548 326 2629; x_wconf 70' lang='lat' dir='ltr'><strong><em>aedoneus,</em></strong></span> <span class='ocrx_word' id='word_1_355' title='bbox 372 2560 431 2615; x_wconf 88' lang='grc'><strong><em>666</em></strong></span> <span class='ocrx_word' id='word_1_356' title='bbox 472 2550 653 2633; x_wconf 88' lang='lat' dir='ltr'><strong><em>reprimere</em></strong></span> <span class='ocrx_word' id='word_1_357' title='bbox 694 2551 829 2616; x_wconf 90' lang='lat' dir='ltr'><strong><em>Ioannis</em></strong></span> <span class='ocrx_word' id='word_1_358' title='bbox 868 2550 1090 2630; x_wconf 81' lang='lat' dir='ltr'><strong><em>ambitionem,</em></strong></span> <span class='ocrx_word' id='word_1_359' title='bbox 1144 2552 1207 2616; x_wconf 91' lang='lat' dir='ltr'><strong><em>mis</em></strong></span> <span class='ocrx_word' id='word_1_360' title='bbox 1237 2572 1339 2634; x_wconf 89' lang='lat' dir='ltr'><strong><em>usque</em></strong></span> <span class='ocrx_word' id='word_1_361' title='bbox 1363 2548 1528 2615; x_wconf 85' lang='lat' dir='ltr'><strong><em>adfinem</em></strong></span> <span class='ocrx_word' id='word_1_362' title='bbox 1556 2571 1636 2616; x_wconf 88' lang='lat' dir='ltr'><strong><em>usus</em></strong></span> <span class='ocrx_word' id='word_1_363' title='bbox 1663 2557 1712 2615; x_wconf 89' lang='lat' dir='ltr'><strong><em>est</em></strong></span> <span class='ocrx_word' id='word_1_364' title='bbox 1734 2548 1776 2614; x_wconf 89' lang='lat' dir='ltr'><strong><em>ad</em></strong></span> <span class='ocrx_word' id='word_1_365' title='bbox 1803 2551 1914 2633; x_wconf 90' lang='lat' dir='ltr'><strong><em>ipsum</em></strong></span> <span class='ocrx_word' id='word_1_366' title='bbox 1936 2552 2124 2634; x_wconf 91' lang='lat' dir='ltr'><strong><em>opprimen-</em></strong></span> 
     </span>
     <span class='ocr_line' id='line_1_27' title="bbox 111 2634 2124 2787; baseline 0.001 -86"><span class='ocrx_word' id='word_1_367' title='bbox 111 2654 211 2787; x_wconf 54' lang='lat' dir='ltr'><strong><em>lim</em></strong></span> <span class='ocrx_word' id='word_1_368' title='bbox 234 2636 346 2702; x_wconf 81' lang='lat' dir='ltr'><strong><em>lovers</em></strong></span> <span class='ocrx_word' id='word_1_369' title='bbox 372 2635 553 2702; x_wconf 88' lang='lat' dir='ltr'><strong><em>maluisset.</em></strong></span> <span class='ocrx_word' id='word_1_370' title='bbox 599 2636 727 2701; x_wconf 86' lang='lat' dir='ltr'><strong><em>Verum</em></strong></span> <span class='ocrx_word' id='word_1_371' title='bbox 752 2636 831 2721; x_wconf 91' lang='lat' dir='ltr'><strong><em>quid</em></strong></span> <span class='ocrx_word' id='word_1_372' title='bbox 860 2645 938 2703; x_wconf 91' lang='lat' dir='ltr'><strong><em>tune</em></strong></span> <span class='ocrx_word' id='word_1_373' title='bbox 959 2635 1094 2720; x_wconf 89' lang='lat' dir='ltr'><strong><em>petebat</em></strong></span> <span class='ocrx_word' id='word_1_374' title='bbox 1145 2634 1245 2701; x_wconf 86' lang='lat' dir='ltr'><strong><em>dum?</em></strong></span> <span class='ocrx_word' id='word_1_375' title='bbox 1291 2634 1405 2717; x_wconf 76' lang='lat' dir='ltr'><strong><em>Quum</em></strong></span> <span class='ocrx_word' id='word_1_376' title='bbox 1440 2645 1643 2701; x_wconf 87' lang='lat' dir='ltr'><strong><em>saeramento</em></strong></span> <span class='ocrx_word' id='word_1_377' title='bbox 1676 2634 1828 2701; x_wconf 79' lang='lat' dir='ltr'><strong><em>solvisset</em></strong></span> <span class='ocrx_word' id='word_1_378' title='bbox 1855 2635 2021 2720; x_wconf 82' lang='lat' dir='ltr'><strong><em>prinsipes</em></strong></span> <span class='ocrx_word' id='word_1_379' title='bbox 2050 2660 2124 2722; x_wconf 88' lang='lat' dir='ltr'><strong><em>ger-</em></strong></span> 
     </span>
     <span class='ocr_line' id='line_1_28' title="bbox 146 2720 2124 2807; baseline 0.003 -22"><span class='ocrx_word' id='word_1_380' title='bbox 146 2721 313 2805; x_wconf 62' lang='grc' dir='ltr'>6636τί66,</span> <span class='ocrx_word' id='word_1_381' title='bbox 344 2742 442 2805; x_wconf 92' lang='lat' dir='ltr'><strong><em>quam</em></strong></span> <span class='ocrx_word' id='word_1_382' title='bbox 471 2744 513 2788; x_wconf 90' lang='lat' dir='ltr'><strong><em>ne</em></strong></span> <span class='ocrx_word' id='word_1_383' title='bbox 540 2725 746 2807; x_wconf 85' lang='lat' dir='ltr'><strong><em>permitteret</em></strong></span> <span class='ocrx_word' id='word_1_384' title='bbox 767 2723 960 2802; x_wconf 82' lang='lat' dir='ltr'><strong><em>Mauritius,</em></strong></span> <span class='ocrx_word' id='word_1_385' title='bbox 988 2744 1094 2787; x_wconf 92' lang='lat' dir='ltr'><strong><em>unum</em></strong></span> <span class='ocrx_word' id='word_1_386' title='bbox 1145 2743 1274 2801; x_wconf 89' lang='lat' dir='ltr'><strong><em>manos,</em></strong></span> <span class='ocrx_word' id='word_1_387' title='bbox 1303 2722 1365 2786; x_wconf 88' lang='lat' dir='ltr'><strong><em>hoe</em></strong></span> <span class='ocrx_word' id='word_1_388' title='bbox 1393 2729 1459 2799; x_wconf 86' lang='grc'>666,</span> <span class='ocrx_word' id='word_1_389' title='bbox 1487 2720 1655 2804; x_wconf 89' lang='lat' dir='ltr'><strong><em>peierandi</em></strong></span> <span class='ocrx_word' id='word_1_390' title='bbox 1684 2721 1851 2786; x_wconf 88' lang='lat' dir='ltr'><strong><em>lieentiam</em></strong></span> <span class='ocrx_word' id='word_1_391' title='bbox 1877 2721 1944 2786; x_wconf 89' lang='lat' dir='ltr'><strong><em>illis</em></strong></span> <span class='ocrx_word' id='word_1_392' title='bbox 1972 2722 2124 2807; x_wconf 86' lang='lat' dir='ltr'><strong><em>dedisset,</em></strong></span> 
     </span>
     <span class='ocr_line' id='line_1_29' title="bbox 113 2806 2126 2894; baseline 0.002 -21"><span class='ocrx_word' id='word_1_393' title='bbox 113 2806 257 2890; x_wconf 79' lang='lat' dir='ltr'><strong><em>aliquem</em></strong></span> <span class='ocrx_word' id='word_1_394' title='bbox 279 2809 406 2874; x_wconf 88' lang='lat' dir='ltr'><strong><em>esuseri</em></strong></span> <span class='ocrx_word' id='word_1_395' title='bbox 431 2808 651 2874; x_wconf 88' lang='lat' dir='ltr'><strong><em>universalem</em></strong></span> <span class='ocrx_word' id='word_1_396' title='bbox 673 2809 879 2893; x_wconf 78' lang='lat' dir='ltr'><strong><em>episcopum,</em></strong></span> <span class='ocrx_word' id='word_1_397' title='bbox 909 2809 984 2892; x_wconf 88' lang='lat' dir='ltr'><strong><em>quia</em></strong></span> <span class='ocrx_word' id='word_1_398' title='bbox 1008 2816 1095 2875; x_wconf 87' lang='lat' dir='ltr'><strong><em>osset</em></strong></span> <span class='ocrx_word' id='word_1_399' title='bbox 1147 2808 1227 2874; x_wconf 91' lang='lat' dir='ltr'><strong><em>alios</em></strong></span> <span class='ocrx_word' id='word_1_400' title='bbox 1257 2807 1423 2891; x_wconf 80' lang='lat' dir='ltr'><strong><em>adegisset</em></strong></span> <span class='ocrx_word' id='word_1_401' title='bbox 1444 2806 1535 2872; x_wconf 85' lang='lat' dir='ltr'><strong><em>falsis</em></strong></span> <span class='ocrx_word' id='word_1_402' title='bbox 1558 2806 1752 2886; x_wconf 88' lang='lat' dir='ltr'><strong><em>terroribus,</em></strong></span> <span class='ocrx_word' id='word_1_403' title='bbox 1781 2807 1862 2871; x_wconf 89' lang='lat' dir='ltr'><strong><em>alios</em></strong></span> <span class='ocrx_word' id='word_1_404' title='bbox 1884 2809 1983 2874; x_wconf 90' lang='lat' dir='ltr'><strong><em>minis</em></strong></span> <span class='ocrx_word' id='word_1_405' title='bbox 2005 2831 2126 2894; x_wconf 90' lang='lat' dir='ltr'><strong><em>perpu-</em></strong></span> 
     </span>
     <span class='ocr_line' id='line_1_30' title="bbox 113 2891 2126 2977; baseline 0.003 -20"><span class='ocrx_word' id='word_1_406' title='bbox 113 2892 169 2960; x_wconf 90' lang='lat' dir='ltr'><strong><em>bie</em></strong></span> <span class='ocrx_word' id='word_1_407' title='bbox 191 2891 327 2971; x_wconf 86' lang='lat' dir='ltr'><strong><em>titulus,</em></strong></span> <span class='ocrx_word' id='word_1_408' title='bbox 355 2902 393 2958; x_wconf 92' lang='lat' dir='ltr'><strong><em>ut</em></strong></span> <span class='ocrx_word' id='word_1_409' title='bbox 411 2893 571 2977; x_wconf 92' lang='lat' dir='ltr'><strong><em>loquitur,</em></strong></span> <span class='ocrx_word' id='word_1_410' title='bbox 600 2896 759 2973; x_wconf 86' lang='lat' dir='ltr'><strong><em>nefarius,</em></strong></span> <span class='ocrx_word' id='word_1_411' title='bbox 784 2894 955 2971; x_wconf 90' lang='lat' dir='ltr'><strong><em>seslostus,</em></strong></span> <span class='ocrx_word' id='word_1_412' title='bbox 985 2896 1094 2977; x_wconf 85' lang='lat' dir='ltr'><strong><em>prola·</em></strong></span> <span class='ocrx_word' id='word_1_413' title='bbox 1146 2894 1248 2972; x_wconf 87' lang='lat' dir='ltr'><strong><em>lisset,</em></strong></span> <span class='ocrx_word' id='word_1_414' title='bbox 1272 2893 1354 2959; x_wconf 88' lang='lat' dir='ltr'><strong><em>alios</em></strong></span> <span class='ocrx_word' id='word_1_415' title='bbox 1372 2893 1571 2976; x_wconf 89' lang='lat' dir='ltr'><strong><em>eorrupissst</em></strong></span> <span class='ocrx_word' id='word_1_416' title='bbox 1581 2892 1759 2972; x_wconf 91' lang='lat' dir='ltr'><strong><em>blanditiis,</em></strong></span> <span class='ocrx_word' id='word_1_417' title='bbox 1778 2893 1948 2960; x_wconf 87' lang='lat' dir='ltr'><strong><em>Bavarum</em></strong></span> <span class='ocrx_word' id='word_1_418' title='bbox 1969 2898 2126 2963; x_wconf 80' lang='lat' dir='ltr'><strong><em>traxisset</em></strong></span> 
     </span>
     <span class='ocr_line' id='line_1_31' title="bbox 114 2977 2126 3063; baseline 0.002 -19"><span class='ocrx_word' id='word_1_419' title='bbox 114 3000 187 3059; x_wconf 86' lang='lat' dir='ltr'><strong><em>uus,</em></strong></span> <span class='ocrx_word' id='word_1_420' title='bbox 209 2978 447 3053; x_wconf 83' lang='lat' dir='ltr'><strong><em>abominabilis.</em></strong></span> <span class='ocrx_word' id='word_1_421' title='bbox 470 2990 504 3046; x_wconf 94' lang='lat' dir='ltr'><strong><em>st</em></strong></span> <span class='ocrx_word' id='word_1_422' title='bbox 524 2980 720 3048; x_wconf 80' lang='lat' dir='ltr'><strong><em>Antichristi</em></strong></span> <span class='ocrx_word' id='word_1_423' title='bbox 740 2979 981 3063; x_wconf 83' lang='lat' dir='ltr'><strong><em>praenuntius?</em></strong></span> <span class='ocrx_word' id='word_1_424' title='bbox 1027 2978 1095 3046; x_wconf 84' lang='lat' dir='ltr'><strong><em>Sed</em></strong></span> <span class='ocrx_word' id='word_1_425' title='bbox 1148 2980 1189 3045; x_wconf 90' lang='lat' dir='ltr'><strong><em>ad</em></strong></span> <span class='ocrx_word' id='word_1_426' title='bbox 1211 3001 1304 3062; x_wconf 88' lang='lat' dir='ltr'><strong><em>spem</em></strong></span> <span class='ocrx_word' id='word_1_427' title='bbox 1325 2978 1469 3062; x_wconf 90' lang='lat' dir='ltr'><strong><em>imperii,</em></strong></span> <span class='ocrx_word' id='word_1_428' title='bbox 1500 2977 1641 3044; x_wconf 87' lang='lat' dir='ltr'><strong><em>obtinuit</em></strong></span> <span class='ocrx_word' id='word_1_429' title='bbox 1662 2985 1701 3043; x_wconf 91' lang='lat' dir='ltr'><strong><em>ut</em></strong></span> <span class='ocrx_word' id='word_1_430' title='bbox 1722 2978 1829 3044; x_wconf 87' lang='lat' dir='ltr'><strong><em>subito</em></strong></span> <span class='ocrx_word' id='word_1_431' title='bbox 1852 2987 1921 3045; x_wconf 89' lang='grc'>6666</span> <span class='ocrx_word' id='word_1_432' title='bbox 1944 2980 2126 3049; x_wconf 81' lang='lat' dir='ltr'><strong><em>Germania</em></strong></span> 
     </span>
     <span class='ocr_line' id='line_1_32' title="bbox 114 3064 2125 3149; baseline 0.001 -18"><span class='ocrx_word' id='word_1_433' title='bbox 114 3074 152 3131; x_wconf 87' lang='lat' dir='ltr'><strong><em>ut</em></strong></span> <span class='ocrx_word' id='word_1_434' title='bbox 172 3064 237 3133; x_wconf 83' lang='lat' dir='ltr'><strong><em>hee</em></strong></span> <span class='ocrx_word' id='word_1_435' title='bbox 258 3086 388 3149; x_wconf 90' lang='lat' dir='ltr'><strong><em>quoque</em></strong></span> <span class='ocrx_word' id='word_1_436' title='bbox 409 3067 573 3144; x_wconf 85' lang='lat' dir='ltr'><strong><em>omittam,</em></strong></span> <span class='ocrx_word' id='word_1_437' title='bbox 602 3088 762 3149; x_wconf 89' lang='lat' dir='ltr'><strong><em>quaenam</em></strong></span> <span class='ocrx_word' id='word_1_438' title='bbox 784 3067 848 3130; x_wconf 88' lang='lat' dir='ltr'><strong><em>iste</em></strong></span> <span class='ocrx_word' id='word_1_439' title='bbox 872 3072 922 3131; x_wconf 86' lang='lat' dir='ltr'><strong><em>set</em></strong></span> <span class='ocrx_word' id='word_1_440' title='bbox 942 3066 1095 3132; x_wconf 74' lang='lat' dir='ltr'><strong><em>Frenesii</em></strong></span> <span class='ocrx_word' id='word_1_441' title='bbox 1146 3065 1231 3132; x_wconf 91' lang='lat' dir='ltr'><strong><em>bollo</em></strong></span> <span class='ocrx_word' id='word_1_442' title='bbox 1252 3066 1423 3142; x_wconf 90' lang='lat' dir='ltr'><strong><em>intestino,</em></strong></span> <span class='ocrx_word' id='word_1_443' title='bbox 1445 3071 1601 3148; x_wconf 87' lang='lat' dir='ltr'><strong><em>tanquam</em></strong></span> <span class='ocrx_word' id='word_1_444' title='bbox 1623 3085 1689 3129; x_wconf 90' lang='lat' dir='ltr'><strong><em>uuo</em></strong></span> <span class='ocrx_word' id='word_1_445' title='bbox 1710 3065 1876 3144; x_wconf 89' lang='lat' dir='ltr'><strong><em>iuoendio,</em></strong></span> <span class='ocrx_word' id='word_1_446' title='bbox 1898 3067 2125 3149; x_wconf 83' lang='lat' dir='ltr'><strong><em>conflagraret</em></strong></span> 
     </span>
     <span class='ocr_line' id='line_1_33' title="bbox 174 3150 2127 3236; baseline 0.002 -19"><span class='ocrx_word' id='word_1_447' title='bbox 174 3152 263 3217; x_wconf 81' lang='lat' dir='ltr'><strong><em>nites</em></strong></span> <span class='ocrx_word' id='word_1_448' title='bbox 283 3152 467 3236; x_wconf 82' lang='lat' dir='ltr'><strong><em>prinoipem</em></strong></span> <span class='ocrx_word' id='word_1_449' title='bbox 489 3152 647 3218; x_wconf 80' lang='lat' dir='ltr'><strong><em>scelerate</em></strong></span> <span class='ocrx_word' id='word_1_450' title='bbox 669 3153 811 3220; x_wconf 90' lang='lat' dir='ltr'><strong><em>oeeisum</em></strong></span> <span class='ocrx_word' id='word_1_451' title='bbox 828 3152 994 3231; x_wconf 88' lang='lat' dir='ltr'><strong><em>damnare,</em></strong></span> <span class='ocrx_word' id='word_1_452' title='bbox 1018 3153 1096 3235; x_wconf 89' lang='lat' dir='ltr'><strong><em>quia</em></strong></span> <span class='ocrx_word' id='word_1_453' title='bbox 1148 3151 1261 3233; x_wconf 80' lang='lat' dir='ltr'><strong><em>Quum</em></strong></span> <span class='ocrx_word' id='word_1_454' title='bbox 1288 3150 1481 3234; x_wconf 78' lang='lat' dir='ltr'><strong><em>suppliciter</em></strong></span> <span class='ocrx_word' id='word_1_455' title='bbox 1507 3151 1550 3215; x_wconf 87' lang='lat' dir='ltr'><strong><em>ad</em></strong></span> <span class='ocrx_word' id='word_1_456' title='bbox 1578 3171 1654 3216; x_wconf 89' lang='lat' dir='ltr'><strong><em>eum</em></strong></span> <span class='ocrx_word' id='word_1_457' title='bbox 1681 3152 1828 3218; x_wconf 84' lang='lat' dir='ltr'><strong><em>venisset</em></strong></span> <span class='ocrx_word' id='word_1_458' title='bbox 1849 3151 2057 3232; x_wconf 87' lang='lat' dir='ltr'><strong><em>Hsnriehus,</em></strong></span> <span class='ocrx_word' id='word_1_459' title='bbox 2088 3174 2127 3220; x_wconf 88' lang='grc'><strong><em>66</em></strong></span> 
     </span>
     <span class='ocr_line' id='line_1_34' title="bbox 115 3172 2126 3321; baseline -0 -16"><span class='ocrx_word' id='word_1_460' title='bbox 115 3172 185 3305; x_wconf 46' lang='lat' dir='ltr'><strong><em>ai</em></strong></span> <span class='ocrx_word' id='word_1_461' title='bbox 212 3258 369 3303; x_wconf 75' lang='grc'>66666666</span> <span class='ocrx_word' id='word_1_462' title='bbox 396 3260 432 3304; x_wconf 89' lang='grc'><strong><em>66</em></strong></span> <span class='ocrx_word' id='word_1_463' title='bbox 458 3238 689 3321; x_wconf 84' lang='lat' dir='ltr'><strong><em>obsequentem</em></strong></span> <span class='ocrx_word' id='word_1_464' title='bbox 726 3261 794 3304; x_wconf 91' lang='lat' dir='ltr'><strong><em>non</em></strong></span> <span class='ocrx_word' id='word_1_465' title='bbox 821 3238 1027 3321; x_wconf 89' lang='lat' dir='ltr'><strong><em>praebuerit,</em></strong></span> <span class='ocrx_word' id='word_1_466' title='bbox 1063 3243 1096 3302; x_wconf 92' lang='lat' dir='ltr'><strong><em>et</em></strong></span> <span class='ocrx_word' id='word_1_467' title='bbox 1146 3244 1330 3321; x_wconf 90' lang='lat' dir='ltr'><strong><em>prostratus</em></strong></span> <span class='ocrx_word' id='word_1_468' title='bbox 1356 3235 1398 3300; x_wconf 91' lang='lat' dir='ltr'><strong><em>ad</em></strong></span> <span class='ocrx_word' id='word_1_469' title='bbox 1425 3238 1497 3302; x_wconf 91' lang='lat' dir='ltr'><strong><em>eius</em></strong></span> <span class='ocrx_word' id='word_1_470' title='bbox 1524 3235 1624 3319; x_wconf 86' lang='lat' dir='ltr'><strong><em>pedes</em></strong></span> <span class='ocrx_word' id='word_1_471' title='bbox 1650 3236 1788 3314; x_wconf 84' lang='lat' dir='ltr'><strong><em>inseret,</em></strong></span> <span class='ocrx_word' id='word_1_472' title='bbox 1824 3240 1898 3315; x_wconf 83' lang='lat' dir='ltr'><strong><em>[pag.</em></strong></span> <span class='ocrx_word' id='word_1_473' title='bbox 1928 3241 1982 3316; x_wconf 87' lang='grc'><strong><em>67]</em></strong></span> <span class='ocrx_word' id='word_1_474' title='bbox 2011 3258 2126 3321; x_wconf 86' lang='lat' dir='ltr'><strong><em>super-</em></strong></span> 
     </span>
     <span class='ocr_line' id='line_1_35' title="bbox 117 3321 2127 3408; baseline 0.002 -21"><span class='ocrx_word' id='word_1_475' title='bbox 117 3322 272 3390; x_wconf 83' lang='lat' dir='ltr'><strong><em>laudibus</em></strong></span> <span class='ocrx_word' id='word_1_476' title='bbox 288 3322 410 3390; x_wconf 79' lang='lat' dir='ltr'><strong><em>vehere</em></strong></span> <span class='ocrx_word' id='word_1_477' title='bbox 430 3324 638 3408; x_wconf 81' lang='lat' dir='ltr'><strong><em>parricidam,</em></strong></span> <span class='ocrx_word' id='word_1_478' title='bbox 660 3325 768 3408; x_wconf 91' lang='lat' dir='ltr'><strong><em>quiin</em></strong></span> <span class='ocrx_word' id='word_1_479' title='bbox 786 3324 956 3390; x_wconf 90' lang='lat' dir='ltr'><strong><em>dominum</em></strong></span> <span class='ocrx_word' id='word_1_480' title='bbox 972 3323 1095 3407; x_wconf 89' lang='lat' dir='ltr'><strong><em>optime</em></strong></span> <span class='ocrx_word' id='word_1_481' title='bbox 1147 3324 1281 3390; x_wconf 89' lang='lat' dir='ltr'><strong><em>bissims</em></strong></span> <span class='ocrx_word' id='word_1_482' title='bbox 1302 3343 1380 3387; x_wconf 91' lang='lat' dir='ltr'><strong><em>eum</em></strong></span> <span class='ocrx_word' id='word_1_483' title='bbox 1402 3322 1605 3404; x_wconf 89' lang='lat' dir='ltr'><strong><em>eontempsit.</em></strong></span> <span class='ocrx_word' id='word_1_484' title='bbox 1639 3321 1709 3388; x_wconf 88' lang='lat' dir='ltr'><strong><em>Nee</em></strong></span> <span class='ocrx_word' id='word_1_485' title='bbox 1732 3330 1811 3387; x_wconf 89' lang='lat' dir='ltr'><strong><em>ants</em></strong></span> <span class='ocrx_word' id='word_1_486' title='bbox 1828 3323 1945 3387; x_wconf 85' lang='lat' dir='ltr'><strong><em>statuit</em></strong></span> <span class='ocrx_word' id='word_1_487' title='bbox 1967 3333 2127 3391; x_wconf 85' lang='lat' dir='ltr'><strong><em>suaetam</em></strong></span> 
     </span>
     <span class='ocr_line' id='line_1_36' title="bbox 118 3404 2127 3493; baseline 0.001 -18"><span class='ocrx_word' id='word_1_488' title='bbox 118 3408 157 3477; x_wconf 86' lang='lat' dir='ltr'><strong><em>de</em></strong></span> <span class='ocrx_word' id='word_1_489' title='bbox 177 3430 216 3475; x_wconf 86' lang='lat' dir='ltr'><strong><em>ss</em></strong></span> <span class='ocrx_word' id='word_1_490' title='bbox 236 3410 392 3474; x_wconf 87' lang='lat' dir='ltr'><strong><em>meritum</em></strong></span> <span class='ocrx_word' id='word_1_491' title='bbox 434 3409 558 3475; x_wconf 83' lang='lat' dir='ltr'><strong><em>ludium</em></strong></span> <span class='ocrx_word' id='word_1_492' title='bbox 574 3411 755 3489; x_wconf 85' lang='lat' dir='ltr'><strong><em>strinxerit,</em></strong></span> <span class='ocrx_word' id='word_1_493' title='bbox 778 3412 833 3493; x_wconf 92' lang='lat' dir='ltr'><strong><em>qui</em></strong></span> <span class='ocrx_word' id='word_1_494' title='bbox 855 3409 896 3475; x_wconf 90' lang='lat' dir='ltr'><strong><em>ad</em></strong></span> <span class='ocrx_word' id='word_1_495' title='bbox 918 3409 1095 3492; x_wconf 89' lang='lat' dir='ltr'><strong><em>imperium</em></strong></span> <span class='ocrx_word' id='word_1_496' title='bbox 1146 3409 1321 3493; x_wconf 87' lang='lat' dir='ltr'><strong><em>impotenti</em></strong></span> <span class='ocrx_word' id='word_1_497' title='bbox 1347 3416 1382 3472; x_wconf 92' lang='lat' dir='ltr'><strong><em>et</em></strong></span> <span class='ocrx_word' id='word_1_498' title='bbox 1406 3404 1633 3473; x_wconf 89' lang='lat' dir='ltr'><strong><em>intolerandae</em></strong></span> <span class='ocrx_word' id='word_1_499' title='bbox 1654 3406 1825 3491; x_wconf 87' lang='lat' dir='ltr'><strong><em>superbias</em></strong></span> <span class='ocrx_word' id='word_1_500' title='bbox 1847 3407 1997 3487; x_wconf 90' lang='lat' dir='ltr'><strong><em>modurn,</em></strong></span> <span class='ocrx_word' id='word_1_501' title='bbox 2027 3430 2127 3493; x_wconf 90' lang='lat' dir='ltr'><strong><em>quam</em></strong></span> 
     </span>
     <span class='ocr_line' id='line_1_37' title="bbox 119 3432 2128 3579; baseline 0 -18"><span class='ocrx_word' id='word_1_502' title='bbox 119 3516 179 3579; x_wconf 86' lang='lat' dir='ltr'><strong><em>per·</em></strong></span> <span class='ocrx_word' id='word_1_503' title='bbox 198 3494 301 3561; x_wconf 84' lang='lat' dir='ltr'><strong><em>talem</em></strong></span> <span class='ocrx_word' id='word_1_504' title='bbox 329 3432 519 3579; x_wconf 69' lang='lat' dir='ltr'><strong><em>perfidiam,</em></strong></span> <span class='ocrx_word' id='word_1_505' title='bbox 549 3517 587 3562; x_wconf 90' lang='grc'><strong><em>66</em></strong></span> <span class='ocrx_word' id='word_1_506' title='bbox 615 3503 746 3562; x_wconf 88' lang='lat' dir='ltr'><strong><em>tantum</em></strong></span> <span class='ocrx_word' id='word_1_507' title='bbox 774 3497 866 3561; x_wconf 87' lang='lat' dir='ltr'><strong><em>nefas</em></strong></span> <span class='ocrx_word' id='word_1_508' title='bbox 895 3496 1094 3578; x_wconf 84' lang='lat' dir='ltr'><strong><em>pervenerit,</em></strong></span> <span class='ocrx_word' id='word_1_509' title='bbox 1148 3496 1209 3562; x_wconf 87' lang='lat' dir='ltr'><strong><em>sibi</em></strong></span> <span class='ocrx_word' id='word_1_510' title='bbox 1226 3495 1457 3577; x_wconf 88' lang='lat' dir='ltr'><strong><em>imperatorem</em></strong></span> <span class='ocrx_word' id='word_1_511' title='bbox 1475 3493 1665 3577; x_wconf 80' lang='lat' dir='ltr'><strong><em>subiugavit</em></strong></span> <span class='ocrx_word' id='word_1_512' title='bbox 1681 3514 1748 3559; x_wconf 87' lang='lat' dir='ltr'><strong><em>nna</em></strong></span> <span class='ocrx_word' id='word_1_513' title='bbox 1765 3514 1840 3560; x_wconf 88' lang='lat' dir='ltr'><strong><em>euru</em></strong></span> <span class='ocrx_word' id='word_1_514' title='bbox 1856 3494 2005 3577; x_wconf 86' lang='lat' dir='ltr'><strong><em>imperio.</em></strong></span> <span class='ocrx_word' id='word_1_515' title='bbox 2040 3496 2128 3562; x_wconf 88' lang='lat' dir='ltr'><strong><em>Nam</em></strong></span> 
     </span>
     <span class='ocr_line' id='line_1_38' title="bbox 119 3578 2128 3667; baseline 0 -18"><span class='ocrx_word' id='word_1_516' title='bbox 119 3582 196 3667; x_wconf 78' lang='lat' dir='ltr'><strong><em>quia</em></strong></span> <span class='ocrx_word' id='word_1_517' title='bbox 217 3580 469 3648; x_wconf 85' lang='lat' dir='ltr'><strong><em>adornandum</em></strong></span> <span class='ocrx_word' id='word_1_518' title='bbox 489 3603 663 3648; x_wconf 89' lang='lat' dir='ltr'><strong><em>romanum</em></strong></span> <span class='ocrx_word' id='word_1_519' title='bbox 678 3582 812 3661; x_wconf 90' lang='lat' dir='ltr'><strong><em>idolum,</em></strong></span> <span class='ocrx_word' id='word_1_520' title='bbox 835 3590 869 3646; x_wconf 89' lang='grc'><strong><em>66</em></strong></span> <span class='ocrx_word' id='word_1_521' title='bbox 890 3580 1097 3647; x_wconf 79' lang='lat' dir='ltr'><strong><em>evehendum</em></strong></span> <span class='ocrx_word' id='word_1_522' title='bbox 1148 3602 1266 3665; x_wconf 90' lang='lat' dir='ltr'><strong><em>parum</em></strong></span> <span class='ocrx_word' id='word_1_523' title='bbox 1288 3579 1473 3659; x_wconf 87' lang='lat' dir='ltr'><strong><em>videbatur,</em></strong></span> <span class='ocrx_word' id='word_1_524' title='bbox 1502 3580 1529 3644; x_wconf 90' lang='lat' dir='ltr'><strong><em>si</em></strong></span> <span class='ocrx_word' id='word_1_525' title='bbox 1552 3578 1728 3646; x_wconf 81' lang='lat' dir='ltr'><strong><em>Gaesarem</em></strong></span> <span class='ocrx_word' id='word_1_526' title='bbox 1758 3590 1914 3664; x_wconf 85' lang='lat' dir='ltr'><strong><em>tanquam</em></strong></span> <span class='ocrx_word' id='word_1_527' title='bbox 1942 3579 2128 3650; x_wconf 87' lang='lat' dir='ltr'><strong><em>dedititium</em></strong></span> 
     </span>
     <span class='ocr_line' id='line_1_39' title="bbox 120 3664 2128 3752; baseline -0 -17"><span class='ocrx_word' id='word_1_528' title='bbox 120 3668 190 3735; x_wconf 86' lang='lat' dir='ltr'><strong><em>eius</em></strong></span> <span class='ocrx_word' id='word_1_529' title='bbox 211 3668 393 3752; x_wconf 86' lang='lat' dir='ltr'><strong><em>potentiam</em></strong></span> <span class='ocrx_word' id='word_1_530' title='bbox 414 3668 515 3734; x_wconf 89' lang='lat' dir='ltr'><strong><em>fuerit</em></strong></span> <span class='ocrx_word' id='word_1_531' title='bbox 535 3667 749 3752; x_wconf 81' lang='lat' dir='ltr'><strong><em>propensior?</em></strong></span> <span class='ocrx_word' id='word_1_532' title='bbox 795 3666 993 3750; x_wconf 81' lang='lat' dir='ltr'><strong><em>Quanquam</em></strong></span> <span class='ocrx_word' id='word_1_533' title='bbox 1015 3666 1096 3750; x_wconf 91' lang='lat' dir='ltr'><strong><em>quid</em></strong></span> <span class='ocrx_word' id='word_1_534' title='bbox 1148 3665 1294 3746; x_wconf 87' lang='lat' dir='ltr'><strong><em>haberet,</em></strong></span> <span class='ocrx_word' id='word_1_535' title='bbox 1315 3667 1382 3731; x_wconf 90' lang='lat' dir='ltr'><strong><em>nisi</em></strong></span> <span class='ocrx_word' id='word_1_536' title='bbox 1404 3665 1514 3732; x_wconf 89' lang='lat' dir='ltr'><strong><em>diruto</em></strong></span> <span class='ocrx_word' id='word_1_537' title='bbox 1538 3665 1677 3750; x_wconf 90' lang='lat' dir='ltr'><strong><em>imperio</em></strong></span> <span class='ocrx_word' id='word_1_538' title='bbox 1698 3665 1786 3732; x_wconf 90' lang='lat' dir='ltr'><strong><em>solus</em></strong></span> <span class='ocrx_word' id='word_1_539' title='bbox 1804 3664 2036 3733; x_wconf 87' lang='lat' dir='ltr'><strong><em>dominaretur.</em></strong></span> <span class='ocrx_word' id='word_1_540' title='bbox 2081 3669 2128 3734; x_wconf 82' lang='lat' dir='ltr'><strong><em>Et</em></strong></span> 
     </span>
     <span class='ocr_line' id='line_1_40' title="bbox 119 3751 2126 3838; baseline -0 -18"><span class='ocrx_word' id='word_1_541' title='bbox 119 3752 209 3820; x_wconf 78' lang='lat' dir='ltr'><strong><em>aliud</em></strong></span> <span class='ocrx_word' id='word_1_542' title='bbox 242 3754 410 3838; x_wconf 85' lang='lat' dir='ltr'><strong><em>speetabat</em></strong></span> <span class='ocrx_word' id='word_1_543' title='bbox 435 3753 565 3820; x_wconf 87' lang='lat' dir='ltr'><strong><em>Phoeas</em></strong></span> <span class='ocrx_word' id='word_1_544' title='bbox 598 3755 709 3820; x_wconf 91' lang='lat' dir='ltr'><strong><em>omnia</em></strong></span> <span class='ocrx_word' id='word_1_545' title='bbox 740 3773 896 3819; x_wconf 84' lang='lat' dir='ltr'><strong><em>romanae</em></strong></span> <span class='ocrx_word' id='word_1_546' title='bbox 928 3753 998 3819; x_wconf 90' lang='lat' dir='ltr'><strong><em>sedi</em></strong></span> <span class='ocrx_word' id='word_1_547' title='bbox 1029 3753 1096 3819; x_wconf 90' lang='lat' dir='ltr'><strong><em>lar·</em></strong></span> <span class='ocrx_word' id='word_1_548' title='bbox 1149 3751 1250 3820; x_wconf 86' lang='lat' dir='ltr'><strong><em>audet</em></strong></span> <span class='ocrx_word' id='word_1_549' title='bbox 1270 3751 1515 3819; x_wconf 76' lang='lat' dir='ltr'><strong><em>hieFrenesius</em></strong></span> <span class='ocrx_word' id='word_1_550' title='bbox 1536 3751 1774 3819; x_wconf 87' lang='lat' dir='ltr'><strong><em>eiushisterias</em></strong></span> <span class='ocrx_word' id='word_1_551' title='bbox 1796 3753 1902 3819; x_wconf 86' lang='lat' dir='ltr'><strong><em>faeere</em></strong></span> <span class='ocrx_word' id='word_1_552' title='bbox 1914 3754 2126 3833; x_wconf 91' lang='lat' dir='ltr'><strong><em>mentionem,</em></strong></span> 
     </span>
     <span class='ocr_line' id='line_1_41' title="bbox 120 3836 2127 3925; baseline -0 -19"><span class='ocrx_word' id='word_1_553' title='bbox 120 3839 254 3925; x_wconf 64' lang='grc'>366666,</span> <span class='ocrx_word' id='word_1_554' title='bbox 281 3839 347 3906; x_wconf 86' lang='lat' dir='ltr'><strong><em>nisi</em></strong></span> <span class='ocrx_word' id='word_1_555' title='bbox 367 3847 406 3905; x_wconf 91' lang='lat' dir='ltr'><strong><em>ut</em></strong></span> <span class='ocrx_word' id='word_1_556' title='bbox 426 3840 488 3906; x_wconf 90' lang='lat' dir='ltr'><strong><em>hae</em></strong></span> <span class='ocrx_word' id='word_1_557' title='bbox 509 3842 603 3923; x_wconf 90' lang='lat' dir='ltr'><strong><em>quasi</em></strong></span> <span class='ocrx_word' id='word_1_558' title='bbox 624 3841 749 3906; x_wconf 82' lang='lat' dir='ltr'><strong><em>nefaria</em></strong></span> <span class='ocrx_word' id='word_1_559' title='bbox 771 3840 920 3924; x_wconf 87' lang='lat' dir='ltr'><strong><em>pastione</em></strong></span> <span class='ocrx_word' id='word_1_560' title='bbox 941 3859 1096 3905; x_wconf 87' lang='lat' dir='ltr'><strong><em>romanae</em></strong></span> <span class='ocrx_word' id='word_1_561' title='bbox 1149 3860 1233 3923; x_wconf 91' lang='lat' dir='ltr'><strong><em>quas</em></strong></span> <span class='ocrx_word' id='word_1_562' title='bbox 1258 3838 1465 3904; x_wconf 76' lang='lat' dir='ltr'><strong><em>lutulentum</em></strong></span> <span class='ocrx_word' id='word_1_563' title='bbox 1486 3839 1710 3904; x_wconf 87' lang='lat' dir='ltr'><strong><em>testimonium</em></strong></span> <span class='ocrx_word' id='word_1_564' title='bbox 1731 3836 1851 3918; x_wconf 89' lang='lat' dir='ltr'><strong><em>reddit,</em></strong></span> <span class='ocrx_word' id='word_1_565' title='bbox 1883 3836 1936 3906; x_wconf 84' lang='lat' dir='ltr'><strong><em>vel</em></strong></span> <span class='ocrx_word' id='word_1_566' title='bbox 1957 3840 2065 3922; x_wconf 89' lang='lat' dir='ltr'><strong><em>potius</em></strong></span> <span class='ocrx_word' id='word_1_567' title='bbox 2086 3838 2127 3904; x_wconf 91' lang='lat' dir='ltr'><strong><em>il-</em></strong></span> 
     </span>
     <span class='ocr_line' id='line_1_42' title="bbox 119 3922 2128 4010; baseline -0 -17"><span class='ocrx_word' id='word_1_568' title='bbox 119 3926 209 3993; x_wconf 87' lang='lat' dir='ltr'><strong><em>urbis</em></strong></span> <span class='ocrx_word' id='word_1_569' title='bbox 228 3927 378 3993; x_wconf 81' lang='lat' dir='ltr'><strong><em>faverem</em></strong></span> <span class='ocrx_word' id='word_1_570' title='bbox 398 3937 531 4005; x_wconf 88' lang='lat' dir='ltr'><strong><em>smeret,</em></strong></span> <span class='ocrx_word' id='word_1_571' title='bbox 553 3925 642 4010; x_wconf 90' lang='lat' dir='ltr'><strong><em>quod</em></strong></span> <span class='ocrx_word' id='word_1_572' title='bbox 663 3947 699 3993; x_wconf 93' lang='lat' dir='ltr'><strong><em>ss</em></strong></span> <span class='ocrx_word' id='word_1_573' title='bbox 721 3925 858 3992; x_wconf 83' lang='lat' dir='ltr'><strong><em>Graeeis</em></strong></span> <span class='ocrx_word' id='word_1_574' title='bbox 881 3926 1004 3992; x_wconf 88' lang='lat' dir='ltr'><strong><em>seiebat</em></strong></span> <span class='ocrx_word' id='word_1_575' title='bbox 1025 3946 1097 3992; x_wconf 85' lang='lat' dir='ltr'><strong><em>esse</em></strong></span> <span class='ocrx_word' id='word_1_576' title='bbox 1147 3925 1251 3991; x_wconf 89' lang='lat' dir='ltr'><strong><em>lustrs</em></strong></span> <span class='ocrx_word' id='word_1_577' title='bbox 1273 3922 1508 3992; x_wconf 86' lang='lat' dir='ltr'><strong><em>desumentum</em></strong></span> <span class='ocrx_word' id='word_1_578' title='bbox 1530 3933 1596 4003; x_wconf 90' lang='lat' dir='ltr'><strong><em>est,</em></strong></span> <span class='ocrx_word' id='word_1_579' title='bbox 1624 3924 1716 3990; x_wconf 89' lang='lat' dir='ltr'><strong><em>nulla</em></strong></span> <span class='ocrx_word' id='word_1_580' title='bbox 1737 3945 1885 4009; x_wconf 89' lang='lat' dir='ltr'><strong><em>unquam</em></strong></span> <span class='ocrx_word' id='word_1_581' title='bbox 1905 3924 1961 3990; x_wconf 80' lang='lat' dir='ltr'><strong><em>vel</em></strong></span> <span class='ocrx_word' id='word_1_582' title='bbox 1984 3946 2026 3990; x_wconf 83' lang='lat' dir='ltr'><strong><em>ex</em></strong></span> <span class='ocrx_word' id='word_1_583' title='bbox 2046 3925 2128 4008; x_wconf 86' lang='lat' dir='ltr'><strong><em>ipsis</em></strong></span> 
     </span>
     <span class='ocr_line' id='line_1_43' title="bbox 118 4010 2129 4094; baseline -0.001 -15"><span class='ocrx_word' id='word_1_584' title='bbox 118 4032 178 4080; x_wconf 86' lang='grc'><strong><em>666</em></strong></span> <span class='ocrx_word' id='word_1_585' title='bbox 198 4012 319 4079; x_wconf 85' lang='lat' dir='ltr'><strong><em>merito</em></strong></span> <span class='ocrx_word' id='word_1_586' title='bbox 338 4011 517 4079; x_wconf 78' lang='lat' dir='ltr'><strong><em>infestum?</em></strong></span> <span class='ocrx_word' id='word_1_587' title='bbox 1147 4011 1262 4077; x_wconf 89' lang='lat' dir='ltr'><strong><em>inferis</em></strong></span> <span class='ocrx_word' id='word_1_588' title='bbox 1284 4018 1352 4076; x_wconf 86' lang='lat' dir='ltr'><strong><em>tam</em></strong></span> <span class='ocrx_word' id='word_1_589' title='bbox 1371 4018 1458 4076; x_wconf 88' lang='lat' dir='ltr'><strong><em>tetra</em></strong></span> <span class='ocrx_word' id='word_1_590' title='bbox 1474 4017 1622 4076; x_wconf 88' lang='lat' dir='ltr'><strong><em>monstra</em></strong></span> <span class='ocrx_word' id='word_1_591' title='bbox 1638 4011 1813 4091; x_wconf 79' lang='lat' dir='ltr'><strong><em>exstitisse,</em></strong></span> <span class='ocrx_word' id='word_1_592' title='bbox 1835 4031 1973 4094; x_wconf 90' lang='lat' dir='ltr'><strong><em>quorum</em></strong></span> <span class='ocrx_word' id='word_1_593' title='bbox 1989 4010 2129 4076; x_wconf 84' lang='lat' dir='ltr'><strong><em>foeditas</em></strong></span> 
     </span>
     <span class='ocr_line' id='line_1_44' title="bbox 204 4095 1844 4182; baseline -0.002 -17"><span class='ocrx_word' id='word_1_594' title='bbox 204 4102 262 4177; x_wconf 87' lang='grc'><strong><em>30)</em></strong></span> <span class='ocrx_word' id='word_1_595' title='bbox 290 4098 415 4165; x_wconf 78' lang='lat' dir='ltr'><strong><em>Mirum</em></strong></span> <span class='ocrx_word' id='word_1_596' title='bbox 442 4106 506 4177; x_wconf 88' lang='grc'>666,</span> <span class='ocrx_word' id='word_1_597' title='bbox 538 4099 575 4163; x_wconf 92' lang='lat' dir='ltr'><strong><em>in</em></strong></span> <span class='ocrx_word' id='word_1_598' title='bbox 601 4106 669 4163; x_wconf 87' lang='lat' dir='ltr'><strong><em>tam</em></strong></span> <span class='ocrx_word' id='word_1_599' title='bbox 702 4099 759 4182; x_wconf 93' lang='lat' dir='ltr'><strong><em>pin</em></strong></span> <span class='ocrx_word' id='word_1_600' title='bbox 808 4098 816 4111; x_wconf 84' lang='lat'>‘</span> <span class='ocrx_word' id='word_1_601' title='bbox 851 4096 1002 4164; x_wconf 88' lang='lat' dir='ltr'><strong><em>mereeds</em></strong></span> <span class='ocrx_word' id='word_1_602' title='bbox 1029 4119 1097 4163; x_wconf 90' lang='lat' dir='ltr'><strong><em>non</em></strong></span> <span class='ocrx_word' id='word_1_603' title='bbox 1148 4117 1304 4163; x_wconf 90' lang='lat' dir='ltr'><strong><em>romanae</em></strong></span> <span class='ocrx_word' id='word_1_604' title='bbox 1326 4095 1413 4163; x_wconf 91' lang='lat' dir='ltr'><strong><em>sedis</em></strong></span> <span class='ocrx_word' id='word_1_605' title='bbox 1434 4096 1569 4180; x_wconf 83' lang='lat' dir='ltr'><strong><em>flagitiis</em></strong></span> <span class='ocrx_word' id='word_1_606' title='bbox 1591 4117 1657 4161; x_wconf 90' lang='lat' dir='ltr'><strong><em>non</em></strong></span> <span class='ocrx_word' id='word_1_607' title='bbox 1678 4097 1844 4163; x_wconf 87' lang='lat' dir='ltr'><strong><em>obruatur.</em></strong></span> 
     </span>
     <span class='ocr_line' id='line_1_45' title="bbox 119 4120 2128 4266; baseline -0.002 -13"><span class='ocrx_word' id='word_1_608' title='bbox 119 4204 191 4253; x_wconf 81' lang='grc'>6666</span> <span class='ocrx_word' id='word_1_609' title='bbox 209 4184 371 4251; x_wconf 75' lang='lat' dir='ltr'><strong><em>Frenssio</em></strong></span> <span class='ocrx_word' id='word_1_610' title='bbox 392 4182 553 4252; x_wconf 88' lang='lat' dir='ltr'><strong><em>doetiorss</em></strong></span> <span class='ocrx_word' id='word_1_611' title='bbox 580 4184 713 4252; x_wconf 85' lang='lat' dir='ltr'><strong><em>seribas.</em></strong></span> <span class='ocrx_word' id='word_1_612' title='bbox 759 4120 895 4265; x_wconf 48' lang='lat' dir='ltr'><strong><em>&amp;dante</em></strong></span> <span class='ocrx_word' id='word_1_613' title='bbox 917 4184 1006 4248; x_wconf 90' lang='lat' dir='ltr'><strong><em>enim</em></strong></span> <span class='ocrx_word' id='word_1_614' title='bbox 1029 4183 1096 4249; x_wconf 88' lang='lat' dir='ltr'><strong><em>his-</em></strong></span> <span class='ocrx_word' id='word_1_615' title='bbox 1236 4184 1290 4266; x_wconf 90' lang='grc'><strong><em>32)</em></strong></span> <span class='ocrx_word' id='word_1_616' title='bbox 1314 4181 1384 4249; x_wconf 79' lang='lat' dir='ltr'><strong><em>(tur</em></strong></span> <span class='ocrx_word' id='word_1_617' title='bbox 1404 4203 1473 4247; x_wconf 90' lang='lat' dir='ltr'><strong><em>non</em></strong></span> <span class='ocrx_word' id='word_1_618' title='bbox 1500 4190 1534 4248; x_wconf 90' lang='lat' dir='ltr'><strong><em>et</em></strong></span> <span class='ocrx_word' id='word_1_619' title='bbox 1553 4182 1762 4249; x_wconf 82' lang='lat' dir='ltr'><strong><em>Fridsrieum</em></strong></span> <span class='ocrx_word' id='word_1_620' title='bbox 1783 4182 1935 4248; x_wconf 89' lang='lat' dir='ltr'><strong><em>Primum</em></strong></span> <span class='ocrx_word' id='word_1_621' title='bbox 1962 4183 2128 4248; x_wconf 89' lang='lat' dir='ltr'><strong><em>reeensuit</em></strong></span> 
     </span>
     <span class='ocr_line' id='line_1_46' title="bbox 119 4266 2128 4354; baseline -0.002 -17"><span class='ocrx_word' id='word_1_622' title='bbox 119 4273 277 4337; x_wconf 71' lang='lat' dir='ltr'><strong><em>turiurum</em></strong></span> <span class='ocrx_word' id='word_1_623' title='bbox 299 4270 431 4337; x_wconf 77' lang='lat' dir='ltr'><strong><em>institia</em></strong></span> <span class='ocrx_word' id='word_1_624' title='bbox 449 4280 508 4350; x_wconf 87' lang='lat' dir='ltr'><strong><em>est,</em></strong></span> <span class='ocrx_word' id='word_1_625' title='bbox 531 4272 675 4354; x_wconf 90' lang='lat' dir='ltr'><strong><em>primum</em></strong></span> <span class='ocrx_word' id='word_1_626' title='bbox 696 4270 733 4335; x_wconf 90' lang='lat' dir='ltr'><strong><em>iu</em></strong></span> <span class='ocrx_word' id='word_1_627' title='bbox 747 4269 935 4335; x_wconf 87' lang='lat' dir='ltr'><strong><em>nominibus</em></strong></span> <span class='ocrx_word' id='word_1_628' title='bbox 957 4270 1097 4351; x_wconf 85' lang='lat' dir='ltr'><strong><em>turpiter</em></strong></span> <span class='ocrx_word' id='word_1_629' title='bbox 1147 4270 1184 4333; x_wconf 93' lang='lat' dir='ltr'><strong><em>in</em></strong></span> <span class='ocrx_word' id='word_1_630' title='bbox 1205 4268 1267 4335; x_wconf 90' lang='lat' dir='ltr'><strong><em>hoe</em></strong></span> <span class='ocrx_word' id='word_1_631' title='bbox 1288 4267 1448 4334; x_wconf 84' lang='lat' dir='ltr'><strong><em>numero?</em></strong></span> <span class='ocrx_word' id='word_1_632' title='bbox 1492 4267 1580 4349; x_wconf 91' lang='lat' dir='ltr'><strong><em>Imo,</em></strong></span> <span class='ocrx_word' id='word_1_633' title='bbox 1607 4290 1667 4336; x_wconf 90' lang='lat' dir='ltr'><strong><em>our</em></strong></span> <span class='ocrx_word' id='word_1_634' title='bbox 1688 4289 1757 4334; x_wconf 91' lang='lat' dir='ltr'><strong><em>non</em></strong></span> <span class='ocrx_word' id='word_1_635' title='bbox 1777 4268 1914 4352; x_wconf 83' lang='lat' dir='ltr'><strong><em>longum</em></strong></span> <span class='ocrx_word' id='word_1_636' title='bbox 1940 4266 2128 4352; x_wconf 74' lang='lat' dir='ltr'><strong><em>satdogum</em></strong></span> 
     </span>
     <span class='ocr_line' id='line_1_47' title="bbox 120 4351 2127 4438; baseline -0.001 -15"><span class='ocrx_word' id='word_1_637' title='bbox 120 4356 201 4435; x_wconf 87' lang='lat' dir='ltr'><strong><em>labi,</em></strong></span> <span class='ocrx_word' id='word_1_638' title='bbox 231 4366 266 4422; x_wconf 89' lang='lat' dir='ltr'><strong><em>et</em></strong></span> <span class='ocrx_word' id='word_1_639' title='bbox 291 4376 333 4422; x_wconf 87' lang='lat' dir='ltr'><strong><em>ex</em></strong></span> <span class='ocrx_word' id='word_1_640' title='bbox 359 4356 546 4423; x_wconf 85' lang='lat' dir='ltr'><strong><em>Iustiniana</em></strong></span> <span class='ocrx_word' id='word_1_641' title='bbox 572 4357 679 4422; x_wconf 81' lang='lat' dir='ltr'><strong><em>lasere</em></strong></span> <span class='ocrx_word' id='word_1_642' title='bbox 707 4354 940 4422; x_wconf 76' lang='lat' dir='ltr'><strong><em>Constantem:</em></strong></span> <span class='ocrx_word' id='word_1_643' title='bbox 969 4354 1095 4435; x_wconf 91' lang='lat' dir='ltr'><strong><em>deinde,</em></strong></span> <span class='ocrx_word' id='word_1_644' title='bbox 1148 4356 1386 4438; x_wconf 87' lang='lat' dir='ltr'><strong><em>imperatorum</em></strong></span> <span class='ocrx_word' id='word_1_645' title='bbox 1413 4353 1607 4421; x_wconf 80' lang='lat' dir='ltr'><strong><em>contexuit?</em></strong></span> <span class='ocrx_word' id='word_1_646' title='bbox 1651 4354 1823 4438; x_wconf 88' lang='lat' dir='ltr'><strong><em>Namque</em></strong></span> <span class='ocrx_word' id='word_1_647' title='bbox 1845 4353 1982 4436; x_wconf 88' lang='lat' dir='ltr'><strong><em>quisque</em></strong></span> <span class='ocrx_word' id='word_1_648' title='bbox 2005 4351 2127 4421; x_wconf 81' lang='lat' dir='ltr'><strong><em>Gessa-</em></strong></span> 
     </span>
     <span class='ocr_line' id='line_1_48' title="bbox 119 4437 2126 4527; baseline -0.001 -18"><span class='ocrx_word' id='word_1_649' title='bbox 119 4464 219 4527; x_wconf 88' lang='lat' dir='ltr'><strong><em>qaum</em></strong></span> <span class='ocrx_word' id='word_1_650' title='bbox 249 4463 365 4509; x_wconf 87' lang='lat' dir='ltr'><strong><em>omnes</em></strong></span> <span class='ocrx_word' id='word_1_651' title='bbox 399 4443 467 4509; x_wconf 85' lang='lat' dir='ltr'><strong><em>iere</em></strong></span> <span class='ocrx_word' id='word_1_652' title='bbox 494 4443 603 4527; x_wconf 80' lang='lat' dir='ltr'><strong><em>graeei</em></strong></span> <span class='ocrx_word' id='word_1_653' title='bbox 636 4443 850 4526; x_wconf 90' lang='lat' dir='ltr'><strong><em>imperatores</em></strong></span> <span class='ocrx_word' id='word_1_654' title='bbox 879 4441 916 4506; x_wconf 92' lang='lat' dir='ltr'><strong><em>in</em></strong></span> <span class='ocrx_word' id='word_1_655' title='bbox 943 4444 1017 4520; x_wconf 78' lang='lat' dir='ltr'><strong><em>[pag.</em></strong></span> <span class='ocrx_word' id='word_1_656' title='bbox 1041 4446 1094 4519; x_wconf 94' lang='grc'><strong><em>66]</em></strong></span> <span class='ocrx_word' id='word_1_657' title='bbox 1149 4462 1223 4506; x_wconf 89' lang='lat' dir='ltr'><strong><em>rum</em></strong></span> <span class='ocrx_word' id='word_1_658' title='bbox 1255 4439 1416 4523; x_wconf 89' lang='lat' dir='ltr'><strong><em>plaeidius</em></strong></span> <span class='ocrx_word' id='word_1_659' title='bbox 1447 4460 1483 4506; x_wconf 89' lang='lat' dir='ltr'><strong><em>se</em></strong></span> <span class='ocrx_word' id='word_1_660' title='bbox 1516 4441 1633 4525; x_wconf 83' lang='lat' dir='ltr'><strong><em>gessit,</em></strong></span> <span class='ocrx_word' id='word_1_661' title='bbox 1671 4443 1718 4504; x_wconf 86' lang='lat' dir='ltr'><strong><em>ita</em></strong></span> <span class='ocrx_word' id='word_1_662' title='bbox 1751 4459 1788 4505; x_wconf 91' lang='grc'><strong><em>66</em></strong></span> <span class='ocrx_word' id='word_1_663' title='bbox 1821 4437 2023 4524; x_wconf 88' lang='lat' dir='ltr'><strong><em>petulantius</em></strong></span> <span class='ocrx_word' id='word_1_664' title='bbox 2056 4439 2126 4508; x_wconf 85' lang='lat' dir='ltr'><strong><em>eius</em></strong></span> 
     </span>
     <span class='ocr_line' id='line_1_49' title="bbox 118 4522 2128 4613; baseline -0.001 -18"><span class='ocrx_word' id='word_1_665' title='bbox 118 4528 235 4596; x_wconf 83' lang='lat' dir='ltr'><strong><em>eadem</em></strong></span> <span class='ocrx_word' id='word_1_666' title='bbox 253 4529 377 4595; x_wconf 86' lang='lat' dir='ltr'><strong><em>inerint</em></strong></span> <span class='ocrx_word' id='word_1_667' title='bbox 398 4549 510 4609; x_wconf 89' lang='grc'>66666,</span> <span class='ocrx_word' id='word_1_668' title='bbox 532 4527 691 4613; x_wconf 81' lang='lat' dir='ltr'><strong><em>pauculos</em></strong></span> <span class='ocrx_word' id='word_1_669' title='bbox 712 4527 766 4594; x_wconf 92' lang='lat' dir='ltr'><strong><em>hie</em></strong></span> <span class='ocrx_word' id='word_1_670' title='bbox 787 4525 979 4593; x_wconf 82' lang='lat' dir='ltr'><strong><em>nominare?</em></strong></span> <span class='ocrx_word' id='word_1_671' title='bbox 1023 4526 1097 4592; x_wconf 92' lang='lat' dir='ltr'><strong><em>Nisi</em></strong></span> <span class='ocrx_word' id='word_1_672' title='bbox 1149 4525 1401 4593; x_wconf 88' lang='lat' dir='ltr'><strong><em>mansuetudine</em></strong></span> <span class='ocrx_word' id='word_1_673' title='bbox 1423 4526 1516 4592; x_wconf 88' lang='lat' dir='ltr'><strong><em>abusi</em></strong></span> <span class='ocrx_word' id='word_1_674' title='bbox 1538 4534 1618 4591; x_wconf 89' lang='lat' dir='ltr'><strong><em>sunt</em></strong></span> <span class='ocrx_word' id='word_1_675' title='bbox 1632 4526 1760 4591; x_wconf 86' lang='lat' dir='ltr'><strong><em>romani</em></strong></span> <span class='ocrx_word' id='word_1_676' title='bbox 1781 4522 1978 4604; x_wconf 70' lang='grc' dir='ltr'>6666616τί666,</span> <span class='ocrx_word' id='word_1_677' title='bbox 2001 4524 2128 4610; x_wconf 88' lang='lat' dir='ltr'><strong><em>puden·</em></strong></span> 
     </span>
     <span class='ocr_line' id='line_1_50' title="bbox 119 4609 2128 4698; baseline -0.002 -16"><span class='ocrx_word' id='word_1_678' title='bbox 119 4614 182 4682; x_wconf 88' lang='lat' dir='ltr'><strong><em>boe</em></strong></span> <span class='ocrx_word' id='word_1_679' title='bbox 201 4616 315 4683; x_wconf 79' lang='grc'>666666</span> <span class='ocrx_word' id='word_1_680' title='bbox 334 4622 407 4682; x_wconf 89' lang='lat' dir='ltr'><strong><em>arte</em></strong></span> <span class='ocrx_word' id='word_1_681' title='bbox 420 4615 528 4694; x_wconf 71' lang='grc'>266666,</span> <span class='ocrx_word' id='word_1_682' title='bbox 550 4616 626 4698; x_wconf 89' lang='lat' dir='ltr'><strong><em>quia</em></strong></span> <span class='ocrx_word' id='word_1_683' title='bbox 645 4634 796 4698; x_wconf 90' lang='lat' dir='ltr'><strong><em>posnam,</em></strong></span> <span class='ocrx_word' id='word_1_684' title='bbox 817 4634 902 4697; x_wconf 90' lang='lat' dir='ltr'><strong><em>qnae</em></strong></span> <span class='ocrx_word' id='word_1_685' title='bbox 918 4632 980 4697; x_wconf 89' lang='lat' dir='ltr'><strong><em>pro</em></strong></span> <span class='ocrx_word' id='word_1_686' title='bbox 1000 4613 1097 4679; x_wconf 87' lang='lat' dir='ltr'><strong><em>terri·</em></strong></span> <span class='ocrx_word' id='word_1_687' title='bbox 1149 4611 1199 4678; x_wconf 92' lang='lat' dir='ltr'><strong><em>dis</em></strong></span> <span class='ocrx_word' id='word_1_688' title='bbox 1222 4611 1380 4680; x_wconf 85' lang='lat' dir='ltr'><strong><em>adversus</em></strong></span> <span class='ocrx_word' id='word_1_689' title='bbox 1408 4633 1464 4679; x_wconf 88' lang='lat' dir='ltr'><strong><em>eos</em></strong></span> <span class='ocrx_word' id='word_1_690' title='bbox 1491 4611 1642 4677; x_wconf 88' lang='lat' dir='ltr'><strong><em>ludibriis</em></strong></span> <span class='ocrx_word' id='word_1_691' title='bbox 1663 4632 1731 4677; x_wconf 90' lang='lat' dir='ltr'><strong><em>uon</em></strong></span> <span class='ocrx_word' id='word_1_692' title='bbox 1753 4609 1963 4677; x_wconf 86' lang='lat' dir='ltr'><strong><em>abstinentes.</em></strong></span> <span class='ocrx_word' id='word_1_693' title='bbox 2009 4609 2049 4678; x_wconf 76' lang='lat' dir='ltr'><strong><em>si</em></strong></span> <span class='ocrx_word' id='word_1_694' title='bbox 2071 4612 2128 4696; x_wconf 90' lang='lat' dir='ltr'><strong><em>qui</em></strong></span> 
     </span>
     <span class='ocr_line' id='line_1_51' title="bbox 118 4697 2126 4782; baseline -0.002 -14"><span class='ocrx_word' id='word_1_695' title='bbox 118 4701 308 4768; x_wconf 73' lang='grc'>6616666666</span> <span class='ocrx_word' id='word_1_696' title='bbox 324 4708 423 4780; x_wconf 84' lang='grc'>66666</span> <span class='ocrx_word' id='word_1_697' title='bbox 444 4702 597 4768; x_wconf 84' lang='lat' dir='ltr'><strong><em>invenire</em></strong></span> <span class='ocrx_word' id='word_1_698' title='bbox 617 4701 655 4765; x_wconf 93' lang='lat' dir='ltr'><strong><em>in</em></strong></span> <span class='ocrx_word' id='word_1_699' title='bbox 676 4700 750 4766; x_wconf 87' lang='lat' dir='ltr'><strong><em>aliis</em></strong></span> <span class='ocrx_word' id='word_1_700' title='bbox 770 4721 838 4765; x_wconf 91' lang='lat' dir='ltr'><strong><em>non</em></strong></span> <span class='ocrx_word' id='word_1_701' title='bbox 859 4706 994 4782; x_wconf 87' lang='lat' dir='ltr'><strong><em>poterat.</em></strong></span> <span class='ocrx_word' id='word_1_702' title='bbox 1149 4708 1259 4765; x_wconf 86' lang='lat' dir='ltr'><strong><em>autem</em></strong></span> <span class='ocrx_word' id='word_1_703' title='bbox 1281 4698 1380 4781; x_wconf 88' lang='lat' dir='ltr'><strong><em>paulo</em></strong></span> <span class='ocrx_word' id='word_1_704' title='bbox 1396 4698 1607 4765; x_wconf 88' lang='lat' dir='ltr'><strong><em>animosiores</em></strong></span> <span class='ocrx_word' id='word_1_705' title='bbox 1623 4718 1739 4763; x_wconf 90' lang='lat' dir='ltr'><strong><em>eorum</em></strong></span> <span class='ocrx_word' id='word_1_706' title='bbox 1759 4697 1901 4765; x_wconf 81' lang='lat' dir='ltr'><strong><em>feroniae</em></strong></span> <span class='ocrx_word' id='word_1_707' title='bbox 1922 4697 2126 4776; x_wconf 70' lang='lat' dir='ltr'><strong><em>restituunt,</em></strong></span> 
     </span>
     <span class='ocr_line' id='line_1_52' title="bbox 205 4782 2127 4869; baseline -0.001 -16"><span class='ocrx_word' id='word_1_708' title='bbox 205 4785 263 4869; x_wconf 85' lang='grc'><strong><em>31)</em></strong></span> <span class='ocrx_word' id='word_1_709' title='bbox 282 4786 445 4854; x_wconf 84' lang='lat' dir='ltr'><strong><em>Heariolri</em></strong></span> <span class='ocrx_word' id='word_1_710' title='bbox 470 4787 566 4866; x_wconf 85' lang='lat' dir='ltr'><strong><em>vitia,</em></strong></span> <span class='ocrx_word' id='word_1_711' title='bbox 589 4784 707 4869; x_wconf 90' lang='lat' dir='ltr'><strong><em>quibus</em></strong></span> <span class='ocrx_word' id='word_1_712' title='bbox 728 4784 898 4866; x_wconf 81' lang='lat' dir='ltr'><strong><em>laboravit,</em></strong></span> <span class='ocrx_word' id='word_1_713' title='bbox 921 4785 976 4852; x_wconf 89' lang='lat' dir='ltr'><strong><em>hie</em></strong></span> <span class='ocrx_word' id='word_1_714' title='bbox 997 4806 1097 4852; x_wconf 87' lang='lat' dir='ltr'><strong><em>exou·</em></strong></span> <span class='ocrx_word' id='word_1_715' title='bbox 1148 4792 1339 4864; x_wconf 87' lang='lat' dir='ltr'><strong><em>senserunt,</em></strong></span> <span class='ocrx_word' id='word_1_716' title='bbox 1378 4782 1458 4869; x_wconf 91' lang='lat' dir='ltr'><strong><em>quid</em></strong></span> <span class='ocrx_word' id='word_1_717' title='bbox 1489 4791 1576 4851; x_wconf 89' lang='lat' dir='ltr'><strong><em>esset</em></strong></span> <span class='ocrx_word' id='word_1_718' title='bbox 1606 4784 1745 4850; x_wconf 74' lang='grc' dir='ltr'>66τί6666</span> <span class='ocrx_word' id='word_1_719' title='bbox 1775 4782 1889 4850; x_wconf 86' lang='lat' dir='ltr'><strong><em>beluas</em></strong></span> <span class='ocrx_word' id='word_1_720' title='bbox 1920 4803 2127 4868; x_wconf 84' lang='lat' dir='ltr'><strong><em>provoeasss.</em></strong></span> 
     </span>
     <span class='ocr_line' id='line_1_53' title="bbox 116 4868 2128 4955; baseline -0.002 -16"><span class='ocrx_word' id='word_1_721' title='bbox 116 4894 193 4939; x_wconf 86' lang='lat' dir='ltr'><strong><em>sare</em></strong></span> <span class='ocrx_word' id='word_1_722' title='bbox 219 4872 306 4939; x_wconf 89' lang='lat' dir='ltr'><strong><em>nihil</em></strong></span> <span class='ocrx_word' id='word_1_723' title='bbox 331 4873 459 4939; x_wconf 81' lang='lat' dir='ltr'><strong><em>attinet</em></strong></span> <span class='ocrx_word' id='word_1_724' title='bbox 502 4871 598 4954; x_wconf 82' lang='lat' dir='ltr'><strong><em>Quae</em></strong></span> <span class='ocrx_word' id='word_1_725' title='bbox 623 4881 734 4939; x_wconf 88' lang='lat' dir='ltr'><strong><em>autem</em></strong></span> <span class='ocrx_word' id='word_1_726' title='bbox 763 4871 886 4938; x_wconf 85' lang='lat' dir='ltr'><strong><em>fuerint</em></strong></span> <span class='ocrx_word' id='word_1_727' title='bbox 914 4870 1097 4939; x_wconf 90' lang='lat' dir='ltr'><strong><em>eontentio·</em></strong></span> <span class='ocrx_word' id='word_1_728' title='bbox 1149 4869 1261 4952; x_wconf 74' lang='lat' dir='ltr'><strong><em>Quum</em></strong></span> <span class='ocrx_word' id='word_1_729' title='bbox 1283 4870 1469 4955; x_wconf 85' lang='lat' dir='ltr'><strong><em>plusquam</em></strong></span> <span class='ocrx_word' id='word_1_730' title='bbox 1490 4870 1628 4935; x_wconf 86' lang='lat' dir='ltr'><strong><em>effraeni</em></strong></span> <span class='ocrx_word' id='word_1_731' title='bbox 1649 4868 1794 4950; x_wconf 89' lang='lat' dir='ltr'><strong><em>libidine,</em></strong></span> <span class='ocrx_word' id='word_1_732' title='bbox 1816 4892 1919 4955; x_wconf 90' lang='lat' dir='ltr'><strong><em>quum</em></strong></span> <span class='ocrx_word' id='word_1_733' title='bbox 1939 4869 2128 4953; x_wconf 87' lang='lat' dir='ltr'><strong><em>plusquam</em></strong></span> 
     </span>
     <span class='ocr_line' id='line_1_54' title="bbox 115 4954 2127 5044; baseline -0.002 -18"><span class='ocrx_word' id='word_1_734' title='bbox 115 4981 200 5026; x_wconf 88' lang='lat' dir='ltr'><strong><em>rrum</em></strong></span> <span class='ocrx_word' id='word_1_735' title='bbox 226 4960 316 5025; x_wconf 86' lang='lat' dir='ltr'><strong><em>inter</em></strong></span> <span class='ocrx_word' id='word_1_736' title='bbox 343 4958 452 5044; x_wconf 83' lang='lat' dir='ltr'><strong><em>ipsum</em></strong></span> <span class='ocrx_word' id='word_1_737' title='bbox 479 4969 513 5025; x_wconf 92' lang='lat' dir='ltr'><strong><em>et</em></strong></span> <span class='ocrx_word' id='word_1_738' title='bbox 533 4956 798 5025; x_wconf 90' lang='lat' dir='ltr'><strong><em>Hildsbrandum</em></strong></span> <span class='ocrx_word' id='word_1_739' title='bbox 827 4957 954 5024; x_wconf 83' lang='lat' dir='ltr'><strong><em>semina</em></strong></span> <span class='ocrx_word' id='word_1_740' title='bbox 975 4958 1098 5042; x_wconf 87' lang='lat' dir='ltr'><strong><em>siquis</em></strong></span> <span class='ocrx_word' id='word_1_741' title='bbox 1148 4957 1323 5041; x_wconf 85' lang='lat' dir='ltr'><strong><em>tyranniea</em></strong></span> <span class='ocrx_word' id='word_1_742' title='bbox 1343 4956 1498 5035; x_wconf 78' lang='lat' dir='ltr'><strong><em>saevitia,</em></strong></span> <span class='ocrx_word' id='word_1_743' title='bbox 1531 4976 1635 5039; x_wconf 89' lang='lat' dir='ltr'><strong><em>quum</em></strong></span> <span class='ocrx_word' id='word_1_744' title='bbox 1665 4957 1852 5042; x_wconf 89' lang='lat' dir='ltr'><strong><em>importuno</em></strong></span> <span class='ocrx_word' id='word_1_745' title='bbox 1884 4957 1994 5022; x_wconf 82' lang='lat' dir='ltr'><strong><em>firrors</em></strong></span> <span class='ocrx_word' id='word_1_746' title='bbox 2028 4954 2127 5037; x_wconf 85' lang='lat' dir='ltr'><strong><em>ultro,</em></strong></span> 
     </span>
     <span class='ocr_line' id='line_1_55' title="bbox 116 5040 2127 5130; baseline -0.002 -17"><span class='ocrx_word' id='word_1_747' title='bbox 116 5053 270 5130; x_wconf 73' lang='lat' dir='ltr'><strong><em>quaeret,</em></strong></span> <span class='ocrx_word' id='word_1_748' title='bbox 307 5054 342 5111; x_wconf 90' lang='grc'><strong><em>66</em></strong></span> <span class='ocrx_word' id='word_1_749' title='bbox 388 5044 508 5112; x_wconf 67' lang='grc'>6616666·</span> <span class='ocrx_word' id='word_1_750' title='bbox 543 5044 751 5130; x_wconf 77' lang='lat' dir='ltr'><strong><em>depugnatae</em></strong></span> <span class='ocrx_word' id='word_1_751' title='bbox 778 5044 918 5125; x_wconf 86' lang='lat' dir='ltr'><strong><em>inerint,</em></strong></span> <span class='ocrx_word' id='word_1_752' title='bbox 953 5064 990 5109; x_wconf 92' lang='lat' dir='ltr'><strong><em>re</em></strong></span> <span class='ocrx_word' id='word_1_753' title='bbox 1013 5043 1097 5110; x_wconf 87' lang='lat' dir='ltr'><strong><em>erist</em></strong></span> <span class='ocrx_word' id='word_1_754' title='bbox 1148 5063 1217 5108; x_wconf 90' lang='grc'><strong><em>666</em></strong></span> <span class='ocrx_word' id='word_1_755' title='bbox 1238 5049 1446 5128; x_wconf 86' lang='lat' dir='ltr'><strong><em>proveeatos,</em></strong></span> <span class='ocrx_word' id='word_1_756' title='bbox 1467 5041 1645 5108; x_wconf 88' lang='lat' dir='ltr'><strong><em>insultasse</em></strong></span> <span class='ocrx_word' id='word_1_757' title='bbox 1666 5043 1905 5126; x_wconf 90' lang='lat' dir='ltr'><strong><em>utplurimum</em></strong></span> <span class='ocrx_word' id='word_1_758' title='bbox 1928 5040 2127 5109; x_wconf 87' lang='lat' dir='ltr'><strong><em>ansaribus</em></strong></span> 
     </span>
     <span class='ocr_line' id='line_1_56' title="bbox 115 5066 2128 5218; baseline -0.003 -17"><span class='ocrx_word' id='word_1_759' title='bbox 115 5134 280 5218; x_wconf 73' lang='lat' dir='ltr'><strong><em>protento,</em></strong></span> <span class='ocrx_word' id='word_1_760' title='bbox 302 5066 569 5198; x_wconf 78' lang='lat' dir='ltr'><strong><em>Hildebrandum</em></strong></span> <span class='ocrx_word' id='word_1_761' title='bbox 590 5131 758 5198; x_wconf 89' lang='lat' dir='ltr'><strong><em>hominem</em></strong></span> <span class='ocrx_word' id='word_1_762' title='bbox 781 5131 864 5197; x_wconf 81' lang='lat' dir='ltr'><strong><em>vafri</em></strong></span> <span class='ocrx_word' id='word_1_763' title='bbox 887 5137 921 5197; x_wconf 88' lang='grc'><strong><em>66</em></strong></span> <span class='ocrx_word' id='word_1_764' title='bbox 941 5066 1097 5197; x_wconf 75' lang='lat' dir='ltr'><strong><em>malitiosi</em></strong></span> <span class='ocrx_word' id='word_1_765' title='bbox 1148 5137 1276 5196; x_wconf 89' lang='grc'>6666666</span> <span class='ocrx_word' id='word_1_766' title='bbox 1302 5136 1376 5196; x_wconf 88' lang='lat' dir='ltr'><strong><em>tuos</em></strong></span> <span class='ocrx_word' id='word_1_767' title='bbox 1398 5136 1635 5210; x_wconf 76' lang='grc'>666666666666,</span> <span class='ocrx_word' id='word_1_768' title='bbox 1662 5128 1867 5215; x_wconf 87' lang='lat' dir='ltr'><strong><em>phrenetiee:</em></strong></span> <span class='ocrx_word' id='word_1_769' title='bbox 1896 5128 1926 5195; x_wconf 91' lang='lat' dir='ltr'><strong><em>si</em></strong></span> <span class='ocrx_word' id='word_1_770' title='bbox 1953 5127 2032 5211; x_wconf 90' lang='lat' dir='ltr'><strong><em>quid</em></strong></span> <span class='ocrx_word' id='word_1_771' title='bbox 2053 5126 2128 5195; x_wconf 90' lang='lat' dir='ltr'><strong><em>illo-</em></strong></span> 
     </span>
     <span class='ocr_line' id='line_1_57' title="bbox 222 5228 1920 5305; baseline -0.005 -14"><span class='ocrx_word' id='word_1_772' title='bbox 222 5236 437 5305; x_wconf 72' lang='lat' dir='ltr'><strong><em>sarurom.</em></strong></span> <span class='ocrx_word' id='word_1_773' title='bbox 478 5233 536 5290; x_wconf 75' lang='lat' dir='ltr'><strong><em>ror.</em></strong></span> <span class='ocrx_word' id='word_1_774' title='bbox 563 5233 632 5288; x_wconf 77' lang='grc' dir='ltr'><strong><em>νη.</em></strong></span> <span class='ocrx_word' id='word_1_775' title='bbox 1886 5228 1920 5284; x_wconf 85' lang='lat' dir='ltr'><strong><em>rs</em></strong></span> 
     </span>
    </p>
   </div>
   <div class='ocr_carea' id='block_1_4' title="bbox 0 0 2308 5892">
    <p class='ocr_par' dir='ltr' id='par_1_4' title="bbox 0 0 2308 5892">
     <span class='ocr_line' id='line_1_58' title="bbox 0 0 2308 5892; baseline 0 0"><span class='ocrx_word' id='word_1_776' title='bbox 0 0 2308 5892; x_wconf 95' lang='lat' dir='ltr'><strong><em> </em></strong></span> 
     </span>
    </p>
   </div>
  </div>
 </body>
</html>
