4620 5894
150 257 170 316 7
732 249 960 320 Aramum
980 238 1277 319 Pacuuianus
1299 247 1599 319 PARISIENSIS
2153 254 2174 317 8

153 449 284 528 partem
313 440 516 508 declinando.
530 441 555 528 ¹)
588 442 706 525 Itaque
727 444 763 507 in
782 437 1027 526 quaestionibus
1042 438 1141 505 hodie
1192 439 1337 506 ecclesia.
1383 441 1430 506 llt
1447 441 1533 508 sicut
1553 440 1633 506 olim
1654 441 1881 506 Israelitarum
1902 440 2024 521 liberis,
2047 441 2076 506 si
2098 447 2176 507 ante

152 529 376 596 controversis
402 548 579 611 sequamur
606 528 771 613 regulam,
801 549 901 611 quam
928 533 1013 592 teste
1033 525 1140 591 uheo-
1193 525 1280 591 diem
1307 533 1458 592 octavum
1486 527 1608 591 mortui
1635 535 1760 607 essent,
1794 527 1879 592 nihil
1906 528 2059 607 nocebat,
2088 526 2177 612 quod

152 612 296 697 dorito2)
327 613 568 681 Constantinus
593 615 629 678 in
663 612 788 699 synodo
820 614 948 679 Nicena
979 612 1140 763 episeopis
1192 613 1446 680 circumcisionis
1468 620 1672 679 sacramento
1693 619 1853 692 carerent,
1876 614 1923 677 ita
1944 613 2055 693 hodie,
2077 611 2177 679 modo

153 699 258 780 dedit,
280 707 319 765 ut
340 721 383 765 ex
403 701 497 785 puris
519 701 584 766 Dei
607 700 748 767 oraculis
775 719 889 766 earum
910 705 1060 782 petamus
1105 719 1139 764 e-
1164 704 1167 743 ¹
1191 697 1293 777 nulla,
1316 706 1375 764 aut
1397 699 1601 766 contumacia
1617 706 1803 782 parentum,
1828 706 1886 764 aut
1903 699 2106 784 negligentia
2123 699 2177 764 in·

154 786 388 872 finitionem.⁸)
1192 784 1347 863 tercedat,
1370 785 1492 851 suffieit
1512 785 1694 851 infantibus
1716 785 1863 859 fidelium
1883 784 2083 851 adsalutem
2106 784 2176 852 solu

1190 871 1371 953 promissio,
1389 893 1455 954 qua
1474 871 1510 936 iu
1527 872 1716 937 societatem
1734 871 1887 936 ecclesiae
1905 872 1945 936 ab
1964 880 2057 936 utero
2076 872 2177 955 adop·

1176 963 1313 1021 tantur.
1342 958 1401 1021 Fit
1420 957 1507 1022 enim
1531 956 1666 1023 Christo
1687 958 1818 1037 iniuria,
1841 959 1868 1023 si
1890 958 2100 1023 imminutam
2110 958 2178 1023 Dei

487 1008 755 1076 ARTIOULUS
777 1009 804 1075 Ῑ·
1191 1042 1333 1127 gratiam
1360 1045 1430 1108 eius
1464 1043 1610 1108 adventu
1639 1052 1800 1126 putemus.
1851 1044 1955 1126 Atqui
1987 1044 2072 1110 filios
2099 1064 2177 1109 suos

480 1134 547 1217 De
579 1135 814 1246 Raptim·
1190 1128 1560 1296 illailledfflliii’
1583 1130 1833 1300 ttulit}
1850 1129 2177 1298 hithardo:

245 1297 336 1365 Ocra
364 1305 393 1363 et
418 1298 516 1380 firma
541 1301 603 1381 fide
624 1300 811 1366 credendum
832 1306 878 1365 est
898 1300 1054 1383 baptisma
1076 1322 1137 1366 om-
1191 1301 1369 1379 Ioannem,
1398 1302 1454 1383 qui
1481 1309 1592 1366 tamen
1619 1301 1691 1367 aliis
1730 1302 1882 1385 baptismi
1915 1302 2068 1367 minister
2095 1309 2176 1368 erat

154 1385 248 1451 nibus
270 1385 365 1449 etiam
380 1386 532 1466 parvalis
553 1386 744 1451 adsalutant
766 1388 977 1452 neeessariam
999 1408 1079 1453 esse:
1100 1408 1138 1453 ac
1192 1384 1248 1452 Sic
1266 1407 1344 1471 crgo
1363 1386 1552 1451 habendum
1566 1395 1623 1465 est,
1637 1385 1912 1470 quemadmodum
1929 1388 1966 1451 in
1984 1396 2078 1470 patre
2096 1387 2178 1453 fide·

149 1491 213 1552 per
232 1472 338 1552 speum
359 1472 433 1537 dari
452 1473 592 1556 qratiam
613 1473 748 1555 spiritus
768 1473 877 1537 sandi.
1190 1473 1272 1536 lium
1300 1471 1471 1537 Abraham
1500 1473 1680 1556 praecessit
1707 1474 1833 1538 iustitia
1857 1473 1933 1538 fidei
1956 1473 2177 1540 circumcisio-

1190 1579 1277 1637 nem,
1297 1559 1346 1622 ita
1367 1558 1569 1623 infidelium
1591 1559 1703 1625 liberis
1731 1558 1827 1624 hodie
1848 1559 2011 1642 baptismo
2032 1561 2179 1643 priorem

240 1643 408 1709 Probatur
435 1645 497 1708 sic:
520 1643 609 1724 Quia
636 1644 718 1708 alias
746 1645 908 1727 baptisma
935 1666 994 1729 per
1020 1646 1138 1711 mulie·
1191 1665 1261 1709 csso
1285 1642 1469 1726 adoptionis
1487 1646 1637 1728 gratiam,
1661 1646 1746 1711 sicut
1763 1645 1988 1728 promissionis
2006 1647 2107 1711 verba
2124 1666 2179 1711 so·

151 1750 206 1794 res
230 1728 361 1806 datum,
389 1729 475 1793 nihil
496 1729 636 1809 valeret,
666 1728 753 1812 quod
775 1738 826 1795 est
847 1751 888 1795 ex
912 1753 1001 1797 resse
1020 1730 1137 1796 funda·
1190 1738 1288 1794 nant:
1317 1731 1385 1795 Ero
1407 1729 1501 1796 Deus
1523 1731 1658 1796 seminis
1681 1732 1738 1796 tui.
1783 1732 1895 1797 Huius
1917 1740 2028 1796 autem
2050 1732 2178 1815 gratiae

151 1821 225 1878 tum
247 1815 283 1878 in
306 1813 368 1880 hac
389 1814 469 1891 fide,
498 1816 575 1898 quia
596 1815 782 1897 baptismus
810 1817 854 1881 sit
881 1754 921 1880 dc
943 1818 1137 1883 necessitate
1188 1817 1390 1899 baptismum
1413 1838 1484 1882 esse
1501 1818 1793 1896 confirmationem,
1817 1825 1854 1881 ut
1870 1817 1947 1883 fidei
1964 1826 2096 1883 nostrae
2118 1817 2178 1883 ad-

149 1899 281 1967 salutis:
303 1899 481 1983 Utcunque
499 1901 544 1966 sit
564 1901 766 1984 prohibitum
787 1904 822 1966 in
841 1903 976 1968 concilio
995 1903 1137 1969 Cartha-
1187 1902 1383 1968 iumentum.

151 1985 300 2071 ginensi,
327 1984 413 2068 quod
441 1986 596 2052 mulieres
624 1986 790 2070 baptizare
819 2009 887 2052 non
914 1997 1137 2071 praesumant,

153 2071 226 2138 sine
247 2071 358 2154 aliqua
380 2074 580 2167 exceptione.
625 2073 698 2138 Imo
721 2074 807 2157 quod
829 2080 880 2138 est
901 2075 1033 2155 fortius,
1056 2098 1137 2141 ven·
1517 2123 1784 2191 ARTIOULUS
1803 2125 1840 2189 Π

153 2157 270 2222 tilatur
291 2157 396 2223 ardua
418 2160 564 2240 quaestio
585 2159 675 2224 inter
696 2158 861 2239 doctores,
892 2169 1005 2225 utrum
1027 2162 1137 2226 inians
1841 2176 1847 2190 ·

151 2243 187 2308 in
209 2243 354 2326 periculo
376 2245 501 2323 mortis,
525 2245 553 2310 si
574 2266 642 2309 nou
665 2245 752 2310 adsit
773 2267 866 2328 aqua,
891 2245 1009 2311 debeat
1029 2248 1138 2330 potius
1450 2251 1518 2331 De
1550 2250 1685 2333 Ehem
1719 2251 1922 2335 Arhia-10,

153 2328 270 2412 proiici
297 2329 332 2393 in
359 2338 497 2411 puteum
519 2352 618 2413 quarn
640 2331 864 2396 commendari
886 2331 961 2396 Deo
984 2352 1059 2397 cum
1080 2354 1138 2398 er-

152 2415 355 2498 spectatione
385 2424 531 2482 eventus.
577 2416 650 2481 Hoc
678 2423 791 2483 autem
817 2425 903 2482 esset
924 2417 1138 2484 homicidium
1279 2414 1488 2495 Eademfidsi
1500 2418 1674 2481 melantia
1692 2424 1736 2482 est
1746 2419 1919 2497 masadam,
1938 2417 2058 2482 hienrici·
2075 2419 2178 2485 iassae

153 2500 292 2584 dignum
314 2508 435 2579 morte,
463 2503 528 2567 nisi
551 2502 716 2568 diceretur
738 2502 826 2585 quod
846 2502 1011 2586 baptisma
1033 2505 1077 2569 sit
1098 2503 1139 2569 de
1192 2502 1325 2566 liberum
1346 2502 1529 2582 arbitrium,
1559 2521 1619 2582 quo
1636 2509 1736 2584 potest
1756 2503 1827 2568 heae
1846 2503 1896 2567 vel
1916 2504 1998 2567 mete
2019 2525 2126 2587 apere,
2149 2509 2177 2570 et

152 2588 350 2653 necessitate
384 2587 510 2654 salutis.
557 2586 646 2654 Sunt
681 2590 781 2654 etiam
810 2588 894 2654 aliae
922 2592 1139 2672 quaestiones,
1186 2606 1248 2670 per
1281 2588 1378 2669 quod,
1412 2589 1443 2651 si
1470 2590 1564 2653 etiam
1597 2589 1632 2652 ia
1655 2594 1780 2670 peccato
1812 2590 1938 2655 mortali
1962 2590 2073 2671 suaa,
2107 2589 2177 2656 Deo

152 2679 266 2738 utrum
283 2673 402 2752 infans,
425 2674 462 2737 in
480 2673 610 2740 defectu
628 2696 732 2759 aquae
751 2674 922 2753 naturalis,
946 2674 1063 2741 debeat
1082 2698 1139 2760 po-
1193 2674 1371 2752 acliavaate,
1394 2674 1437 2737 ad
1456 2675 1596 2758 qratiam
1616 2695 1777 2759 resurgere
1798 2676 1886 2740 vala.

151 2759 217 2823 tius
240 2759 398 2841 baptizari
417 2781 492 2825 oum
510 2761 597 2839 lotio,
621 2761 675 2826 vel
693 2781 768 2826 cum
791 2762 884 2844 aquis
903 2762 1138 2841 artificialibus,

147 2844 421 2925 aliaestillatitiis,
434 2847 744 2931 quamrelinquisic,
758 2846 861 2913 donec
873 2846 1034 2913 habeatur
1044 2868 1138 2931 aqua.
1278 2846 1443 2912 Probatur
1464 2847 1524 2912 sic:
1544 2845 1632 2926 Quia
1653 2847 1805 2931 magistri
1827 2849 1933 2912 nostri
1955 2848 2002 2912 sie
2020 2847 2177 2915 determi-

152 2930 257 3009 Item,
289 2938 403 2996 utrum
429 2954 496 2997 non
526 2933 571 2997 sit
598 2954 696 3000 verus
723 2934 921 3017 baptismus,
958 2955 1140 3019 conspuere
1192 2940 1316 2998 narunt
1336 2938 1411 3015 post
1432 2932 1646 2997 Aristotelem
1669 2940 1703 2997 et
1724 2954 1838 2998 omnes
1859 2933 2090 3018 philosophos,
2117 2935 2176 3020 qui

153 3036 255 3100 super
283 3016 416 3097 faciem,
453 3019 490 3082 in
523 3039 603 3086 casu
637 3019 852 3087 necessitatis.
898 3018 993 3100 Quae
1025 3042 1140 3086 omnes
1191 3021 1355 3084 rationem
1378 3019 1414 3081 in
1436 3017 1569 3083 homine
1595 3017 1761 3084 dominam
1791 3021 1995 3085 constituunt
2015 3020 2087 3087 loco
2108 3022 2176 3104 spi-

154 3103 364 3186 quacstiones
399 3125 466 3170 non
501 3111 633 3187 tantum
667 3112 778 3172 essent
809 3126 1047 3189 supervacuae,
1081 3106 1139 3173 sed
1191 3106 1276 3171 ritus
1304 3104 1417 3170 sancti.
1431 3103 1455 3184 ¹)
1499 3105 1547 3169 Et
1572 3105 1757 3170 boeotiam
1785 3113 1836 3170 est
1861 3104 2039 3170 fundatum
2065 3107 2101 3171 in
2121 3127 2177 3173 ra-

154 3189 256 3256 etiam
279 3189 410 3270 stultae,
433 3192 498 3257 nisi
520 3198 708 3259 teneremus
730 3192 793 3258 hoc
814 3192 1024 3276 principium.
1078 3193 1085 3204 '
1191 3191 1281 3257 tione
1298 3188 1496 3290 invincibili:
1520 3191 1597 3273 quia
1616 3190 1697 3257 alias
1714 3197 1883 3291 nonuessuet
1900 3192 2067 3291 meritum,
2087 3191 2176 3276 quod

1191 3276 1517 3447 :rtrum-tu
1532 3277 2177 3432 arrr:::::aaaaa:

239 3447 362 3514 Offerri
384 3450 478 3515 nobis
500 3451 537 3516 in
558 3453 736 3535 baptismo,
761 3474 799 3518 ac
821 3452 970 3518 exhiberi
991 3460 1063 3518 tum
1085 3474 1138 3518 re·
1190 3450 1375 3528 volitionis,
1402 3470 1470 3514 non
1487 3451 1571 3515 bene
1594 3455 1698 3514 staret
1719 3450 1798 3515 ordo
1820 3451 2025 3515 moventium
2048 3458 2083 3515 et
2103 3471 2176 3515 mo·

151 3535 345 3600 missionem
365 3543 584 3619 peccatorum,
607 3547 678 3603 tum
702 3539 839 3621 spiritus
860 3540 965 3606 sancti
986 3534 1154 3624 gratiam,
1189 3545 1309 3602 torum.
1354 3536 1534 3601 Praeterea
1565 3556 1633 3599 non
1667 3557 1815 3601 essemus
1848 3544 2075 3620 cooperatores
2107 3536 2175 3602 Dei

175 3622 198 3686 ii
222 3641 336 3686 omnes
362 3624 569 3688 confitentur.
619 3625 670 3689 Eo
701 3646 828 3708 quoque
851 3632 1036 3710 agnoscunt
1057 3647 1139 3709 opus
1190 3625 1226 3688 in
1246 3621 1397 3688 facienda
1419 3621 1525 3687 salute
1547 3628 1667 3702 nostra,
1691 3623 1756 3688 nisi
1778 3630 1989 3688 concurreret
2010 3629 2120 3689 motus
2143 3629 2179 3688 et

150 3643 277 3772 babere
305 3706 460 3774 infantes:
490 3731 556 3775 non
583 3717 741 3792 tanquam
769 3710 957 3777 adiumento
986 3711 1028 3776 ad
1051 3713 1139 3778 salu-
1192 3710 1276 3775 actio
1304 3708 1499 3787 voluntatis,
1533 3728 1609 3774 cum
1637 3708 1760 3773 auxilio
1792 3709 1927 3792 gratiae.
1972 3709 2059 3773 Nam
2088 3707 2177 3792 quod

152 3800 221 3859 tem
246 3793 448 3873 necessario,
475 3795 533 3860 sed
555 3803 713 3880 tanquam
742 3797 867 3881 sigillo,
892 3797 933 3863 ad
962 3799 1139 3883 obsignan·
1191 3793 1379 3861 Lutherani
1398 3793 1522 3874 dicunt,
1541 3795 1646 3879 ipsam
1665 3795 1926 3877 cooperationem
1946 3816 2018 3860 esse
2036 3794 2176 3860 exdouo

152 3877 229 3945 dam
250 3881 286 3944 iu
308 3879 375 3946 illis
403 3880 587 3964 adoptionis
609 3883 768 3967 gratiam,
795 3882 956 3949 divinitus
979 3884 1137 3950 ordinato.
1191 3882 1265 3960 Dei,
1288 3881 1365 3962 quia
1385 3880 1539 3946 voluntas
1561 3880 1605 3945 sit
1626 3881 1805 3945 reformata
1825 3888 1864 3944 ut
1885 3881 2070 3946 consentiat
2090 3881 2175 3962 Deo,

152 3963 295 4033 Sanetos
323 3967 414 4031 enim
440 3965 588 4032 fidelium
610 3969 730 4034 liberos
766 3971 858 4035 nasci
885 3969 988 4034 tradit
1013 3971 1139 4036 Paulus
1192 3976 1227 4033 et
1254 3966 1422 4031 adducunt
1448 3987 1508 4049 pro
1536 3989 1572 4032 so
1601 3967 1812 4049 scripturam,
1842 3973 1876 4031 et
1902 3967 2053 4032 formalia
2074 3965 2176 4034 verba

151 4054 182 4137 (l
205 4052 417 4137 Oor.7,14).
462 4054 509 4119 Et
530 4075 610 4120 sane
632 4077 838 4139 nequaquam
859 4055 926 4122 illis
948 4057 1140 4121 conveniret
1190 4051 1381 4136 Augustini,
1403 4052 1459 4134 qui
1483 4052 1563 4118 dicit
1583 4053 1619 4117 in
1640 4053 1800 4135 principio
1820 4050 1897 4116 libri
1919 4053 1972 4117 De
1993 4053 2078 4118 bono
2099 4074 2175 4137 per·

149 4139 344 4224 baptismus,
365 4140 430 4204 nisi
447 4140 514 4205 iam
535 4141 571 4204 in
593 4141 656 4207 hac
673 4142 890 4224 promissione
912 4142 1002 4207 salus
1024 4163 1139 4207 eorum
1191 4138 1408 4217 severantiae,
1435 4138 1523 4221 quod
1544 4139 1639 4204 Deus
1662 4139 1718 4202 dat
1740 4138 1840 4203 talem
1861 4139 2003 4222 gratiam
2026 4139 2109 4219 suis,
2136 4146 2176 4204 ut

149 4225 280 4291 inclusa
307 4232 407 4291 esset:
438 4227 506 4292 Ero
528 4226 622 4293 Deus
644 4236 737 4307 tous,
762 4234 796 4291 et
817 4228 911 4294 Deus
933 4228 1068 4294 seminis
1088 4228 1139 4292 tui
1191 4225 1255 4293 sibi
1281 4232 1530 4308 perseveranter
1565 4224 1781 4290 adhaereant:
1819 4224 1906 4289 Item
1939 4225 1976 4289 in
2007 4224 2091 4290 libro
2121 4225 2175 4290 De

151 4310 254 4395 (Gen.
276 4316 325 4390 17,
348 4312 394 4395 7).
445 4313 521 4378 Non
550 4315 638 4378 enim
665 4313 728 4378 filii
755 4313 821 4378 Dei
848 4334 907 4397 per
938 4313 1138 4397 baptismum
1190 4311 1395 4394 correptione
1417 4318 1451 4375 et
1468 4312 1623 4395 gratiae
1646 4311 1702 4377 ubi
1720 4310 1808 4389 dicit,
1831 4310 1904 4374 dari
1921 4311 2015 4376 nobis
2033 4312 2175 4395 gratiam

151 4397 247 4462 fiunt.
304 4395 373 4463 Sed
400 4399 478 4482 quia
521 4400 747 4483 promissionis
785 4399 941 4467 beneficio
980 4398 1138 4466 haeredes
1190 4419 1254 4483 qua
1271 4419 1339 4463 non
1361 4402 1492 4463 tantum
1509 4397 1682 4480 possimus,
1706 4396 1764 4461 sed
1782 4396 1883 4462 etiam
1900 4396 2051 4477 velimus,
2074 4396 2174 4481 idque

152 4489 232 4547 sunt
260 4482 459 4565 adoptionis,
493 4484 566 4551 ideo
600 4485 641 4551 ad
675 4485 877 4571 baptismum
905 4507 960 4552 eos
993 4486 1139 4552 admittit
1190 4485 1380 4550 efficaciter:
1409 4482 1510 4563 Item,
1539 4484 1646 4568 gratia
1670 4482 1735 4548 Dei
1762 4481 2039 4549 indeclinabiliter
2066 4489 2100 4547 et
2121 4484 2174 4548 in·

1190 4569 1416 4654 separabiliter
1433 4570 1487 4653 agi
1508 4569 1635 4633 fideles:
1664 4568 1849 4651 Responsio
1872 4576 1923 4634 est
1939 4568 2057 4648 facilis,
2087 4565 2174 4652 quod

1190 4655 1420 4722 determinatio
1447 4653 1614 4720 facultatis
1649 4661 1699 4718 est
1727 4675 1829 4737 supra
1856 4656 2045 4737 opinionem
2071 4655 2173 4719 unius

221 4774 251 4840 1)
269 4775 342 4829 Libr.
360 4772 386 4827 2.
404 4774 438 4828 de
456 4783 560 4842 peccat.
577 4779 679 4833 meritis
697 4786 726 4833 et
742 4780 900 4835 remissione
919 4780 945 4833 in
963 4777 1025 4833 fine.
1190 4741 1346 4819 d⁰⁰t⁰riflt
1368 4741 1463 4804 ium
1482 4739 1580 4804 illud:
1603 4740 1686 4806 Plus
1708 4739 1824 4806 Vident
1845 4740 1945 4820 ⁰⁰¹ffi’
1974 4762 2074 4824 quam
2095 4762 2172 4806 ⁰⁰¹¹*

219 4843 251 4908 2)
270 4842 344 4898 Libr.
363 4842 387 4898 1.
404 4843 500 4897 histor.
520 4845 584 4899 eccl.
604 4861 662 4915 cap.
681 4845 705 4900 7.
1188 4828 1249 4893 lus.
1295 4823 1459 4891 Similiter
1486 4824 1573 4909 quod
1602 4826 1759 4892 adversus
1781 4826 2027 4892 fundamentale
2048 4827 2173 4911 princi·

220 4912 250 4978 3)
276 4913 371 4966 Verrio
393 4912 496 4981 pellica
518 4913 598 4967 addit
614 4915 695 4969 baec:
719 4917 773 4972 Gar
795 4932 897 4972 comme
922 4917 962 4970 dit
985 4918 1073 4972 sainct
1089 4916 1136 4972 Hi·

149 4983 227 5049 labe,
246 4980 313 5036 c’est
329 4999 365 5036 un
384 4981 470 5050 grand
487 4981 617 5037 desordre
641 4986 730 5051 quand
756 5003 790 5040 on
808 4986 956 5040 determine
975 4985 1008 5041 ds
1026 4986 1054 5041 la
1072 4987 1135 5042 doc-

150 5052 222 5106 trine
241 5050 417 5106 Chrestianus
446 5050 523 5104 selon
547 5051 572 5105 le
595 5053 622 5105 iu
641 5060 730 5108 emant
748 5054 795 5109 des
813 5055 935 5109 hommes
954 5071 990 5110 ou
1007 5071 1058 5124 par
1076 5055 1137 5110 leur
1257 5049 1286 5115 1)
1309 5047 1419 5102 Galim:
1443 5065 1477 5103 tu
1497 5048 1552 5103 lieu
1571 5066 1622 5118 que
1641 5049 1682 5104 les
1700 5049 1864 5105 Lutheriens
1882 5048 1971 5104 (litent
1989 5064 2040 5119 que
2060 5047 2127 5105 c'sst
2144 5048 2171 5104 le

150 5120 290 5177 authoritc
315 5120 365 5185 (au
388 5119 456 5175 livre
480 5118 529 5174 des
547 5070 669 5190 Synodes
695 5129 788 5178 contre
812 5124 852 5179 les
876 5125 988 5179 Anisus
1011 5139 1046 5178 au
1064 5140 1135 5178 com·
1186 5123 1273 5179 semet
1289 5117 1329 5171 Es
1349 5119 1391 5200 rit
1728 5188 1734 5200 .

144 5190 337 5256 mencenent).
1255 5187 1286 5255 2)
1334 5200 1405 5241 arro
1422 5184 1513 5242 babet:
1533 5185 1575 5242 Dc
1594 5192 1771 5256 cooperation
1789 5196 1817 5242 et
1834 5202 1922 5256 grace.

1188 4967 1390 4979 ,ρ’-...-
