4620 5894
144 242 205 307 ιιι
641 184 660 253 ’·
894 230 1146 301 munusue
1168 233 1206 299 P.
1230 231 1409 300 canem
1844 240 1848 247 ·
2093 230 2172 301 aaa·

143 430 234 530 Ergo
255 427 329 528 ideo
350 425 574 525 ingemiseunt
592 426 652 526 filii
669 425 744 505 Dei,
766 424 844 507 quia
864 420 1026 522 obsignati
1048 426 1127 485 sunt
1178 429 1214 487 et
1234 421 1360 522 angelis
1389 430 1423 487 et
1450 427 1627 505 utrumque
1659 421 1722 488 hac
1736 442 1819 523 ‘mea’
1841 422 1988 523 oratione
2008 442 2160 523 compre-

143 517 210 582 Der
232 520 362 598 spmtn,
385 531 480 578 curus
501 511 603 577 arrha
618 532 655 577 ιιι
672 530 765 594 spem
782 516 1031 576 reeurreotroms
1048 527 1126 572 oon-
1177 506 1289 587 hendr,
1311 507 1397 590 quod
1419 527 1465 589 pu
1513 516 1547 572 at
1568 529 1645 574 cum
1662 507 1789 574 Ohrrstr
1806 515 1969 575 instituta.
2015 507 2056 576 Sr
2077 508 2161 576 obn·

145 603 330 667 firmantur.
375 596 460 663 Inde
488 598 619 680 probari
639 616 706 662 non
728 602 851 680 potest,
880 594 976 660 alteri
997 614 1057 676 pro
1078 592 1126 656 al·
1179 594 1253 673 ciat,
1276 593 1448 661 Ohristum
1493 614 1531 659 ae
1552 595 1588 658 in
1610 601 1703 677 parte
1725 601 1758 660 et
1780 595 1916 679 angelos
1933 594 2018 660 nihil
2036 595 2161 662 habere

27 726 32 731 -
146 694 218 752 tero
245 682 537 769 ingemiscendum.
583 682 696 765 Quare
723 682 759 747 id
780 680 867 766 quod
895 680 982 747 eirca
1007 678 1126 762 proba·
1179 679 1349 745 nobiscum
1372 700 1556 759 commune,
1579 679 1771 762 respondeo,
1794 681 1858 747 hoo
1879 689 2078 766 argumento
2100 703 2160 765 pa·

146 771 246 838 tionis
272 771 375 835 finem
403 769 593 847 subiicitur,
622 771 649 835 si
675 768 802 834 indicat
822 766 964 832 Paulum
993 765 1041 830 sic
1067 784 1126 847 pro
1178 786 1250 830 rem
1275 766 1344 832 vim
1378 764 1500 830 habero
1531 766 1704 849 utriusque
1737 768 2021 850 consequentiam,
2057 788 2162 851 quum

147 880 182 926 se
210 856 425 941 ingemuisse,
461 861 499 919 ιιι
532 875 591 937 pro
619 855 693 919 aliis
727 874 854 937 quoque
885 849 1126 938 ingemisceret,
1178 850 1222 916 sit
1264 851 1379 916 eadem
1417 851 1550 916 omnino
1588 852 1624 915 in
1661 851 1929 919 antecedentibus
1968 852 2158 919 similitudo.

148 964 225 1010 oum
257 942 337 1025 ipsis
368 941 439 1006 eius
472 940 583 1006 verbis
609 947 751 1025 pugnat,
786 958 870 1023 qnae
897 936 1127 1003 certitudinem
1178 935 1269 1017 Quin
1291 958 1350 1019 pro
1378 937 1469 1004 coelo
1496 957 1625 1020 quoque
1646 948 1680 1003 et
1707 939 1818 1018 ιιιιιι,
1848 946 1939 1003 terra
1965 946 1999 1002 et
2024 938 2163 1022 reliquis

29 1070 37 1083 ·
147 1029 239 1096 illam
258 1027 477 1112 praemittunt
499 1036 595 1091 etex
618 1048 657 1091 ea
679 1025 811 1091 demum
840 1025 1018 1107 suspirium
1040 1021 1126 1087 deri-
1179 1023 1338 1088 creaturis
1366 1044 1438 1089 esse
1465 1022 1682 1105 precandum,
1710 1024 1885 1090 admittere
1906 1030 2059 1109 cogetur,
2080 1033 2120 1090 ιιι
2141 1045 2163 1090 a

147 1122 236 1182 vent.
281 1112 366 1178 Mihi
387 1120 499 1176 autem
527 1111 644 1178 salutis
666 1120 744 1178 tuae
769 1110 932 1177 certitudo
953 1109 1128 1194 obsignata
1179 1110 1387 1192 corruptione
1408 1108 1604 1188 liberentur,
1633 1117 1668 1174 et
1694 1130 1784 1175 nova
1812 1111 1896 1175 fiant
1916 1111 2042 1190 omnia,
2073 1111 2161 1177 siout

148 1221 216 1267 non
238 1210 296 1265 est.
340 1198 383 1262 In
406 1217 545 1276 summa,
568 1198 803 1280 unusquisqne,
826 1205 865 1261 ιιι
882 1217 918 1260 se
939 1196 1045 1261 filium
1063 1194 1128 1259 Dei
1179 1194 1248 1259 fore
1269 1194 1474 1277 praedictum
1496 1204 1554 1261 est.
1599 1194 1793 1279 Sequuntur
1822 1197 1911 1263 enim
1932 1205 1966 1262 et
1984 1196 2051 1263 ista
2073 1216 2164 1264 oom-

191 1287 303 1362 noscit,
323 1285 371 1348 ita
384 1284 571 1367 ingemiseit
592 1284 827 1367 redemptionis
850 1293 928 1348 suae
952 1279 1124 1346 desiderio.
1178 1280 1383 1363 plementum
1417 1282 1513 1365 regni
1541 1282 1613 1346 Dei.
1659 1282 1838 1348 Praeterea
1867 1282 1896 1349 ιι
1923 1282 2007 1348 mihi
2040 1282 2161 1363 oranti,

182 1391 275 1436 erum
308 1369 363 1435 hic
398 1369 489 1434 aliud
526 1391 652 1452 quoque
690 1368 901 1453 cogitandum
936 1376 994 1433 eet.
1040 1366 1128 1430 Nam
1152 1364 1155 1405 ¹
1179 1377 1217 1430 nt
1238 1368 1350 1432 veniat
1370 1387 1512 1451 regnum
1533 1368 1612 1445 Dei,
1639 1369 1704 1433 ista
1730 1368 1884 1452 cogitatio
1913 1390 1984 1434 sese
2005 1367 2165 1434 obtulerit

147 1456 275 1541 quoties
301 1455 383 1520 haec
411 1466 598 1519 sanctorum
627 1454 790 1520 desideria
817 1456 852 1517 in
880 1453 1052 1536 scripturis
1074 1470 1127 1516 oo·
1152 1412 1155 1523 l
1181 1451 1221 1516 de
1249 1461 1455 1517 mortuorum
1484 1455 1739 1533 resurrectione,
1775 1453 1890 1520 eadem
1920 1455 2049 1520 ratione
2077 1455 2162 1520 mihi

147 1552 303 1619 currunt,
333 1540 512 1607 clarissime
541 1541 686 1624 primum
712 1539 925 1623 exprimitur,
955 1560 1010 1604 eos
1032 1558 1127 1621 prae·
1152 1526 1155 1611 l
1180 1537 1356 1618 orandum,
1380 1545 1419 1603 ut
1440 1539 1534 1621 impii
1562 1561 1689 1623 quoque
1717 1548 1895 1624 resurgant
1921 1542 2065 1608 aeternis
2086 1562 2162 1607 eru·

149 1629 252 1695 sentis
280 1627 432 1693 miseriae
460 1625 534 1691 odio
562 1627 669 1710 magis
703 1627 783 1690 illuc
809 1625 882 1709 rapi
914 1645 1015 1708 quam
1042 1621 1127 1704 quod
1180 1623 1319 1690 ciatibus
1341 1623 1523 1690 addicendi.
1568 1624 1656 1691 Nam
1679 1647 1780 1709 aeque
1808 1625 1996 1693 declaratur
2017 1646 2162 1712 regnum

149 1714 368 1781 acceleratum
397 1717 471 1792 [pag.
492 1718 546 1792 77]
576 1711 664 1778 diem
685 1711 780 1777 illum
809 1712 952 1794 cupiant.
998 1706 1128 1775 Deinde
1182 1715 1258 1790 [pag.
1285 1716 1339 1790 79]
1368 1711 1432 1775 Dei
1459 1711 1637 1793 impiorum
1666 1712 1936 1778 condemnatione
1964 1719 2063 1796 atque
2090 1712 2163 1796 pio·

149 1799 284 1865 tandem
306 1799 340 1863 in
363 1799 424 1862 hoc
453 1798 592 1863 articulo
619 1818 732 1881 preces
755 1819 868 1862 omnes
890 1796 1069 1861 terminare
1091 1800 1129 1857 ut
1180 1816 1256 1859 rum
1279 1796 1393 1861 salute.
1430 1796 1545 1878 Neque
1567 1797 1602 1861 id
1623 1797 1658 1862 in
1681 1819 1801 1881 genere
1823 1796 1994 1877 duntaxat,
2016 1796 2076 1865 sed
2094 1798 2164 1865 sin·

149 1885 299 1952 acernis
327 1885 532 1966 corruptione
564 1884 754 1950 liberentur.
800 1881 856 1949 Sic
886 1882 1011 1947 Paulus
1038 1878 1126 1945 Phil.
1181 1880 1335 1964 galatim,
1365 1881 1461 1946 modo
1489 1883 1550 1948 sub
1572 1883 1768 1948 conditione.
1813 1884 1922 1968 Igitur
1944 1905 2003 1966 pro
2025 1892 2164 1966 parente

151 1978 166 2037 l
195 1972 266 2054 (23)
302 1991 370 2036 non
408 1970 499 2052 cupit
531 1971 697 2048 suscitari,
730 1970 788 2035 sed
823 1967 965 2034 dissolvi.
1012 1965 1069 2032 Sic
1096 1972 1129 2029 et
1153 1912 1157 2081 l
1180 1968 1282 2049 impio
1305 1989 1371 2032 non
1393 1967 1488 2032 ahter
1510 1969 1588 2034 huie
1610 1969 1771 2034 orandum
1794 1971 1961 2054 colligam,
1990 1977 2029 2034 ut
2050 1970 2163 2036 trada-

149 2057 289 2123 20or.5
309 2056 360 2141 (8)
373 2056 478 2120 multa
489 2057 657 2139 praefatus
669 2055 710 2120 de
721 2056 846 2140 gemitu
862 2054 929 2131 ille,
952 2075 1016 2136 quo
1035 2051 1129 2117 electi
1154 2088 1157 2159 γ
1181 2062 1236 2116 tur
1257 2052 1439 2136 gehennae,
1463 2073 1561 2135 quam
1579 2075 1638 2136 pro
1656 2054 1756 2120 Petro
1775 2077 1812 2121 ae
1834 2055 1948 2132 Paulo,
1970 2064 2008 2120 ut
2028 2056 2165 2122 boatum

148 2145 186 2208 in
207 2164 286 2208 suae
308 2143 557 2208 resurrectionis
583 2154 693 2209 votum
711 2143 871 2219 feruntur,
894 2139 1030 2205 tandem
1053 2159 1129 2203 eon·
1182 2140 1326 2221 'eorporis
1349 2139 1625 2205 resurrectionem
1646 2142 1836 2217 sortiantur,
1859 2141 1945 2225 quod
1967 2162 2047 2208 sane
2069 2143 2165 2208 uobis

149 2228 253 2296 cludit
278 2249 339 2293 nos
360 2228 467 2311 magis
496 2228 676 2309 probaroa
703 2248 836 2310 corpore
858 2224 1063 2309 peregrinari
1093 2232 1130 2286 ut
1154 2194 1157 2339 1
1182 2225 1218 2288 in
1240 2232 1387 2288 mentem
1405 2226 1520 2291 venire
1541 2227 1706 2292 Dominus
1728 2227 1843 2292 noluit.

148 2312 214 2380 Dei
232 2315 418 2399 praesentia
440 2314 599 2391 fruamur,
622 2334 690 2378 non
709 2320 821 2378 autem
838 2333 956 2395 corpus
975 2311 1128 2390 recipere.
1155 2344 1157 2355 =
1270 2314 1297 2373 6.
1332 2311 1424 2375 Dum
1451 2311 1585 2377 liberari
1610 2335 1630 2378 a
1653 2313 1740 2378 malo
1759 2315 2006 2397 interpretatur,
2029 2313 2167 2379 liberari

149 2398 207 2467 Sic
235 2409 269 2466 et
294 2400 390 2464 Rom.
422 2404 439 2461 7
472 2400 545 2484 (24)
578 2398 662 2464 nihil
694 2399 781 2463 ultra
813 2419 910 2482 quam
943 2419 964 2462 a
995 2414 1130 2479 corpore
1155 2366 1158 2457 l
1183 2416 1203 2459 a
1230 2402 1353 2474 morte,
1384 2398 1568 2480 respondeo
1596 2397 1722 2463 malum
1749 2398 1831 2463 illud
1860 2399 1945 2464 nihil
1973 2421 2045 2466 esse
2072 2397 2165 2465 eliud

148 2487 249 2553 morti
270 2485 411 2551 obnoxio
436 2485 571 2550 liberari
598 2492 699 2568 optat,
722 2506 783 2550 nec
804 2490 936 2566 reputat
964 2504 999 2548 se
1020 2480 1129 2545 infeli·
1154 2486 1158 2571 l
1182 2501 1282 2564 quam
1310 2484 1528 2548 tentationem
1561 2484 1653 2549 illam
1674 2485 1797 2568 ipsam,
1832 2507 1931 2569 quam
1965 2506 2001 2551 eo
2030 2486 2067 2550 in
2094 2485 2166 2552 looo

149 2594 221 2639 cem
240 2572 306 2637 nisi
327 2572 405 2656 quia
424 2573 565 2654 pcccatis
583 2579 763 2636 exercetur.
801 2570 942 2636 Desinat
963 2587 1042 2652 ergo
1061 2588 1129 2633 eer-
1183 2566 1404 2648 deprecamur,
1423 2577 1463 2634 ut
1479 2570 1523 2634 sit
1539 2572 1687 2654 exegesis
1704 2572 1822 2654 prioris
1840 2572 2031 2653 sententiae,
2053 2570 2168 2637 addita

149 2665 263 2724 tamen
285 2657 368 2722 illud
389 2667 424 2723 et
450 2658 584 2723 miseria
605 2678 672 2722 una
693 2657 835 2722 finietur.
1182 2654 1218 2718 in
1236 2654 1370 2719 modum
1388 2655 1597 2723 antitheseos.
1628 2658 1738 2740 Atque
1756 2657 1821 2723 huo
1838 2658 1925 2736 facit,
1944 2657 2166 2742 quodLuoas,

238 2748 266 2808 5.
300 2743 458 2808 Probatio
480 2764 580 2826 qnam
602 2752 741 2810 conatur
763 2765 805 2808 ax
827 2763 865 2807 eo
888 2740 1020 2820 elicere,
1044 2737 1131 2822 quod
1182 2738 1239 2822 qui
1262 2739 1402 2805 eandem
1419 2742 1521 2806 refert
1542 2743 1733 2822 orationem,
1757 2751 1957 2826 postremam
1973 2743 2067 2810 illam
2089 2765 2167 2828 par·

150 2829 357 2916 praeceperit
378 2828 533 2894 Christus
561 2849 655 2895 orare
683 2836 721 2894 ut
747 2829 860 2894 veniat
889 2846 1029 2911 regnum
1055 2823 1130 2901 Dei,
1184 2824 1319 2890 ticulam
1341 2827 1377 2892 in
1400 2833 1508 2893 totum
1530 2829 1654 2906 omisit,
1685 2851 1784 2912 quam
1807 2828 2031 2914 amplificandi
2053 2839 2088 2896 et
2108 2851 2168 2896 ex·

149 2937 285 3000 prorsus
308 2923 358 2980 est
379 2916 518 2981 enervis.
564 2913 632 2982 Sed
654 2915 814 2998 principio
831 2910 1073 2979 observandum
1094 2910 1131 2975 in
1183 2909 1329 2993 plicandi
1350 2915 1458 2997 gratia
1479 2913 1613 2980 videtur
1634 2915 1826 2982 Matthaeus
1848 2914 2023 2997 addidisse,
2041 2924 2079 2982 ιιι
2095 2936 2169 2982 ma·

150 3001 214 3068 hac
235 3000 384 3078 formula,
407 3021 489 3083 quae
511 2999 674 3067 adDeum
693 3001 810 3066 referri
825 2999 973 3076 debeant,
993 3018 1076 3080 quae
1089 2993 1130 3059 ad
1183 2996 1253 3061 lum
1282 3006 1410 3064 constet
1438 3020 1509 3066 esse
1537 3002 1763 3067 tentationem.
1809 3002 1888 3085 Ipsa
1915 3023 2046 3087 quoque
2068 3021 2168 3071 vooo·

150 3110 220 3154 nos.
256 3088 371 3153 Primo
434 3087 538 3152 timus
560 3106 680 3152 nomen
703 3088 773 3152 eius
791 3085 987 3153 sanctificari
1005 3091 1039 3147 et
1056 3102 1131 3165 reg-
1183 3080 1252 3147 buli
1274 3083 1487 3167 significatio,
1517 3095 1556 3151 ut
1583 3086 1648 3151 alia
1670 3086 1794 3165 desint,
1825 3088 1872 3154 sic
1891 3090 1980 3173 cogit
2000 3090 2169 3174 interpre-

149 3195 233 3241 num
261 3173 332 3240 eius
401 3173 533 3253 venire,
566 3194 650 3256 quae
678 3173 810 3238 tametsi
842 3190 954 3237 secum
982 3177 1131 3234 nostram
1180 3168 1261 3247 tari,
1291 3170 1556 3255 quandoquidem
1583 3194 1623 3238 ea
1650 3193 1729 3239 voce
1757 3175 1877 3254 utitur,
1906 3196 1991 3258 quae
2017 3175 2055 3240 in
2081 3196 2169 3244 novo

149 3261 286 3326 trahant
307 3259 600 3326 sanctificationem
622 3266 656 3324 ct
677 3279 792 3324 veram
812 3255 1066 3334 beatitudinem,
1089 3251 1131 3318 ad
1179 3261 1380 3320 testamento
1407 3279 1467 3341 pro
1501 3258 1646 3343 maligno
1675 3266 1709 3324 et
1736 3259 1863 3326 malitia
1894 3269 2084 3346 usurpatur.
2127 3261 2170 3328 Id

148 3368 210 3413 nos
239 3357 350 3411 tamen
378 3346 510 3430 proprie
538 3366 605 3411 non
634 3345 816 3429 pertinent,
847 3364 952 3427 neque
978 3362 1013 3408 se
1042 3342 1131 3424 ipsos
1180 3341 1269 3405 enim
1297 3342 1461 3427 acvppdc1)
1484 3345 1649 3428 signifieat
1675 3345 1797 3410 Matth.
1824 3351 1863 3411 13
1888 3348 1976 3432 (19);
2009 3349 2169 3416 lIoann.

152 3431 258 3498 saneti
279 3432 474 3515 respiciunt,
503 3452 607 3514 quum
627 3430 692 3497 ista
713 3429 897 3514 postulant,
929 3427 987 3494 sed
1009 3427 1129 3504 Deum,
1179 3431 1198 3490 2
1220 3426 1440 3512 (13);Ilphes.
1461 3434 1479 3494 6
1498 3430 1586 3515 (16);
1608 3430 1754 3497 2Τιιοιι.
1780 3436 1798 3495 3
1818 3433 2012 3517 (3);Ioann
2035 3437 2074 3499 ll
2094 3435 2169 3520 (15)

150 3517 244 3585 cuius
276 3517 416 3601 gloriam
441 3516 522 3582 adeo
551 3518 619 3583 suis
646 3518 837 3600 praeferunt
865 3512 1058 3591 commodis,
1093 3519 1131 3578 ut
1182 3512 1238 3577 ubi
1256 3514 1647 3599 oratOhristuspatrem
1667 3537 1735 3582 non
1751 3525 1788 3582 nt
1806 3519 2167 3601 suostollatemnndo,

152 3603 288 3686 cupiant
321 3602 431 3667 Moses
475 3602 581 3667 Exod.
613 3607 654 3666 32
687 3602 760 3687 (32)
803 3610 836 3666 et
868 3600 995 3667 Paulus
1031 3600 1130 3664 Rom.
1183 3598 1241 3665 sed
1267 3599 1385 3666 liberet
1406 3623 1461 3667 eos
1484 3623 1504 3667 a
1525 3602 1629 3682 malo,
1660 3603 1801 3670 innuens
1829 3604 1954 3672 scilicet
1980 3605 2168 3675 aliudesse

151 3693 169 3753 9
190 3687 240 3772 (3]
262 3687 319 3753 iile
339 3686 442 3752 deleri
464 3687 504 3753 de
525 3687 609 3753 libro
629 3689 726 3766 vitae,
750 3687 804 3752 hie
824 3687 1000 3753 anathema
1021 3684 1132 3749 heria
1171 3684 1317 3779 ¹malum,
1340 3685 1381 3752 de
1403 3709 1467 3770 qno
1486 3688 1540 3754 hic
1558 3690 1676 3773 agitur,
1700 3689 1789 3754 aliud
1811 3689 1883 3756 tolli
1905 3712 1925 3756 a
1945 3690 2080 3772 mundo,
2104 3693 2171 3761 hoc

150 3774 302 3852 Christo,
324 3772 434 3856 potius
456 3794 555 3857 quam
577 3783 615 3839 ut
635 3774 728 3839 Deus
748 3772 835 3838 male
858 3772 985 3848 audiat,
1008 3777 1042 3834 et
1062 3790 1150 3834 non·
1183 3779 1234 3836 est
1255 3769 1388 3836 liberari
1410 3794 1431 3837 a
1452 3783 1557 3839 morte
1580 3776 1732 3858 eorporis.
1777 3775 1892 3860 Neque
1914 3778 2066 3861 excipere
2087 3778 2169 3847 licet

150 3861 196 3929 sit
216 3859 308 3925 illius
330 3878 450 3924 nomen
469 3859 620 3926 omnibus
643 3867 889 3925 sacrosanctum
910 3865 944 3923 et
966 3875 1130 3921 veneran-
1182 3855 1259 3920 muli
1309 3878 1366 3920 um
1388 3879 1447 3940 pro
1469 3859 1597 3925 diabolo
1619 3862 1722 3944 accipi
1743 3882 1847 3945 posse,
1871 3864 1963 3930 ouius
1985 3865 2168 3949 tyrannide

152 3945 240 4013 dum.
290 3943 422 4010 Deinde
501 3965 634 4027 rperam
673 3946 931 4028 interpretamur
974 3940 1132 4006 orationis
1183 3949 1252 4005 tam
1276 3943 1310 4005 ιιι
1328 3942 1522 4025 detinemur,
1545 3948 1703 4029 quamdiu
1719 3948 1819 4013 morti
1836 3947 2052 4017 subiaoemus.
2089 3950 2168 4021 Hoc

150 4031 268 4111 verba,
297 4030 326 4096 si
348 4029 388 4095 de
410 3965 524 4096 ιιιιιιθοιι
545 4030 597 4095 die
622 4028 819 4096 maturando
841 4030 914 4113 ipsa
941 4026 1129 4109 accipimus.
1183 4027 1273 4092 enim
1300 4028 1460 4110 epitheto,
1494 4052 1558 4114 quo
1584 4033 1637 4099 hic
1665 4033 1705 4099 ab
1732 4034 1851 4100 effectu
1879 4033 2071 4121 designatus
2104 4048 2166 4119 est,

150 4118 239 4185 Nam
264 4116 300 4181 id
335 4124 423 4182 esset
449 4115 577 4182 Ghristi
610 4137 714 4201 regno
741 4121 816 4195 [pag.
842 4119 896 4196 78]
937 4113 1132 4179 οοοιιιοιιιιιι
1182 4111 1399 4197 intelligimus
1420 4121 1495 4195 [pag.
1513 4123 1568 4197 80]
1590 4139 1609 4182 a
1631 4140 1697 4201 qua
1713 4120 1818 4203 ipsius
1834 4127 1996 4206 potestate
2012 4131 2168 4208 optemus

149 4205 260 4288 potius
282 4223 381 4286 quam
397 4203 639 4268 incrementum
659 4203 795 4285 precari.
831 4199 900 4267 Sed
921 4201 1011 4264 huno
1032 4196 1132 4262 habet
1181 4197 1324 4290 liberari.
1358 4200 1472 4266 Nihilo
1494 4203 1578 4269 illud
1596 4206 1702 4288 magis
1721 4205 1930 4287 audiendum,
1953 4210 2081 4291 precari
2103 4232 2166 4278 nos

150 4309 285 4356 sensum
311 4288 426 4371 petitio
454 4296 494 4352 ut
512 4287 679 4354 Dominus
706 4290 742 4353 in
771 4287 883 4354 electis
905 4286 973 4352 suis
995 4284 1131 4366 spiritus
1183 4296 1221 4349 ut
1241 4283 1282 4349 ab
1303 4287 1394 4350 omni
1415 4309 1453 4354 eo
1475 4289 1660 4355 eximamur
1685 4291 1774 4374 quod
1795 4295 1920 4375 peccati
1940 4293 2067 4361 malum
2086 4318 2166 4364 con-

150 4375 203 4440 sui
225 4375 348 4439 virtute
369 4394 423 4439 res
447 4373 587 4453 lendeat,
610 4371 807 4440 adversariis
828 4372 976 4456 potentia
997 4391 1057 4435 sua
1077 4389 1130 4434 re·
1183 4370 1338 4454 sequitur.
1383 4374 1518 4458 Alioqui
1547 4374 1708 4442 orandum
1729 4385 1816 4444 esset
1844 4401 1887 4445 ne
1907 4380 2014 4463 ipsam
2036 4403 2167 4468 quoque

151 4459 262 4539 sistat,
291 4460 393 4526 donec
446 4460 492 4525 'es
519 4459 576 4525 ille
599 4460 737 4539 venerit,
761 4461 817 4543 qui
838 4459 911 4524 eius
929 4475 1034 4541 regno
1051 4455 1131 4520 ulti·
1183 4464 1324 4522 mortem
1346 4458 1530 4528 subeamus.

150 4566 241 4611 mam
269 4545 386 4610 afferet
406 4546 655 4629 perfectionem,
683 4545 782 4629 idque
809 4565 846 4610 eo
873 4543 1003 4621 ordine,
1032 4562 1131 4624 quem
1271 4547 1298 4608 7.
1332 4545 1462 4611 Debere
1484 4569 1543 4612 nos
1565 4547 1721 4614 fratribus
1742 4570 1809 4616 nou
1831 4552 1942 4617 minus
1964 4550 2043 4618 boni
2064 4576 2167 4639 quam

149 4633 222 4715 ipse
244 4632 404 4714 optimum
426 4633 495 4698 fore
515 4632 710 4717 providebit.
755 4634 802 4696 At
822 4651 965 4716 regnum
982 4627 1047 4693 Dei
1064 4649 1131 4692 non
1183 4628 1278 4694 nobie
1306 4629 1386 4713 ipsis
1412 4639 1527 4715 optare
1555 4634 1668 4699 fateor.
1712 4635 1828 4719 Neque
1856 4657 1934 4703 vero
1957 4639 2052 4706 nobis
2074 4640 2166 4708 aliud

150 4717 216 4783 erit
238 4717 436 4800 completum
457 4728 517 4785 etc.
554 4716 594 4784 Si
615 4719 711 4784 aliter
732 4725 830 4801 putat
851 4714 1014 4781 orandum
1031 4734 1131 4796 quam
1184 4714 1261 4779 boni
1290 4737 1309 4780 a
1338 4737 1373 4782 ee
1399 4738 1533 4800 poscere
1559 4741 1618 4785 nos
1647 4719 1758 4786 docuit
1784 4723 1965 4804 Dominus,
1998 4746 2100 4808 quam
2128 4733 2167 4793 ιιι

150 4805 188 4870 in
210 4822 340 4888 genere,
364 4823 401 4867 eo
422 4825 514 4870 more
535 4824 600 4887 quo
618 4803 771 4870 Christus
795 4803 915 4881 docuit,
937 4808 971 4865 et
992 4800 1033 4864 iis
1055 4819 1131 4865 ver·
1184 4800 1398 4867 remittantur
1432 4803 1526 4870 nobis
1555 4804 1673 4872 delicta
1704 4815 1763 4873 eto.
1810 4806 1905 4889 Quae
1944 4813 2091 4893 precatio
2125 4812 2168 4880 ad

150 4890 211 4968 bis,
234 4910 311 4954 nem
335 4910 353 4953 e
374 4897 413 4953 ut
432 4891 546 4954 veniat
565 4911 707 4975 regnum
728 4889 802 4969 Dei,
826 4886 1068 4968 descendatque
1090 4884 1132 4949 ad
1183 4893 1329 4952 mortuos
1362 4897 1510 4972 spectare
1542 4912 1608 4956 non
1641 4898 1764 4975 potest,
1797 4894 1864 4959 iam
1894 4904 1989 4960 extra
2024 4897 2168 4966 miserae

152 4976 285 5041 hniusm
331 4975 338 4988 '
357 4974 542 5058 proloquia:
566 4976 727 5041 orandum
745 4984 796 5040 est
812 4997 872 5058 pro
890 4972 1131 5039 resurreetione
1188 5055 1195 5059 ⁸
1217 5054 1301 5060 „-

151 5070 367 5138 mortuorum,
386 5081 465 5145 ergo
486 5082 547 5144 pro
565 5063 712 5140 mortuis,
736 5070 807 5139 eto,
830 5081 891 5145 ogo
909 5078 1037 5142 quoquc
1054 5055 1132 5121 inde

152 5148 304 5233 colligam
321 5146 426 5212 multa
446 5145 596 5226 absurda,
615 5169 732 5231 nempe
748 5145 909 5212 orandum
925 5165 986 5227 pro
997 5143 1131 5209 Ohristc
1253 5160 1282 5227 1)
1302 5161 1340 5215 la
1356 5161 1428 5218 edito
1447 5169 1522 5218 tecua
1538 5166 1652 5234 katar:
1668 5166 1829 5222 POMROS.

1307 5054 1387 5061 ——-.
