4620 5894
146 263 211 327 659
767 280 769 285 ·
1057 258 1262 329 SERVETI
2116 257 2172 320 660

146 449 255 516 udam
276 467 396 531 aucam
415 446 520 533 ipnmn
540 447 633 513 illum
654 469 722 516 esse
741 469 850 515 verina
871 450 984 533 iprum,
1019 455 1047 515 et
1068 468 1135 514 esse
1186 446 1350 513 essentiam
1370 447 1500 528 formae,
1522 448 1705 529 etformam
1726 468 1822 514 suam
1842 447 1883 513 ab
1906 453 2037 513 aeterno
2058 447 2168 528 retinet

146 536 183 602 id
204 535 312 616 ipsum
340 535 423 615 quod
444 533 544 599 Deus.
598 532 699 599 Estne
731 534 769 600 ob
802 536 838 601 id
869 540 1008 600 niutatus
1035 534 1134 614 Deus,
1183 534 1320 615 formam
1341 530 1493 598 limirinis:
1520 552 1574 598 nec
1594 534 1766 615 confusam,
1794 554 1851 599 nee
1869 534 2089 623 imminutam,
2120 554 2169 601 nce

144 621 285 705 formam
312 619 463 685 occultam
485 618 575 685 nobis
589 620 815 704 patefaciens?
861 620 955 705 Ipnis
982 620 1036 685 ille
1054 619 1134 702 fipu·
1186 619 1361 685 alteratam.
1409 616 1538 684 Obsecro
1560 624 1596 697 te,
1631 619 1667 685 id
1687 620 1930 699 omnipotentiae
1952 619 2021 685 Dei
2042 620 2168 700 tribuas,

146 725 221 770 ram
240 705 379 770 bominis
399 703 547 784 exhibeat,
579 706 692 771 virtute
713 706 779 772 Dei
804 705 864 787 fiat
876 710 901 790 ¹)
934 705 1031 785 borno,
1065 706 1136 771 snb-
1185 709 1222 768 ut
1241 703 1375 769 idealern
1395 702 1486 768 illam
1508 704 1636 769 animae
1655 706 1907 785 lacerationem,
1931 726 2018 788 qnae
2037 704 2169 775 bominis

147 790 297 859 stantialc
328 809 442 872 eorpus
474 810 513 856 ev
546 791 670 875 virpine
698 792 847 875 penitam.
903 792 982 873 Quis
1010 811 1134 872 quaeso,
1186 789 1325 854 aliaeius
1361 789 1497 870 formam
1535 789 1591 853 tibi
1629 791 1749 854 interne
1786 792 1893 873 refert,
1936 792 2048 871 possit
2083 792 2168 858 Deru

148 877 267 942 dicitnr
299 873 346 940 ibi
379 894 446 940 esse
483 875 573 956 filius
605 876 680 956 Dei,
720 898 742 942 a
774 883 871 958 patre
899 876 968 943 Deo
1005 877 1134 942 realiter
1185 878 1308 939 ertone
1330 875 1365 938 in
1386 881 1457 938 aire
1485 874 1632 940 lucentem
1659 880 1687 940 et
1707 876 1864 942 visibilem
1886 877 2044 943 entribere.
2087 877 2169 943 Hirro

147 960 342 1027 distinctus?
388 960 481 1044 Ipuis
512 961 566 1026 ille
597 961 729 1044 formali
761 964 892 1042 ratione,
928 968 1134 1045 etpersonae
1186 961 1255 1025 sine
1275 959 1435 1024 materiali
1452 964 1656 1039 corporatura
1674 980 1840 1043 capnosecs,
1861 962 2004 1028 idealem
2021 964 2168 1028 rationem

144 1046 334 1130 fipnrotione
367 1047 487 1112 dicitnr
518 1045 618 1128 filius,
651 1067 714 1112 non
750 1049 878 1114 realiter
910 1049 1079 1113 distinctus
1112 1052 1149 1111 a'
1184 1045 1360 1123 eebibdom,
1393 1043 1582 1126 trypostatiee
1603 1045 1826 1126 subsistentem,
1852 1048 2000 1128 formam
2027 1051 2167 1115 bominis.

140 1136 247 1214 patre.
290 1133 374 1210 At2)
409 1131 499 1199 bomo
525 1131 576 1198 bic
597 1153 667 1198 vere
698 1133 837 1212 realiter,
871 1139 899 1198 et
930 1134 1134 1215 corporaliter
1184 1129 1335 1196 Formam
1356 1129 1493 1195 hominiis
1507 1131 1662 1214 fulporem
1674 1131 1826 1210 divinum,
1844 1134 1904 1213 ani
1929 1139 1968 1198 ut
1990 1133 2082 1199 borno
2104 1155 2168 1201 con·

143 1218 269 1301 penitus
290 1222 336 1282 est
352 1217 392 1282 de
412 1216 590 1283 substantio
608 1218 673 1284 Dei
684 1221 795 1299 patris
811 1225 839 1284 et
856 1219 991 1303 cirpinis
1007 1220 1131 1284 neutris.
1183 1216 1374 1296 spiciaidns,
1391 1219 1428 1279 nt
1443 1215 1531 1281 borno
1547 1237 1580 1280 se
1597 1216 1672 1282 olim
1690 1216 1857 1283 exibebat.
1887 1219 1989 1284 Nile-il
2005 1220 2120 1285 borum
2137 1223 2169 1285 in

147 1302 230 1368 Loco
251 1304 325 1367 item
345 1307 509 1369 moveatur
528 1304 614 1386 ipnis
636 1303 697 1383 ille,
732 1309 788 1368 ant
820 1325 904 1369 aura
931 1305 1035 1369 divini
1068 1304 1133 1385 spi-
1183 1302 1271 1366 verbo
1293 1305 1327 1364 tu
1349 1302 1500 1384 npnoseis,
1532 1302 1587 1366 secl
1601 1303 1776 1383 procaciter
1796 1324 1898 1387 arpos,
1918 1305 2029 1386 fuisse
2047 1307 2168 1381 molan,

148 1390 242 1468 ritus,
265 1393 322 1453 aut
343 1388 438 1469 lapis,
458 1392 514 1453 aut
532 1389 608 1467 flos:
641 1409 685 1455 an
706 1390 882 1474 monetari)
919 1395 991 1455 tunc
1018 1389 1133 1454 Dens?
1184 1387 1374 1466 distinctum,
1386 1387 1576 1451 invisibilem
1586 1388 1698 1469 filiam,
1711 1388 1829 1453 actione
1840 1389 1923 1454 reali
1931 1393 2087 1474 penitam.
2112 1391 2170 1456 Sed

145 1472 239 1540 Deris
259 1474 374 1555 nmque
395 1494 517 1556 semper
537 1473 692 1539 exsistens
714 1475 893 1554 immobilis,
914 1495 969 1540 nec
990 1476 1053 1541 loco
1070 1495 1133 1538 mo
1184 1472 1266 1535 unde
1282 1471 1337 1537 boc
1349 1472 1495 1551 probas?
1518 1476 1594 1551 [pag.
1614 1479 1689 1552 591]
1711 1473 1776 1537 Nec
1788 1476 1852 1539 iota
1862 1496 1966 1540 unum
1984 1476 2092 1556 babes,
2114 1498 2169 1559 quo

145 1564 243 1640 vetem,
265 1579 321 1624 nea
342 1558 379 1624 ob
400 1564 556 1626 ostensam
577 1559 670 1624 illam
688 1561 827 1642 formam
856 1560 1018 1625 alteratur.
1069 1560 1132 1624 Sed
1181 1557 1286 1638 filicem
1313 1558 1414 1622 aliurn
1440 1557 1479 1622 ab
1505 1556 1628 1622 bomine
1649 1559 1766 1625 doceas.
1812 1559 1887 1624 Non
1919 1561 2170 1628 substantialiter

146 1649 222 1709 sunt
244 1645 296 1710 illi
317 1645 404 1709 modi
424 1645 670 1727 dispensationis
698 1667 755 1711 seu
776 1645 975 1712 cohibitionis
995 1645 1131 1724 divinae,
1184 1643 1333 1725 inpetro
1359 1642 1464 1723 fllium
1490 1642 1644 1707 bominem
1674 1645 1775 1725 fnisse
1798 1646 1946 1725 dicimus,
1983 1668 2048 1713 aon
2070 1653 2167 1713 tamen

146 1748 213 1812 pua
234 1750 268 1794 sc
288 1730 385 1809 nobis,
407 1734 442 1794 ut
463 1732 539 1809 rub,
568 1751 639 1795 vere
659 1730 752 1796 Deus
774 1731 902 1810 enbibd,
930 1737 958 1797 et
983 1733 1018 1796 in
1039 1731 1131 1797 retnis
1184 1728 1324 1793 realibus
1345 1729 1410 1794 tuis
1431 1728 1567 1793 motibus
1588 1734 1616 1792 et
1632 1731 1767 1810 punctis.
1814 1731 1993 1798 Naturalis
2013 1739 2087 1799 erat
2106 1734 2168 1800 Deo

146 1815 222 1898 opit.
271 1814 358 1879 Moto
384 1814 508 1881 tramine
537 1813 669 1894 lerista
702 1837 764 1881 nou
791 1817 969 1882 movebatur
989 1816 1131 1882 snbstan—
1184 1815 1323 1891 seientia,
1358 1819 1394 1878 ut
1426 1815 1549 1894 speculo
1580 1814 1759 1894 relucentia,
1793 1818 1990 1884 naturaliter
2024 1820 2165 1899 referens,

146 1901 194 1965 tia
236 1901 371 1966 deitatis.
432 1901 576 1967 Eaterne
610 1901 803 1981 movebatur,
837 1922 900 1983 per
939 1910 1042 1967 airem
1080 1903 1131 1967 cte-
1182 1899 1465 1964 substantialiteret
1478 1901 1640 1980 primario
1652 1899 1810 1965 Christum
1827 1905 1999 1969 coritinens.
2026 1906 2166 1970 Nattae·

147 1985 308 2052 scandebat
328 1985 467 2067 spiritus
495 1991 632 2066 sanctius,
665 1989 700 2052 in
730 1988 801 2054 Deo
833 1988 985 2053 immobili
1011 2008 1133 2068 semper
1183 1985 1224 2049 lis
1257 1985 1315 2049 illa
1346 1987 1526 2058 relucentia,
1561 1986 1632 2050 idea
1659 1988 1828 2064 irater-ratis,
1864 1993 1893 2051 et
1913 2009 1981 2068 per
2002 2011 2037 2055 se
2061 1994 2165 2073 prima

147 2073 309 2138 exsistens.
379 2071 514 2136 Verbum
552 2093 647 2138 suum
685 2073 779 2137 Dens
818 2075 940 2139 visibile
973 2074 1129 2155 patefecit,
1183 2071 1248 2135 dici
1280 2076 1391 2151 potest,
1424 2077 1459 2135 nt
1494 2070 1615 2136 Oti-rista
1649 2072 1764 2136 dicitur
1791 2071 1881 2152 εἶδος,
1921 2080 1952 2139 et
1984 2078 2071 2141 sicta
2102 2079 2165 2143 idea

146 2158 237 2222 varie
259 2157 356 2233 misit,
388 2158 608 2223 etimmobilis
630 2159 758 2224 marusit.
802 2159 868 2224 His
895 2161 997 2224 modis
1024 2179 1132 2224 verum
1183 2161 1227 2221 est
1264 2157 1378 2220 mentis
1421 2157 1504 2221 ratio
1544 2157 1636 2235 tine.
1701 2156 1739 2221 Si
1779 2159 1864 2238 λόγον
1910 2162 1949 2223 in
1990 2161 2063 2226 Deo
2109 2164 2164 2229 dici

146 2247 200 2322 cst,
235 2243 317 2324 quod
349 2241 498 2307 scribitur
523 2243 615 2308 Dens
645 2243 722 2308 olim
750 2245 952 2324 descendisse,
986 2245 1130 2325 ivisse,⁴)
1183 2242 1317 2306 idealem
1354 2243 1508 2307 rationein
1545 2242 1602 2306 tibi
1640 2263 1701 2306 nou
1735 2244 1847 2325 placet,
1894 2246 2029 2311 dicatur
2074 2270 2164 2314 sermo

146 2328 276 2407 venisse,
293 2328 393 2407 pedes
416 2348 492 2393 suos
513 2328 665 2394 locandos
686 2330 753 2410 ipsi
773 2329 925 2395 Abrabae
945 2329 1131 2394 extabuisse.
1182 2333 1430 2408 repraesentans,
1466 2327 1590 2392 dicatur
1611 2348 1680 2391 acin
1704 2328 1807 2395 Paulo
1834 2330 2020 2412 relucentia,
2056 2334 2163 2417 fulpor,

154 2412 240 2477 Vera
275 2433 327 2476 res
363 2417 440 2490 erat,
475 2433 536 2477 non
566 2415 786 2497 praestipium,
827 2416 924 2479 etiam
960 2420 1033 2493 [pag.
1056 2419 1129 2493 590]
1182 2413 1339 2494 splendor,
1361 2413 1557 2496 refutpentia.
1603 2413 1727 2478 Nullibi
1747 2435 1825 2479 sane
1844 2417 1966 2482 dieitier
1985 2439 2056 2483 esse
2077 2422 2162 2500 λόγος,

145 2497 264 2562 secluso
286 2498 391 2580 ampeli
411 2497 605 2563 ministerio:
637 2499 718 2564 sient
749 2521 827 2565 vcra
859 2521 911 2565 res
938 2506 1014 2579 erat,
1048 2501 1130 2580 quod
1182 2501 1345 2577 sacratio,
1368 2498 1745 2579 puinsitidealisratio,
1766 2503 1939 2566 relucentia
1958 2507 2007 2569 rei
2027 2506 2159 2570 oderim.

146 2583 302 2647 descondit
334 2583 468 2663 spiritus
502 2587 631 2648 sanctus
658 2585 695 2648 in
719 2582 887 2651 Christum.
933 2585 1042 2650 Motus
1063 2591 1131 2650 erat
1186 2584 1296 2648 Oninis
1318 2605 1438 2665 quoque
1463 2586 1621 2664 sapientia
1648 2591 1693 2649 est
1717 2587 1876 2652 victimalis
1896 2589 2084 2655 relucentia.
2127 2591 2160 2655 In

145 2669 267 2732 ratione
289 2668 459 2733 adiunctae
480 2674 651 2743 creaturae,
673 2689 735 2733 non
758 2672 880 2735 ratione
901 2672 1042 2736 deitatis:
1063 2672 1130 2735 nisi
1182 2674 1309 2735 odana
1336 2669 1402 2733 Dei
1435 2670 1501 2734 luce
1533 2670 1684 2735 relucebat
1713 2672 1858 2735 Uteristns
1883 2674 2033 2756 ploriose,
2069 2678 2103 2741 ob
2133 2676 2160 2741 ii

146 2758 264 2819 motum
294 2753 384 2819 duas
410 2755 505 2819 iuncta
529 2754 655 2836 formae
675 2754 830 2822 enbibitae
857 2757 992 2836 modum,
1026 2777 1131 2822 secun-
1181 2755 1283 2819 dictus
1305 2754 1476 2819 relucentia
1495 2754 1642 2838 ploriosa,
1665 2756 1759 2820 Hebr.
1788 2763 1815 2822 1.
1861 2757 1948 2824 Erat
1969 2760 2117 2826 Obmstus
2132 2764 2158 2825 in

146 2839 223 2904 dum
254 2858 343 2919 quern
366 2839 447 2905 locos
467 2839 616 2919 mutabat,
640 2841 715 2906 loeis
733 2842 780 2905 ita
797 2862 830 2906 se
846 2842 1000 2907 exbibens.
1027 2842 1130 2922 Quan-
1182 2840 1251 2906 Deo
1291 2841 1403 2921 prima
1446 2841 1643 2924 refulpentia,
1683 2844 1795 2923 prima
1839 2846 1986 2910 vinnium
2021 2850 2157 2929 potantia

145 2943 241 3007 qnam
263 2928 340 2988 esset
361 2924 408 2989 ibi
429 2925 566 3008 ampulas,
599 2927 636 2990 in
657 2926 766 3009 aiipclo
789 2931 858 2992 erat
878 2926 976 2992 Deus.
1028 2926 1131 2992 Visus
1183 2927 1290 2991 munia
1312 2928 1468 2991 coritinens
1489 2928 1657 3007 sapientia,
1679 2929 1820 2994 oncnibns
1843 2931 1877 2992 in
1899 2934 2062 2997 creatione
2079 2954 2156 2998 mern

146 3009 239 3075 Deus
261 3009 466 3089 descendebat,
499 3016 529 3074 et
549 3011 686 3092 spiritns
707 3013 775 3094 ipse
795 3017 931 3091 sanetus,
962 3013 1020 3093 qui
1040 3011 1131 3078 Deus
1183 3013 1322 3077 ordinem
1338 3011 1501 3093 praeberes,
1536 3013 1619 3077 velut
1650 3035 1689 3077 ev
1720 3034 1753 3078 se
1781 3015 1855 3095 ipsa
1882 3019 2044 3098 seriptum
2066 3020 2156 3103 (lepra

145 3101 201 3173 est,
224 3095 440 3160 descendebat:
471 3115 526 3159 nec
558 3095 595 3160 ob
628 3096 665 3160 id
695 3102 742 3162 est
775 3102 913 3162 mutatm
940 3097 1038 3177 Deris,
1065 3099 1131 3180 for·
1182 3117 1277 3163 mens.
1324 3098 1367 3161 In
1394 3098 1484 3162 verbo
1512 3105 1603 3163 erant
1629 3101 1735 3164 omnia
1761 3121 1823 3181 per
1847 3103 2044 3168 creationem
2066 3125 2103 3169 ca
2120 3107 2155 3168 ia·

145 3200 232 3246 mam
271 3185 387 3245 certam
426 3179 573 3246 eubibens
612 3187 640 3246 a
667 3183 875 3265 patefaciens.
937 3182 979 3247 In
1015 3185 1130 3267 onpelo,
1181 3183 1359 3249 visibilibus
1378 3183 1465 3265 facta
1485 3183 1635 3261 visibilia,
1657 3190 1685 3248 et
1705 3186 1831 3250 verbum
1852 3188 1972 3268 ipsrcm,
2008 3197 2102 3255 antea
2119 3192 2154 3253 in

146 3265 296 3332 Abrabae
317 3266 393 3344 viso,
429 3271 499 3329 erat
527 3268 634 3348 forino
659 3266 787 3347 Ultristi,
821 3270 927 3349 forma
955 3270 1068 3348 lucens,
1104 3275 1133 3334 et
1182 3268 1314 3348 visibile,
1331 3290 1364 3333 se
1382 3268 1521 3334 enteibnit
1536 3269 1675 3334 visibile:
1691 3272 1789 3352 prius
1809 3272 1928 3337 occulta
1946 3277 2043 3354 ratio,
2061 3276 2154 3343 dando

146 3353 213 3417 viso
235 3350 342 3434 ampelo
369 3352 468 3415 siniul
488 3352 580 3417 Deus
606 3352 779 3433 videbatur,
813 3355 938 3419 verbum
969 3355 1132 3421 videbatur
1183 3355 1370 3437 manifestus
1391 3375 1497 3419 servio.
1542 3354 1678 3420 Eastitit
1705 3357 1808 3421 luneen
1837 3358 1875 3420 de
1897 3359 2032 3439 lumine,
2069 3363 2153 3426 lernen

148 3435 303 3515 Oteristus,
325 3436 360 3500 E
365 3437 471 3501 tobim.
528 3438 574 3501 At
594 3440 742 3518 quomodo
775 3441 810 3504 in
839 3441 946 3524 aripelo
979 3441 1133 3506 relucebat
1184 3460 1342 3521 apparens
1371 3441 1408 3503 de
1436 3439 1556 3504 lumine
1588 3461 1650 3505 non
1686 3447 1861 3523 apparente.
1927 3444 2014 3510 Idea
2044 3445 2153 3522 Christ

146 3521 247 3602 Dens,
274 3521 427 3587 relucebat
449 3522 618 3588 Olrristus?
664 3524 776 3605 Ipsam
809 3526 912 3609 anpeli
944 3532 971 3591 et
1005 3529 1132 3591 animae
1183 3531 1275 3591 antea
1314 3526 1574 3605 imperceptibilis,
1614 3547 1648 3591 se
1682 3533 1802 3607 postea,
1842 3533 1878 3590 ut
1917 3549 2038 3610 corpus
2075 3531 2152 3607 verbi,

148 3614 273 3674 murae
313 3606 522 3672 substantiam
556 3614 702 3689 penetrat
736 3612 832 3689 intus,
872 3616 899 3676 et
933 3613 1041 3691 implet
1074 3613 1131 3675 lue
1180 3611 1406 3692 perceptibilem
1427 3610 1575 3688 retribuit,
1600 3613 1753 3677 visibilem
1775 3618 1804 3676 et
1822 3614 2021 3696 tanpibilcm.
2070 3617 2153 3700 Spiri-

147 3693 240 3773 verbi,
264 3694 344 3756 sicut
365 3693 517 3757 luceolis
539 3702 642 3759 airam
664 3700 812 3774 penetrat
839 3702 866 3760 et
887 3698 1002 3778 implet.
1047 3697 1132 3762 Erat
1183 3703 1234 3761 tus
1256 3717 1373 3777 quoque
1395 3697 1430 3760 in
1450 3695 1611 3780 archetypo
1632 3699 1768 3775 divinus,
1795 3703 1831 3761 nt
1852 3701 1993 3778 spiritus
2017 3704 2091 3767 idea
2110 3704 2153 3765 in·

146 3799 257 3844 nomen
284 3778 350 3844 Dei
385 3779 420 3841 in
455 3780 556 3844 medio
591 3780 702 3862 capeti,
736 3779 828 3846 Deus
859 3782 926 3862 ipse
960 3784 995 3845 iu
1027 3783 1130 3847 media
1179 3781 1392 3863 perceptibilis
1414 3784 1576 3860 exsistens,
1605 3789 1679 3862 post
1711 3784 1896 3847 creationem
1925 3806 1960 3850 se
1981 3787 2151 3871 perceptibi

147 3865 251 3948 ampeli
273 3865 459 3929 substantia.
507 3865 609 3930 Euod.
632 3872 688 3928 23.
745 3866 829 3946 Quid
851 3866 940 3946 obest,
963 3869 1131 3948 pacominus
1182 3869 1241 3931 lem
1262 3867 1409 3946 eatiibuit,
1432 3873 1459 3931 et
1480 3869 1586 3931 omnnia
1608 3868 1754 3948 implevit.
1798 3868 1853 3932 Ea
1874 3891 1928 3935 res
1956 3875 2083 3939 trullam
2103 3872 2151 3937 Da

146 3952 182 4015 in
205 3950 312 4032 ampelo
334 3950 491 4013 videretur
507 3951 572 4015 Dei
589 3950 646 4015 lua
662 3951 811 4015 verbnm?
832 3953 1013 4035 donrpelus,
1036 3954 1130 4034 quasi
1181 3954 1218 4017 in
1239 3973 1272 4016 se
1294 3953 1400 4034 ipsum
1421 3953 1528 4033 arpuit
1549 3953 1664 4016 realem
1684 3954 1841 4032 actionem,
1865 3962 1925 4021 aut
1945 3959 2152 4040 sufflationem,

145 4037 399 4118 transformatus,
434 4036 589 4101 diceretur
622 4037 695 4118 quis
727 4037 821 4117 qnasi
853 4036 968 4102 Deus?
1025 4040 1063 4103 Si
1095 4040 1130 4102 in
1182 4038 1235 4103 secl
1257 4040 1292 4102 in
1313 4043 1484 4103 creaturas.
1533 4039 1616 4118 Quid
1637 4040 1743 4122 ipitur,
1770 4041 1905 4120 inquies,
1942 4049 2017 4109 ante
2045 4047 2152 4111 meatu

146 4122 223 4188 aliis
244 4123 409 4200 uenturis,
440 4123 506 4187 luce
528 4123 718 4204 informatis,
741 4143 849 4203 paene
869 4125 993 4187 videtur
1014 4126 1131 4207 etpol·
1182 4144 1251 4188 nem
1273 4124 1383 4206 apebat
1404 4123 1520 4188 Deus?
1564 4123 1606 4188 Icl
1627 4125 1742 4205 ipsum,
1764 4127 1846 4206 quod
1867 4148 1953 4192 nunc
1975 4133 2054 4213 epit.
2099 4128 2152 4194 Sibi

140 4213 241 4291 patnr
263 4207 360 4283 Deus,
393 4207 489 4271 multo
520 4209 638 4289 fortius
669 4209 705 4271 in
739 4209 848 4291 anpelo
878 4209 942 4287 illo,
976 4215 1003 4273 et
1034 4210 1129 4274 multo
1181 4210 1248 4274 iam
1269 4214 1359 4273 mant
1380 4210 1485 4273 ornnia
1507 4211 1698 4290 praesentia,
1734 4216 1761 4274 et
1792 4218 1959 4279 uenturas
1992 4237 2073 4281 snas
2101 4219 2151 4280 ian

146 4295 260 4358 iterum
280 4293 398 4373 fortius
420 4293 456 4356 in
480 4291 610 4358 Uteristo.
666 4293 889 4358 Inoarnatione
911 4315 981 4376 erpo
1002 4316 1065 4359 non
1086 4301 1131 4360 est
1182 4299 1254 4361 tuno
1275 4294 1449 4377 attinpdnat.
1496 4293 1573 4358 Sine
1593 4300 1726 4376 ternpore
1747 4295 1837 4360 Dens
1871 4304 1919 4362 est
1948 4307 2041 4366 acties
2074 4309 2151 4367 aeter·

145 4383 301 4444 metatum
322 4379 457 4455 verbum,
494 4381 550 4444 sed
582 4383 746 4458 assumpta
773 4399 846 4444 caro
876 4385 920 4442 est
949 4382 983 4443 in
1004 4381 1130 4444 verbum
1182 4401 1251 4459 nus,
1275 4381 1308 4443 in
1330 4385 1491 4444 creaturas
1510 4401 1631 4460 semper·
1652 4402 1754 4464 opens.
1786 4382 1827 4446 Se
1847 4385 1958 4463 ipsunt
1981 4393 2087 4453 aium
2105 4405 2150 4450 reon

146 4464 381 4545 monsformata.
425 4464 558 4528 Verbum
576 4466 743 4529 illuderet
760 4464 1010 4530 substantialiter
1029 4467 1128 4546 filius,
1181 4467 1229 4530 ita
1251 4465 1443 4543 immutabat,
1465 4471 1500 4528 ut
1521 4471 1556 4528 tu
1578 4486 1647 4530 cum
1669 4466 1819 4548 sophistis
1841 4470 1961 4535 illusus
1981 4474 2150 4538 intrinsecas

147 4551 250 4630 quoad
278 4550 445 4613 essentiam
469 4552 600 4630 formae,
635 4552 780 4631 quamvis
808 4551 944 4614 nondum
970 4558 1047 4616 essct
1075 4552 1130 4616 ad·
1181 4551 1283 4616 reales
1316 4551 1451 4615 actiones
1484 4557 1512 4614 et
1543 4552 1750 4617 derivationes
1780 4553 1888 4637 napa.
1955 4557 1995 4621 Si
2024 4566 2089 4623 erat
2115 4556 2148 4621 ibi

145 4637 251 4699 iuncto
272 4640 373 4698 terrea
390 4636 499 4699 carnis
518 4637 661 4715 materia,
683 4655 763 4717 quoe
780 4641 825 4699 est
843 4656 915 4700 vere
936 4636 974 4699 de
996 4639 1129 4702 essentia
1182 4637 1270 4715 actio,
1293 4642 1359 4700 erat
1380 4642 1408 4700 et
1422 4637 1542 4717 passio.
1580 4640 1664 4703 Ante
1684 4640 1875 4720 creationem,
1898 4643 1930 4706 si
1948 4643 2056 4708 Deum
2077 4647 2107 4708 in
2123 4660 2148 4705 sc

145 4718 216 4799 filii.
269 4720 402 4783 Verbum
424 4721 533 4800 ipsum
554 4727 622 4787 crat
639 4743 710 4786 vere
733 4719 880 4786 Obristus
901 4720 997 4800 borno,
1024 4724 1129 4805 qeeoad
1181 4723 1227 4786 ibi
1248 4723 1428 4799 cornsidcres,
1464 4743 1525 4786 non
1554 4729 1621 4787 erat
1647 4725 1715 4788 eius
1738 4728 1814 4803 [ang.
1839 4733 1918 4805 592]
1945 4731 1980 4793 in
2009 4751 2042 4794 se
2061 4732 2147 4812 epira

146 4874 352 4882 -ῌ
1182 4813 1270 4871 actus
1299 4808 1426 4888 aliquis,
1460 4828 1520 4871 non
1549 4810 1627 4873 aetio
1650 4809 1762 4890 aliqua
1777 4812 1799 4892 ¹)
1832 4814 1946 4878 realis.
1994 4816 2065 4880 Non
2094 4815 2146 4877 aot

215 4955 245 5019 1)
264 4955 315 5009 fuit
1179 4895 1315 4973 spiratio
1332 4894 1478 4973 passiva,
1509 4913 1570 4957 non
1591 4915 1642 4958 res
1664 4896 1775 4977 aliqua
1796 4899 1934 4979 spirata.
1995 4902 2065 4966 Non
2093 4902 2144 4962 aut

213 5024 245 5091 2)
262 5027 310 5078 Ae.
1181 5068 1385 5074 ---μω-

214 5092 245 5160 3)
262 5100 413 5148 moveatur.

214 5161 244 5228 4)
263 5163 376 5217 misisse.
1250 5166 1278 5231 1)
1297 5175 1374 5222 aetus
1393 5167 1497 5235 aliquis.
