4620 5894
167 198 213 264 aa
995 182 1060 253 DE
1080 184 1356 297 SOANDALIS.
2145 190 2191 253 aa

171 386 299 454 frustra
325 381 406 449 dicit
434 381 597 462 Christus,
634 379 809 464 loquutum
842 399 878 445 se
910 377 1079 463 discipulis
1110 398 1155 444 ne
1207 395 1268 443 nos
1297 372 1462 457 detincat,
1497 375 1660 462 quomodo
1688 375 1845 443 Christus
1878 376 2084 462 ignosceret?
2135 376 2189 445 Ac

172 469 440 541 scandalizentur
461 467 592 553 (Ioann.
612 461 663 546 16,Ι
683 465 726 549 1).
770 464 887 548 Neque
914 464 1005 531 enim
1026 463 1092 531 alia
1113 463 1155 529 de
1206 461 1292 528 tales
1314 462 1448 547 quidem
1469 483 1549 530 vere
1569 468 1604 528 et
1623 469 1700 546 apte
1717 462 1824 547 porois
1842 464 1989 531 conferre
2006 464 2094 545 licet,
2115 461 2191 548 qui·

173 576 274 627 eausa
300 553 472 624 vincendis
506 559 565 620 aut
596 549 812 638 profligandis
844 549 1009 651 scandalis
1040 570 1155 651 sumus
1208 547 1269 615 bus
1290 548 1336 649 ob·
1350 549 1500 616 nativum
1521 548 1656 615 foetoris
1676 569 1837 630 amorem,
1864 549 1951 616 nihil
1975 553 2113 619 suavius
2139 554 2192 615 est

172 662 428 797 tutet:
441 636 1040 808 rttlrttttb‘bms‘tttt
1060 634 1156 788 tlt
1206 644 1581 820 ffibsslffi
1596 634 2193 806 hutttttttltftstttt

173 809 842 897 offendereeosquioffenduntssoann.
865 810 1001 891 11,10).
1045 806 1156 891 Quor·
1207 826 1277 874 srve
1298 807 1412 873 offerri
1432 808 1496 875 sibi
1524 807 1699 908 gaudeant,
1722 806 1795 875 dira
1814 817 1930 876 manet
1944 808 2010 876 Dei
2035 809 2129 888 ultio,
2151 811 2193 872 ιιι

173 922 250 969 sum
271 906 383 967 autem
403 897 463 971 lux
484 896 660 982 evangelii,
688 895 755 962 nisi
775 903 815 962 ut
831 894 921 963 viam
939 891 1156 961 monstrando
1207 892 1398 976 quotidiana
1420 892 1627 975 offendicula,
1651 900 1686 960 et
1707 893 1772 962 alia
1793 895 1867 962 aliis
1889 895 2015 977 addita,
2041 896 2133 981 ipsos
2152 892 2192 958 in

172 986 274 1056 simul
294 986 395 1052 etiam
417 982 572 1051 scandala
588 981 693 1049 oeulis
713 981 890 1050 subiiciat?
934 981 1048 1065 Atqui,
1070 980 1157 1047 dicet
1209 984 1383 1045 aeternum
1411 980 1552 1046 exitium
1579 980 1783 1066 demergent.
1828 981 1886 1050 Sic
1913 982 2004 1050 enim
2025 983 2112 1051 serio
2132 1001 2192 1047 ex·

172 1071 346 1158 quispiam,
368 1069 643 1155 impedimentum
664 1067 766 1135 etiam
786 1068 816 1134 si
838 1067 1053 1151 conspicitur,
1082 1087 1156 1133 cur·
1208 1066 1371 1149 oaecari¹l
1396 1085 1537 1150 aequum
1562 1076 1630 1148 est,
1657 1067 1713 1151 qui
1739 1074 1859 1152 sponte
1886 1069 2128 1152 caecutiunt22)
2150 1070 2192 1134 ut

109 1170 112 1175 '
172 1178 248 1227 sum
269 1164 384 1224 tamon
401 1157 597 1241 abrumpere
619 1174 688 1220 non
709 1152 848 1221 desinet
892 1153 966 1238 Ego
988 1151 1156 1221 veroium
1208 1150 1343 1217 tandem
1364 1150 1613 1221 immedicabilis
1635 1154 1679 1221 sit
1687 1153 1831 1221 morbus.
1864 1153 1936 1223 Nos
1946 1155 2075 1223 interea
2085 1177 2191 1243 quum

173 1243 317 1324 ostendi,
345 1243 410 1309 nisi
430 1243 565 1328 propria
591 1241 685 1308 nobis
706 1240 860 1306 mollities
885 1240 1008 1321 obstet,
1036 1236 1079 1305 ad
1100 1259 1156 1305 su·
1209 1235 1383 1304 Christum
1401 1237 1573 1306 audiamus
1585 1239 1736 1306 omnibus
1747 1240 2007 1321 maledicentem,
2026 1242 2083 1326 qui
2094 1264 2199 1311 suan·-

171 1328 321 1415 peranda
341 1328 477 1413 quaevis
498 1326 655 1395 scandala
675 1325 851 1394 Christum
867 1345 975 1391 unum
995 1325 1155 1405 sufficere,
1210 1322 1324 1389 dolum
1343 1324 1484 1391 infirmis
1501 1324 1661 1410 praebent
1678 1326 1815 1410 (Matth
1830 1332 1879 1406 18,
1900 1328 1944 1413 7),
1963 1327 2132 1396 sollicitae

194 1436 275 1482 uum
296 1413 430 1481 coelesti
451 1433 513 1481 sua
539 1414 664 1480 virtute
685 1432 787 1497 supra
812 1411 974 1478 mundum
995 1431 1057 1477 nos
1079 1431 1156 1477 eve-
1209 1428 1282 1474 ram
1302 1408 1426 1490 demus,
1445 1431 1488 1476 ne
1506 1410 1594 1496 quod
1611 1412 1949 1480 omninoseandalum
1959 1421 2075 1482 nostra
2146 1434 2192 1500 pa

172 1436 241 1567 hat
285 1498 386 1583 Quod
407 1500 437 1566 si
457 1498 621 1580 scandalo,
644 1498 731 1583 quod
747 1499 863 1565 invitis
882 1506 917 1564 et
937 1496 1156 1582 fugitantibus
1209 1493 1344 1562 accidat
1387 1495 1581 1578 Caeterum,
1609 1497 1741 1583 quando
1768 1500 1916 1582 reprobis
1938 1508 1972 1566 et
1992 1499 2118 1568 mundo
2137 1502 2191 1567 in·

171 1587 324 1667 incurrit,
346 1591 416 1651 tam
437 1586 566 1652 fortiter
588 1593 639 1652 est
660 1583 898 1664 resistendum,
926 1583 1037 1650 minus
1056 1581 1156 1647 habe-
1211 1581 1343 1648 credulo
1371 1581 1547 1649 Christum
1579 1583 1726 1669 lapidem
1764 1584 1911 1652 scandali
1941 1606 2014 1653 esso
2050 1593 2189 1671 oportet,

172 1673 259 1741 bunt
290 1672 526 1752 excusationis,
566 1672 624 1755 qui
655 1669 697 1737 ad
729 1669 885 1737 scandala
917 1669 982 1754 ipsi
1015 1667 1157 1754 quadam
1210 1666 1307 1733 modo
1336 1667 1442 1735 simus
1469 1676 1565 1735 extra
1592 1668 1738 1754 culpam,
1776 1670 1818 1737 ad
1846 1671 2003 1738 scandala
2025 1671 2192 1758 intrepide

173 1758 279 1825 animi
298 1758 463 1842 pravitate
484 1764 563 1823 sunt
578 1756 750 1842 proclives.
784 1756 826 1821 Id
846 1755 979 1821 Iudaeis
1000 1753 1157 1822 accidisse
1210 1752 1418 1838 excipienda,
1446 1756 1572 1840 quoties
1595 1776 1635 1822 es
1654 1756 1786 1841 ingeret
1807 1755 1929 1838 Satan,
1956 1758 2011 1825 vel
2038 1759 2109 1827 solo
2134 1758 2193 1826 illo

173 1843 331 1909 admonet
361 1843 502 1922 Paulus,
535 1845 592 1927 qui
625 1863 729 1926 quum
760 1863 804 1907 ex
842 1842 988 1925 professo
1020 1841 1157 1906 minime
1209 1837 1337 1906 Christi
1366 1840 1464 1906 titulo
1491 1842 1595 1909 simus
1622 1844 1750 1909 muniti.
1796 1842 1905 1910 Simul
1932 1844 2037 1911 altera
2064 1843 2192 1911 Chr-isti

173 1928 368 1997 scandalum
389 1936 568 2013 captarent,
591 1930 670 2012 quia
691 1937 805 1994 tamen
816 1928 881 1996 Dei
903 1928 1059 2006 iustitiae,
1080 1947 1156 2011 pro-
1210 1926 1377 1991 sententia
1403 1926 1439 1992 in
1465 1935 1612 1994 mentem
1638 1929 1757 1996 veniat.
1802 1930 1889 1996 Nam
1918 1951 2021 2012 quum
2051 1930 2192 1998 adieci·

196 2017 281 2082 riam
309 2014 457 2082 volentes
485 2015 649 2094 stabilire,
678 2035 748 2079 non
774 2014 909 2080 fuerunt
937 2013 1091 2092 subiecti,
1120 2013 1157 2078 in
1181 2026 1184 2087 ι
1211 2010 1299 2094 pulis
1331 2012 1495 2078 obiectum
1529 2022 1629 2094 essct,
1671 2015 1794 2081 offendi
1825 2016 2037 2082 Pharisaeos:
2077 2034 2192 2084 secure

172 2036 348 2168 Christum
365 2101 577 2186 impegerunt
596 2101 705 2185 (Rom.
727 2105 776 2180 10,
796 2099 847 2199 3>:
868 2099 1013 2183 adeoque
1031 2098 1157 2164 exitiali
1182 2102 1184 2107 '
1210 2097 1317 2162 omitti
1338 2119 1393 2164 cos
1415 2097 1515 2175 iubet,
1538 2101 1615 2184 quia
1632 2102 1720 2167 caeci
1741 2101 1818 2181 sint,
1842 2122 2070 2169 monacorum
2092 2103 2192 2170 duees

172 2187 347 2271 naufragio
359 2194 518 2271 tanquam
529 2185 571 2252 ad
581 2186 752 2270 scopulum
768 2185 854 2251 allisi
864 2185 1007 2252 fuerunt.
1029 2185 1157 2250 Eorum
1212 2183 1548 2270 (Metth.15,14).⁸)
1597 2185 1702 2251 Addit
1728 2209 1857 2271 quoque
1883 2189 2015 2272 insigne
2047 2187 2189 2256 dictum:

173 2294 254 2339 vero
265 2274 323 2355 qui
334 2272 444 2338 oblata
461 2271 617 2339 seandala
634 2271 776 2338 libenter
788 2272 962 2356 arripiunt,
984 2271 1040 2337 vel
1057 2271 1157 2335 etiam
1212 2267 1332 2336 Omnis
1353 2268 1526 2354 plantatio,
1547 2291 1647 2355 quum
1668 2295 1735 2338 non
1757 2274 1959 2357 plantaverit
1975 2282 2070 2359 pater
2087 2295 2190 2353 mens,

174 2357 290 2442 procul
302 2357 418 2423 dissita
428 2358 546 2440 cupide
557 2364 738 2435 accersunt,
757 2356 895 2422 minime
915 2355 1094 2422 tolerabilis
1106 2364 1157 2421 est
1211 2354 1431 2421 eradicabitur
1453 2357 1588 2442 (Matth.
1611 2363 1659 2436 15,
1682 2360 1745 2439 13).
1778 2359 1832 2424 Ita
1850 2380 1929 2426 sane
1948 2369 1999 2426 est
2015 2361 2192 2445 agendum,

199 2443 385 2509 erversitas.
437 2442 527 2524 Quid
555 2442 666 2509 enim?
717 2441 830 2524 Quum
858 2450 999 2508 testetur
1029 2441 1158 2508 Paulus
1182 2478 1185 2519 ς
1210 2448 1250 2506 ut
1271 2442 1420 2508 omnium
1443 2442 1550 2522 saluti,
1573 2444 1681 2527 quoad
1699 2445 1785 2524 lieet,
1809 2445 2014 2512 studeamus:
2037 2447 2096 2513 sed
2115 2445 2193 2530 quia

173 2465 655 2613 lPhfl.3‚14>scantecctam
673 2530 778 2595 vitam
796 2528 954 2608 oblivisci,
972 2536 1011 2594 ut
1028 2527 1070 2593 ad
1087 2527 1158 2610 pal·
1182 2524 1185 2593 !
1210 2527 1305 2593 nobis
1332 2526 1447 2593 dat-um
1475 2551 1543 2594 non
1572 2536 1646 2610 [pag.
1673 2537 1746 2611 110]
1776 2540 1826 2597 est
1851 2553 1906 2597 eos
1935 2553 2084 2612 servare,
2112 2552 2193 2615 quos

173 2636 266 2764 mam
284 2635 447 2714 supernae
465 2616 644 2682 vocationis
653 2621 825 2766 lproperess,
844 2622 942 2697 atque
960 2614 1002 2679 ad
1020 2614 1158 2680 eundem
1182 2634 1186 2745 4
1210 2614 1303 2766 ἓξὲξ
1322 2614 1423 2713 exitio
1441 2613 1600 2766 divollill
1608 2615 1699 2766 lqugd
1716 2618 1811 2768 polll’
1830 2627 1956 2718 pereat:
1980 2626 2024 2769 ιιιι1
2035 2627 2086 2683 est
2106 2616 2193 2768 llmd

174 2707 690 2867 dlldltdndtdoneetlilsusrho[ddgellllllall
711 2708 1157 2870 1idiardlerddlrlhruqadisdroraalrlu
1182 2750 1185 2837 l
1212 2701 1577 2885 crucigrlhndnlichluh
1598 2701 1765 2867 libuislset,
1794 2706 2194 2874 ghasdhnlaobhqudseald

172 2871 289 2956 procul
311 2872 446 2956 impune
466 2871 660 2957 conquiret?
705 2872 830 2940 Iamsi
851 2873 887 2938 in
908 2872 1041 2939 Iudaeis
1062 2893 1157 2956 prae·
1211 2870 1274 2936 hoc
1291 2878 1438 2937 rat1ones
1456 2873 1618 2940 excudere
1635 2884 1826 2958 promptum
1837 2886 1916 2942 erat.
1940 2877 1994 2943 Ab
2004 2877 2067 2943 hoe
2084 2881 2195 2943 autem

173 2964 345 3041 posterum
374 2957 484 3024 selum
511 2965 580 3024 tam
609 2979 723 3027 severe
750 2958 840 3024 ultus
868 2966 918 3024 est
940 2959 1049 3038 Deus,
1077 2955 1157 3041 quid
1212 2957 1348 3023 consilio
1361 2956 1442 3023 adeo
1456 2959 1620 3039 abhorret,
1639 2969 1677 3026 ut
1688 2984 1747 3046 pro
1758 2983 1880 3046 magno
1893 2961 2036 3029 absurdo
2048 2960 2194 3041 dueatsi

173 3045 323 3109 fcturum
345 3044 418 3111 istis
439 3050 606 3129 putamus,
629 3045 686 3128 qui
703 3046 844 3112 seientes
864 3064 902 3109 ae
923 3044 1072 3111 volentes
1093 3045 1157 3109 im·
1212 3043 1356 3108 tollatur.
1367 3043 1397 3128 ⁴)
1442 3042 1577 3112 Scilicet
1598 3048 1703 3114 fixum
1725 3050 1873 3129 tenebat,
1899 3049 1985 3132 quod
2013 3048 2093 3116 alibi
2116 3047 2193 3113 dicit

173 3130 233 3214 pin
280 3128 339 3194 ntl
385 3130 459 3196 Imo
485 3132 542 3215 qui
572 3131 662 3199 viam
689 3131 812 3214 alioqui
834 3130 969 3215 planam
991 3150 1053 3197 eon
1077 3129 1156 3197 estis
1214 3128 1466 3216 (acor.2,15):
1485 3133 1638 3215 quamvis
1656 3133 1737 3200 odor
1753 3136 1868 3201 mortis
1886 3134 2194 3218 simusreprobiein

172 3235 222 3283 un
247 3216 321 3300 'que
348 3215 512 3283 scandalis
539 3217 706 3284 obruunt?
754 3217 958 3283 Praesertim
986 3151 1076 3300 quidg
1094 3215 1157 3282 sibi
1214 3224 1365 3295 mortem,
1379 3236 1516 3286 suavem
1527 3217 1745 3286 nihilominus
1756 3226 1888 3288 odorem
1901 3220 2045 3287 nosDeo
2058 3222 2193 3304 spirare

172 3301 294 3369 veniae
315 3301 480 3385 reliquum
501 3303 636 3383 faciunt,
658 3303 716 3387 qui
734 3323 776 3369 ex
793 3301 968 3368 hominum
984 3303 1077 3369 vitiis
1099 3308 1158 3367 aut
1574 3304 1698 3373 LAUS
1720 3305 1827 3373 DEC.

175 3385 353 3455 sceleribus
380 3388 529 3473 clypeos,
558 3387 747 3473 repellendo
775 3389 862 3468 Deo,
896 3387 1117 3455 concinnant?
1130 3388 1156 3471 ¹)

174 3472 264 3538 Nam
285 3474 314 3539 si
331 3471 444 3540 fideles
467 3495 595 3558 quoque
616 3476 689 3560 ipsi,
712 3496 755 3540 ne
774 3473 854 3557 quid
871 3496 987 3541 eorum
1007 3475 1157 3541 eelerita-

174 3565 245 3624 tem
266 3566 423 3638 moretur,
448 3560 503 3625 alii
526 3561 607 3626 alios
626 3567 783 3628 vetantur
804 3563 965 3644 aspicere:
996 3561 1026 3627 si
1047 3561 1158 3628 oculos
1282 3574 1311 3641 1)
1333 3576 1482 3645 Potamia.-
1499 3582 1643 3635 exsecrari.

175 3644 275 3727 longe
297 3645 567 3727 circumferimus,
591 3645 668 3711 data
687 3648 827 3730 opera2)
855 3654 1050 3730 quaerentes
1071 3645 1159 3732 quod
1183 3670 1186 3759 q
1285 3644 1317 3780 ἐξ
1334 3646 2015 3774 ἓὲιὲῃὲιέιιέῧῐιιιιὲὲιιεὲὴιὲιίῗιῖιῖεθινῖιιιεοιὲᾗιιειέῑῶῗῆε
2033 3665 2113 3720 yeux.

1184 3778 1187 3847 Ι
1287 3782 1318 3850 4)
1338 3781 1403 3851 qu’il
1420 3783 1503 3839 debat
1520 3786 1577 3839 fort
1594 3794 1623 3840 et
1644 3787 1728 3842 ferme
1746 3803 1798 3855 que
1816 3803 1847 3842 ce
1865 3802 1900 3842 ne
1919 3788 2002 3842 seroit
2019 3789 2096 3855 point
2113 3787 2197 3842 servir

241 3848 272 3915 1)
291 3848 365 3903 aad.
384 3851 492 3905 sont-ils
511 3850 605 3919 dignes
623 3849 656 3905 de
674 3850 770 3905 lomois
790 3850 898 3905 obtenir
915 3850 1044 3919 perdor?
1185 3850 1188 3899 l
1219 3849 1330 3906 blesus
1348 3851 1440 3908 Christ
1458 3855 1549 3921 quand
1578 3855 1742 3910 ilvoudroit
1765 3871 1877 3979 regerer
1900 3871 1931 3910 sa
1947 3855 2117 3925 predication
2135 3853 2197 3909 d‘un

242 3917 273 3984 2)
294 3918 329 3972 de
346 3926 412 3988 guet
429 3920 446 3974 a
462 3919 544 3988 pend-
1185 3902 1189 3973 l
1217 3920 1257 3975 tel
1272 3919 1409 3976 scandale.
1427 3919 1465 3974 Et
1483 3924 1528 3990 qui
1546 3932 1631 3980 estes
1649 3925 1694 3993 qui
1709 3924 1735 3979 le
1745 3940 1793 3978 ren
1814 3926 1852 3979 cit
1870 3926 1892 3980 si
1909 3924 1993 3980 ferme
2006 3932 2036 3979 et
2053 3921 2197 3981 constant?
