4620 5894
1015 342 1079 408 ns
1101 306 1329 410 suavus?

594 630 691 743 VIlI.

429 809 633 893 Eiusdem
666 809 814 892 eidem.
830 805 855 888 ¹)

274 1043 318 1110 D.
341 1042 497 1111 Michaeli
519 1043 631 1109 Revos
652 1043 689 1108 in
710 1042 854 1111 Domino
877 1041 1005 1112 dilecto.

243 1213 285 1280 C.
309 1220 344 1280 et
364 1213 403 1280 P.
449 1214 491 1278 V'
517 1215 621 1280 esima
643 1215 784 1299 septima
805 1216 918 1281 Martii
940 1216 1052 1299 accepi
1074 1216 1132 1282 abs

156 1310 190 1367 te
212 1299 340 1378 literas,
369 1299 501 1365 Michae
541 1299 666 1367 dilecte.
716 1301 752 1367 Is
780 1301 838 1384 qui
866 1301 979 1366 attulit
1006 1322 1061 1368 eas
1089 1301 1132 1367 ad

155 1406 212 1452 me
233 1406 300 1451 non
322 1385 436 1451 rediit:
460 1384 558 1451 hodie
575 1384 710 1450 demum
728 1407 920 1470 responsum
943 1388 1046 1471 petiit.
1091 1386 1132 1453 Id

157 1474 205 1539 sio
227 1472 320 1536 habe.
364 1469 532 1555 Flagellas
551 1471 646 1535 initio
668 1493 731 1550 me,
754 1472 840 1555 quod
861 1471 944 1536 mihi
966 1472 1056 1538 solus
1078 1494 1131 1537 sa-

157 1579 236 1642 pere
268 1556 390 1622 videar.
436 1553 526 1636 Quid
552 1555 614 1621 sibi
642 1564 781 1656 uterque
807 1555 939 1623 videtur
966 1557 1131 1623 Dominus

158 1639 477 1711 novitatiudioabit:
496 1651 645 1707 nostrum
663 1641 821 1708 iudicium
843 1643 1025 1709 secundm
1043 1641 1131 1708 dicta

156 1728 299 1794 attacta
323 1727 396 1793 fieri
419 1725 523 1793 debet.
568 1726 747 1797 Confutavi
769 1736 828 1793 tua
849 1736 899 1806 ut,
928 1749 1038 1795 coram
1060 1729 1130 1793 Do-

156 1814 256 1890 mino,
279 1832 333 1877 me
350 1832 445 1894 posse
464 1825 497 1876 et
519 1811 638 1879 debere
656 1835 832 1896 persuasus
853 1835 936 1880 sum.
981 1815 1033 1879 lla
1052 1813 1131 1879 licet

156 1900 278 1966 refutet
305 1899 361 1980 qui
389 1904 496 1981 potest
525 1908 559 1963 et
585 1899 666 1963 vult.
721 1899 834 1965 Iustus
862 1921 923 1966 sua
949 1898 1029 1977 fide,
1061 1920 1130 1964 non

153 1984 264 2050 aliena
284 1983 376 2049 vivit

242 2071 388 2136 Accusas
408 2089 461 2133 me
507 2066 570 2133 uod
588 2067 650 2134 ado
674 2069 797 2135 tionem
814 2069 956 2136 filiorum
979 2069 1044 2134 Dei
1063 2091 1129 2134 non

157 2156 240 2222 facio
267 2155 434 2238 propriam
463 2089 622 2220 adventui
644 2091 770 2220 Christi
791 2156 826 2219 in
849 2175 993 2233 caruem,
1016 2165 1050 2221 et
1071 2155 1129 2220 ad·

151 2239 258 2307 ducis
280 2250 394 2305 contra
425 2260 493 2313 me,
523 2246 563 2304 ut
595 2240 654 2306 tibi
676 2240 818 2317 videtur,
851 2241 994 2306 Paulum
1018 2240 1129 2306 dicen-

154 2333 236 2391 tem:
261 2324 431 2391 Christum
444 2324 665 2390 advenissent
682 2347 737 2390 eos
759 2324 936 2392 redimeret
958 2327 1130 2410 quierant

154 2410 289 2476 obnoxii
310 2410 386 2494 legi.
430 2409 485 2475 Ita
507 2432 547 2475 ex
570 2410 623 2475 his
645 2411 780 2495 colligis,
809 2411 903 2476 idad
925 2411 1012 2494 quod
1034 2412 1127 2477 Deus

153 2497 245 2561 misit
264 2495 371 2560 filium
394 2516 491 2561 suum
513 2504 551 2560 ut
571 2497 681 2575 fieret,
704 2517 770 2560 non
792 2497 855 2560 fuit
875 2498 997 2563 factum
1021 2503 1127 2574 suma,

153 2582 245 2648 misit
272 2581 378 2645 filium
405 2602 500 2646 suum
530 2589 568 2644 ut
596 2580 804 2664 adoptionem
832 2582 974 2647 filiorum
1002 2583 1127 2665 accipe·

152 2674 228 2732 rent
255 2667 311 2749 qui
340 2675 436 2730 erant
467 2666 528 2730 sub
556 2666 642 2750 lege:
675 2688 753 2750 ergo
780 2688 819 2732 ea
847 2678 924 2732 ante
953 2689 1020 2733 non
1053 2668 1125 2733 fuit

152 2749 364 2834 Respondes,
393 2773 458 2816 uon
485 2752 549 2815 fuit
568 2753 630 2829 ita,
659 2760 697 2816 ut
719 2751 872 2818 Christus
900 2774 972 2817 eam
998 2753 1125 2818 attulit:

152 2846 187 2902 at
206 2839 340 2901 omnino
358 2856 424 2901 non
444 2837 545 2902 fuisse
568 2837 820 2920 adoptionemin
843 2838 927 2904 filios
938 2838 1005 2903 Dei
1027 2839 1126 2903 etiam

152 2930 258 2988 antea
303 2922 344 2986 Id
365 2943 445 2986 vero
467 2922 592 2987 Paulus
621 2930 794 3007 pernegat,
823 2945 888 2988 non
919 2944 989 3008 ego.
1035 2923 1125 3005 Quo-

152 3029 227 3072 rum
251 3008 360 3089 inquit
386 3015 437 3072 ost
465 3005 611 3090 adoptio,
647 3009 742 3074 Rom.
771 3013 807 3087 9,
836 3017 870 3073 et
896 3009 1025 3092 quoties
1051 3032 1127 3074 cum

151 3093 323 3176 seripturis
346 3099 508 3158 vocantur
535 3093 595 3157 tilii
617 3094 681 3158 Dei
703 3093 887 3172 Israelitac,
917 3094 1009 3161 Deus
1031 3102 1127 3179 pater

150 3199 275 3243 eorum.
328 3177 367 3243 Si
393 3179 460 3242 iam
489 3178 550 3242 filii
569 3179 634 3243 Dei
658 3180 757 3243 etiam
783 3188 860 3244 anto
882 3179 1053 3246 Christum
1073 3181 1126 3246 in·

149 3271 333 3340 carnetum,
355 3263 478 3327 mirum
496 3264 524 3327 si
542 3285 609 3327 non
622 3263 777 3346 adoptati.
802 3263 1024 3330 Crediderunt
1035 3275 1125 3330 vete-

151 3371 203 3415 res
226 3358 259 3414 et
281 3347 493 3414 erediderunt
513 3348 549 3412 in
573 3348 745 3414 Christum
767 3349 846 3414 licet
867 3359 1061 3428 venturum,
1092 3358 1126 3415 at

149 3435 202 3499 his
234 3435 291 3517 qui
324 3433 462 3499 credunt
494 3434 529 3499 in
551 3455 643 3512 eum,
677 3434 729 3501 his
758 3433 814 3499 dat
842 3435 927 3501 filios
950 3437 1013 3501 Dei
1042 3436 1123 3503 fiori.

152 3519 278 3585 Eadem
310 3519 383 3585 olea
410 3530 461 3585 est
486 3520 522 3585 in
544 3541 643 3602 quam
671 3539 732 3585 nos
759 3521 875 3586 inserti
903 3540 945 3586 ex
973 3521 1124 3602 oleastro,

150 3627 227 3672 cum
248 3605 297 3669 illi
319 3607 455 3670 fuerunt
475 3606 560 3671 rami
583 3606 758 3684 naturales,
788 3607 884 3671 Rom.
916 3611 964 3672 11.
1009 3606 1125 3673 Chris·

152 3699 206 3755 tus
240 3691 303 3755 fuit
335 3698 369 3755 et
396 3689 609 3756 mediatorem
644 3692 713 3775 egit
745 3691 847 3756 otiam
879 3700 1058 3775 antequam
1089 3695 1125 3758 in

151 3798 285 3841 earnem
303 3777 441 3854 veniret,
464 3776 522 3843 sed
539 3784 613 3860 post
634 3778 895 3844 incarnationem
918 3778 1028 3842 omnia
1045 3777 1126 3844 adeo

152 3862 281 3962 plenius
304 3883 402 3944 quam
425 3869 522 3928 antea
543 3862 717 3946 praestitit,
746 3871 783 3927 ιιι
805 3863 931 3929 dicatur
951 3864 1126 3931 innovasse

151 3968 272 4013 omma.

240 4034 292 4097 De
313 4032 526 4098 Eucharistia
547 4033 575 4098 si
604 4055 679 4098 mea
700 4034 803 4100 amice
824 4034 976 4119 legisses,
1004 4037 1051 4102 sio
1073 4056 1127 4100 me

154 4139 221 4182 non
243 4117 444 4203 flagellares,
472 4117 562 4183 haud
590 4121 678 4183 enim
706 4118 800 4185 video
822 4120 901 4203 quid
921 4123 1008 4187 inter
1036 4129 1126 4187 tuam

153 4214 187 4268 et
216 4224 325 4268 meam
359 4204 559 4269 sententiam
593 4205 731 4271 intorsit
793 4207 867 4289 Ego
900 4207 934 4270 in
975 4208 1127 4272 omnibus

153 4288 284 4371 seriptis
304 4289 387 4354 meis
407 4296 523 4368 testor,
557 4293 769 4373 praecipuum
797 4293 833 4355 in
852 4312 954 4358 coena
976 4312 1047 4358 esse
1070 4314 1127 4357 ex·

153 4374 349 4439 bibitionem
383 4374 528 4458 corporis
560 4384 595 4441 et
627 4377 798 4459 sauguinis
826 4376 952 4442 Christi
985 4379 1127 4444 realissi-

154 4480 253 4535 mam,
284 4459 361 4540 quia
382 4460 554 4525 coelestem
576 4469 610 4525 et
631 4462 846 4545 spiritualem.
890 4463 960 4529 Nee
981 4483 1127 4548 unquam

154 4543 244 4608 aliud
271 4546 459 4628 oppugnavi
490 4565 588 4626 qaram
616 4547 871 4629 impanationem
898 4558 932 4613 et
964 4549 1129 4615 carnalem

155 4627 451 4695 manducationem.
486 4631 623 4695 Roalem
641 4639 676 4696 et
696 4632 861 4699 efficacem
883 4656 1051 4717 nunquam
1069 4655 1129 4699 uo-

156 4716 243 4797 gavi.
289 4714 513 4781 Nihilominus
536 4727 646 4782 tamen
668 4725 783 4802 tropus
804 4721 910 4784 estin
932 4720 1042 4786 verbis
1060 4718 1130 4785 Do-

155 4800 255 4880 mini,
285 4802 362 4882 qnia
389 4802 465 4885 plus
493 4801 688 4887 intelligitur
714 4823 814 4885 quam
843 4803 972 4871 dicitur.
1027 4805 1130 4871 Panis

153 4886 339 4951 ostenditur
361 4895 394 4953 et
414 4889 592 4970 praebetur
620 4889 768 4955 sensibus
790 4896 824 4954 et
845 4890 944 4957 simul
966 4891 1041 4957 fidei
1073 4912 1132 4957 ex·

156 5078 359 5087 ——.--

231 5176 259 5242 1)
279 5176 328 5231 Ec
353 5177 422 5232 Mas.
442 5179 524 5233 Aret.
543 5176 612 5233 Seni.
633 5178 709 5235 Prot.
730 5179 844 5251 Argent.
858 5209 889 5220 -·
906 5179 991 5251 lnpr.
1012 5180 1137 5236 Robrica
1189 5181 1245 5232 teto
1262 5175 1349 5230 deleto
1371 5176 1454 5231 cerba
1477 5175 1630 5229 innuebant
1651 5191 1727 5230 nonn

157 5246 179 5298 1.
198 5246 214 5298 l.
231 5262 258 5314 p.
277 5244 329 5298 272
346 5262 368 5301 a.

2096 346 2163 410 sto

1185 529 1318 595 hibetur
1339 535 1374 594 et
1394 526 1537 595 traditur
1556 547 1678 613 corpus
1700 527 1847 608 Domini,
1869 528 1933 596 hoc
1953 535 2006 595 est
2027 529 2164 596 Domini

1186 614 1387 682 communio:
1411 620 1450 680 ut
1471 615 1574 681 simus
1596 614 1745 681 membra
1765 614 1836 680 eius
1858 613 1899 680 de
1920 634 2020 681 carne
2037 616 2109 683 eius
2129 624 2165 682 et

1186 699 1228 766 de
1255 698 1383 767 ossibus
1410 701 1490 766 eius.
1547 699 1642 766 Haeo
1671 698 1763 767 volui
1789 699 1988 783 respondere
2020 699 2063 765 ad
2094 708 2163 767 tua

1187 786 1284 852 Absit
1312 792 1350 849 ut
1376 805 1437 869 ego
1459 805 1479 850 a
1507 805 1608 851 coena
1630 783 1898 852 Christianorum
1919 784 2027 852 dicam
2049 786 2169 853 abesse·

1187 871 1368 938 Christum.
1398 871 1490 954 'Ipse
1508 871 1554 937 sit
1572 870 1662 937 iuter
1680 892 1741 937 nos
1759 878 1796 936 et
1817 870 1933 938 doceat
1953 871 2101 938 modeste
2122 870 2165 937 de

1186 956 1339 1022 omnibus
1360 955 1432 1023 eins
1453 957 1619 1042 mysteriis
1640 957 1819 1040 inquirere,
1841 967 1876 1022 et
1896 956 1931 1022 id
1952 957 2105 1025 invenire
2127 965 2167 1023 ut

1187 1042 1340 1109 vivamus
1361 1040 1430 1106 ini
1454 1062 1491 1108 so
1517 1049 1552 1108 et
1578 1042 1650 1125 ipse
1677 1042 1713 1108 in
1740 1040 1844 1108 nobis.
1888 1041 1986 1125 Quod
2008 1041 2166 1127 Capitoni

1186 1126 1347 1279 peripsisti
1364 1124 1513 1299 rpuhpapl
1531 1148 1667 1195 manum
1678 1148 1746 1194 non
1766 1126 1838 1193 tuit
1873 1127 2163 1197 ValeinOhristo.

1219 1235 1267 1299 rg.
1290 1214 1348 1296 viij
1429 1213 1485 1280 ''.¹

1792 1298 1839 1364 Μ.
1862 1298 2013 1367 Bucerus
2034 1307 2121 1367 tuus

1642 1912 1706 1979 IX.

1291 2086 1546 2172 Ambrosius
1575 2086 1811 2172 Blaurerus
1843 2085 2063 2173 Bucero.²)

1504 2287 1596 2371 (sane
1616 2288 1843 2372 aaran.)

1267 2493 1375 2572 Nosti,
1397 2493 1740 2572 charissimoBuoere,
1757 2493 1940 2559 cuiusmodi
1965 2494 2168 2560 virulentum

1181 2579 1331 2645 libellum
1371 2579 1524 2661 expuerit
1562 2579 1735 2664 Hispanus
1774 2578 1907 2661 quidam
1942 2579 2088 2646 Michael
2127 2581 2169 2645 de

1180 2664 1354 2731 Trinitatis
1382 2662 1563 2742 erroribus,
1596 2663 1679 2748 quod
1714 2684 1790 2730 cum
1824 2662 1957 2729 audiam
1976 2714 2123 2731 ......
2138 2668 2167 2747 ³)

1178 2750 1321 2834 probari,
1339 2757 1470 2815 tuarum
1488 2749 1634 2833 partium
1651 2749 1716 2815 erit
1733 2749 1830 2828 hunc,
1852 2751 2004 2816 omuibus
2024 2752 2168 2829 tentatis,

1179 2837 1214 2901 in
1237 2837 1327 2901 viam
1350 2855 1514 2913 revocare,
1543 2834 1665 2899 nolon
1691 2834 1742 2899 'us
1765 2835 1913 2917 rapiatur
1935 2836 2072 2902 iudaicis
2094 2838 2167 2902 istis

1179 2921 1408 3006 nugamentis,
1442 2919 1496 2985 vel
1525 2920 1614 2984 enim
1642 2940 1664 2984 n
1701 2919 1726 2983 il
1755 2939 1816 3002 ego
1843 2921 1934 3002 sapio
1956 2921 2011 2985 vel
2034 2922 2168 3004 scripsit

1179 3006 1300 3072 nebulo
1331 3005 1395 3071 ists
1428 3003 1713 3089 pestilentissimae
1746 3005 1781 3068 in
1808 3003 1983 3070 Christum
2016 3018 2167 3074 nostrum

1178 3091 1413 3176 blasphemias:
1433 3099 1533 3174 atque
1550 3090 1604 3156 hie
1616 3098 1710 3155 tuum
1721 3089 1879 3154 iudicium
1891 3089 2007 3156 avidus
2019 3102 2166 3175 expecto,

1179 3177 1265 3260 quod
1288 3184 1327 3242 ut
1347 3176 1388 3241 ad
1410 3196 1464 3241 me
1493 3174 1676 3258 perscribas
1700 3183 1734 3240 tc
1756 3174 1970 3241 vehementer
1992 3178 2091 3244 etiam
2114 3188 2165 3243 at-

1177 3282 1241 3346 que
1269 3263 1391 3327 iterum
1420 3260 1554 3327 obsecro
1581 3270 1616 3325 et
1643 3261 1797 3327 obtestor.
1866 3261 2022 3328 Gliscunt
2056 3262 2165 3330 adhuc

1177 3347 1283 3412 multa
1300 3345 1335 3411 id
1354 3367 1458 3431 genus
1475 3344 1630 3431 dogmata
1647 3344 1735 3430 apud
1752 3346 1979 3495 anabaptistae
1996 3347 2164 3431 quosdam,

1177 3440 1217 3508 ut
1247 3432 1302 3497 hic
1334 3433 1435 3497 etiam
1457 3431 1727 3498 nocentissimum
1760 3432 1848 3497 offen
1872 3434 1953 3497 crim
1989 3432 2088 3500 huius
2116 3435 2165 3499 roi

1177 3517 1402 3585 seminarium.
1424 3518 1546 3584 Actum
1557 3517 1622 3582 erit
1641 3519 1776 3583 omnino
1799 3516 1840 3583 de
1861 3517 2016 3583 ccclesiae
2038 3519 2165 3585 unitate

1177 3604 1244 3670 nisi
1266 3604 1320 3669 hio
1338 3624 1468 3668 summo
1490 3601 1599 3668 studio
1621 3602 1849 3686 advigilemus,
1878 3624 1920 3668 ue
1941 3604 2048 3670 cuivis
2069 3604 2164 3688 quid·

1178 3690 1229 3757 vis
1262 3691 1296 3754 in
1330 3688 1450 3773 vulgus
1483 3709 1639 3773 spargere
1672 3687 1770 3754 liceat
1802 3709 1886 3754 nevo
1919 3710 2070 3773 sparsum
2098 3691 2165 3754 iam

1179 3775 1302 3843 diutius
1324 3774 1504 3840 inhaereat
1524 3808 1567 3820 —
1587 3811 1625 3820 -
1644 3813 1686 3822 —

1222 3861 1316 3927 Bene
1338 3859 1421 3925 vale.
1466 3859 1662 3944 Esslingiaei
1686 3862 1728 3924 23
1746 3858 1941 3926 Decembris
1964 3863 2015 3925 31.

1775 3976 1780 3981 ·
1862 3945 2060 4013 Amhrosius
2082 3946 2118 4011 'll

1227 4763 1408 4890 idithim
1419 4762 1498 4819 Oonr.
1519 4763 1640 4819 Habenti
1660 4766 1692 4818 in
1709 4766 1835 4834 margine
1851 4764 1987 4822 camba
2011 4780 2078 4820 ann.
2095 4763 2165 4820 lesa

1253 4900 1284 4968 2)
1305 4900 1353 4955 Ec
1378 4900 1448 4956 Mas.
1465 4900 1550 4956 Aren.
1570 4899 1705 4955 aenam
1725 4900 1800 4957 Prot
1820 4902 1965 4972 Argentor.
1997 4902 2106 4957 Lettrce
2122 4900 2168 4956 di·

1185 4985 1275 5027 ceren
1295 4969 1374 5024 XVI
1388 4969 1468 5025 necle
1491 4969 1563 5023 ron.
1582 4969 1618 5022 A.

1256 5038 1287 5105 3)
1306 5038 1363 5093 Hie
1374 5038 1429 5092 dno
1440 5038 1481 5092 oet
1498 5039 1554 5092 trie
1566 5038 1649 5093 vnto
1661 5038 1781 5104 [ortam
1793 5054 1879 5093 nanc
1895 5039 2116 5108 epeinfflaberti
2125 5039 2168 5092 oie

1189 5109 1276 5164 deleto
1292 5112 1374 5177 etque
1392 5107 1536 5162 obliterata
1559 5111 1590 5161 at
1607 5108 1718 5161 omnino
1735 5108 1860 5228 lepinon
1897 5109 1994 5163 orent.
2032 5108 2167 5165 Fortasse

1728 5176 1758 5229 al
1767 5190 1798 5229 oe
1815 5177 1844 5230 th
1920 5190 1954 5231 oe
1971 5177 2075 5231 aliosne
2091 5177 2168 5230 aaron

1162 5296 1166 5315 ,
1190 5246 1284 5303 doctos
1300 5258 1417 5314 quom
1431 5243 1537 5311 fanan
1553 5243 1598 5298 aa
1614 5244 1703 5299 cerba
1720 5244 1870 5300 dnlcemn'
1885 5244 2000 5302 nolebat
