4620 5894
147 258 208 320 491
894 250 1163 323 nonantulo
1183 250 1419 320 RRRORUM
2102 258 2163 323 lat

149 439 214 505 alto
226 438 251 517 ¹)
274 441 483 524 pronuncias,
505 439 566 506 hoc
584 448 691 506 totum
714 462 785 507 esse
802 440 997 506 fabulosum.
1043 438 1129 521 Quis
1181 458 1262 522 quos
1284 439 1391 505 visum
1415 446 1474 517 est,
1503 445 1543 504 ut
1564 445 1677 505 tamen
1698 439 1817 507 efficax
1838 447 1915 522 [pag.
1939 448 1999 524 52]
2034 454 2162 511 maneat

148 531 187 589 tu
209 546 254 605 es,
277 532 315 590 ut
336 533 524 610 contempta
540 527 639 592 Pauli
660 526 847 607 autoritate,
869 547 928 610 per
949 546 1048 610 quem
1066 528 1127 593 sci-
1180 524 1295 590 foedus
1320 524 1404 589 illud
1431 524 1517 608 quod
1539 525 1633 591 Deus
1659 547 1736 593 eum
1756 527 1881 593 Israele
1902 529 2042 615 pepigit
2078 530 2162 629 Coq-

147 630 223 675 mus
244 611 416 695 loquutum
437 633 510 679 esse
528 611 708 692 Christum,
731 613 797 679 tuis
814 613 1006 679 commentis
1028 612 1128 678 fidem
1179 610 1322 675 veniunt
1347 611 1450 694 igitur
1470 609 1553 677 haec
1573 610 1655 676 duo:
1710 612 1786 678 Non
1816 634 1932 680 omnes
1988 615 2025 679 ιιι
2057 638 2163 683 carnis

148 696 350 762 habeamus?
393 698 515 764 Annon
549 704 582 763 te
614 698 725 782 pudet,
754 697 923 764 Abraham
956 700 1127 763 nominare
1180 697 1343 779 originem
1364 696 1506 761 trahunt
1526 719 1569 762 ex
1591 697 1762 764 Abraham
1787 720 1859 765 esse
1881 701 1976 766 Abra
2003 723 2043 767 ae
2070 702 2161 781 filios,

149 783 257 847 carnis
278 782 393 863 filium,
426 785 482 866 qui
510 784 548 848 in
570 786 687 868 spiritu
709 784 794 851 vidit
816 785 904 850 diem
925 783 1060 864 Christi,
1094 792 1127 849 et
1179 790 1214 846 et
1234 790 1347 847 ιιιιιιιι
1370 803 1437 847 non
1458 782 1582 848 fi'ustra
1603 781 1726 850 dictum
1755 805 1827 851 esse
1848 787 1971 851 semini
1991 787 2161 853 Abrahae:

148 868 352 935 exsultavit?
397 868 573 935 Gamalam
601 878 734 935 tantum
763 869 1001 936 haereditatem
1027 869 1127 935 relin-
1179 867 1247 932 Ero
1269 866 1363 933 Deus
1385 875 1508 948 vester;
1530 888 1592 934 nec
1613 870 1742 934 irritam
1765 891 1836 936 esse
1855 873 2001 956 gratiam
2023 873 2161 940 foederis

148 972 248 1037 quere
270 962 383 1020 saneto
403 955 510 1034 Iacob,
545 956 600 1038 qui
622 957 711 1021 inter
729 957 861 1021 ultimos
878 957 1023 1039 spiritus,
1042 955 1127 1021 nihil
1179 973 1243 1035 quo
1264 952 1363 1018 fidem
1385 974 1481 1019 suam
1501 952 1634 1021 Iudaeis
1655 956 1747 1021 Deus
1769 957 1959 1023 obstrinxit

148 1059 247 1121 quam
268 1046 407 1105 mortem
429 1039 554 1106 habens
577 1063 656 1125 prae
678 1043 790 1121 oculis,
815 1042 1034 1108 exclamabat:
1064 1039 1126 1107 Sa·
1265 1038 1399 1122 Alioqui
1417 1038 1458 1105 de
1478 1040 1582 1105 nihilo
1595 1040 1721 1106 Paulus
1739 1042 1816 1107 alibi
1835 1041 1972 1123 diecret,
1991 1044 2161 1112 Christum

147 1124 253 1189 lutem
275 1132 367 1190 tuam
391 1128 587 1209 exspectabo
600 1128 765 1192 Domine?
790 1126 859 1194 Sed
880 1126 958 1211 quid
980 1126 1034 1192 hic
1055 1126 1127 1191 lon·
1179 1144 1250 1189 esse
1272 1125 1465 1190 ministrum
1492 1126 1758 1206 circumcisionis,
1791 1127 1833 1193 ad
1865 1128 2059 1214 implendas
2090 1154 2160 1215 pro-

147 1210 221 1294 gius
242 1211 420 1276 immoror?
466 1212 534 1293 Qui
556 1212 597 1278 ad
620 1213 719 1279 aliam
740 1213 989 1290 haereditatem,
1012 1211 1065 1279 vel
1085 1212 1127 1276 ad
1178 1209 1353 1275 missiones
1374 1231 1459 1293 quae
1476 1210 1624 1293 patribus
1644 1211 1741 1278 datae
1758 1214 1892 1280 fixerant
1912 1216 2029 1298 (Rom.
2053 1222 2102 1295 15,
2120 1221 2160 1299 8).

147 1295 237 1360 aliud
259 1295 325 1361 Dei
357 1318 497 1383 regnum
530 1298 685 1382 adspirat,
720 1320 816 1382 quam
849 1319 913 1381 quo
936 1305 1128 1446 {pactarum
1179 1293 1254 1375 Quo
1276 1296 1445 1379 spectabat
1465 1296 1523 1361 illa
1543 1299 1686 1380 precede
1708 1299 1819 1366 Iacob:
1859 1300 2046 1367 Invocetur
2067 1324 2161 1387 super

144 1382 362 1464 patriarchae,
390 1383 545 1450 cohaeres
567 1384 612 1449 sit
633 1384 778 1450 diabolis.
823 1385 910 1449 Nam
965 1405 983 1449 e
1015 1383 1127 1449 electis
1179 1400 1235 1445 eos
1257 1401 1378 1446 nomen
1397 1402 1520 1462 meum,
1543 1390 1604 1449 eto.
1628 1382 1764 1462 (Genea.
1788 1390 1840 1464 48,
1867 1389 1932 1465 16).
1955 1387 2055 1452 Nihil
2077 1388 2161 1455 enim

147 1465 278 1545 dicitur,
313 1467 399 1551 quod
430 1470 623 1535 recumbent
655 1491 731 1537 cum
752 1469 933 1549 Abraham,
966 1469 1061 1535 Isaac
1093 1478 1128 1535 et
1179 1466 1357 1548 profuisset
1374 1468 1444 1532 eius
1461 1468 1601 1551 posteris
1618 1489 1739 1534 nomeu
1755 1471 1847 1551 illud,
1870 1473 1936 1538 nisi
1956 1474 2038 1556 quia
2055 1494 2161 1541 secum

145 1552 244 1617 Iacob
276 1554 313 1616 in
346 1575 449 1639 regno
470 1556 545 1622 Dei
589 1557 640 1620 Τιι
672 1576 750 1622 vero
784 1576 865 1639 quos
898 1554 979 1619 mihi
1013 1555 1127 1620 titulos
1178 1552 1331 1617 trahebat
1351 1551 1492 1619 foederis
1512 1552 1757 1620 haereditatem.

147 1658 309 1715 recenses,
341 1661 407 1705 non
440 1640 675 1707 animadvertis
706 1642 742 1705 in
771 1641 950 1725 degeneres
978 1648 1011 1705 et
1032 1642 1126 1724 quasi
1265 1636 1357 1701 Dum
1389 1639 1481 1703 Petri
1516 1641 1715 1705 sententiam
1749 1643 1835 1724 (Act.
1860 1646 1890 1721 2,
1916 1644 1975 1727 39)
2010 1654 2161 1712 excutere

147 1722 351 1791 adulterinos
371 1725 512 1792 Iudaeos
532 1727 682 1793 conferri.
716 1726 855 1793 Utinam
877 1726 1052 1810 aliquando
1074 1747 1126 1792 re-
1178 1721 1259 1786 mihi
1281 1723 1418 1802 conaris,
1442 1724 1526 1789 nihil
1547 1725 1636 1788 aliud
1657 1728 1799 1808 proficis,
1826 1728 1891 1793 nisi
1913 1736 1954 1793 ut
1974 1729 2110 1796 videam
2130 1738 2160 1797 te

146 1808 294 1893 ligiosius
316 1812 442 1876 versari
465 1811 571 1878 diseas
592 1812 629 1877 in
651 1813 833 1895 scripturis.
1178 1808 1358 1907 pugnando
1385 1811 1492 1893 magis
1519 1811 1685 1909 intentum
1714 1833 1905 1912 essequam
1928 1813 2098 1915 discendo,
2129 1826 2159 1882 et

436 1946 490 2012 1³0
511 1950 612 2014 ertia
633 1950 831 2033 questione·
978 2037 988 2052 ,
1178 1894 1486 2060 {titillfi'ndhi‘ts
1501 1895 2157 2067 batt.{¹¹ttltl¹tl¹¹¹3tntdt

230 2067 488 2132 Promissionem
505 2068 618 2133 istam:
641 2070 710 2133 Ero
726 2068 821 2135 Deus
841 2078 918 2134 tuus
940 2078 975 2134 et
991 2070 1126 2135 seminis
1178 2065 1315 2146 spiritus
1336 2065 1435 2147 loqui,
1458 2065 1543 2130 nihil
1566 2067 1607 2130 ad
1629 2078 1835 2149 praesentem
1858 2091 2005 2136 causam.
2046 2070 2157 2138 Statua

144 2153 202 2232 tui,
226 2152 334 2218 locum
356 2151 478 2217 habere
499 2174 601 2237 negas
619 2156 655 2218 in
673 2154 821 2236 parvulis
839 2155 971 2234 nostris,
994 2156 1071 2237 quia
1088 2155 1125 2219 in
1178 2151 1214 2213 in
1238 2150 1299 2214 hcc
1321 2151 1476 2215 vertitur:
1499 2151 1569 2216 Cur
1590 2153 1711 2218 Petrus
1733 2154 1821 2220 diest
1842 2158 2100 2237 promissionem
2120 2157 2158 2224 ad

143 2238 184 2303 iis
217 2238 419 2319 compleatur
451 2259 531 2321 quos
564 2238 768 2306 circumcidit
799 2240 954 2306 Ohristus
986 2241 1125 2306 circum·
1178 2235 1319 2301 Iudaeos
1341 2244 1374 2301 et
1394 2237 1480 2301 filios
1503 2257 1616 2301 eorum
1638 2240 1824 2320 pertinere?
1859 2241 1914 2305 Ad
1935 2245 2157 2327 tergiversan-

145 2324 267 2388 eisione
290 2328 366 2401 [pag.
388 2330 442 2402 51]
466 2324 581 2389 cordis.
625 2327 675 2391 Ac
698 2326 726 2390 si
749 2325 892 2409 quisita
913 2326 1124 2391 ratiocinare·
1178 2321 1258 2385 dum
1280 2321 1400 2404 arripis
1422 2323 1617 2404 particulam
1637 2344 1721 2405 quae
1742 2327 1902 2409 sequitur?
1935 2325 2157 2412 Quoscunque

144 2414 210 2487 tur,
232 2409 325 2473 Isaac
345 2429 411 2472 non
430 2429 502 2473 esse
520 2418 633 2473 natum
651 2409 716 2474 Dei
734 2412 848 2490 filium,
867 2410 1125 2494 quiaAbraham
1177 2407 1347 2472 vocaverit
1369 2406 1543 2472 Dominus.
1572 2408 1647 2472 Nisi
1669 2410 1726 2475 tibi
1750 2432 1791 2475 ex
1813 2413 1960 2494 professo
1983 2415 2157 2480 veritatem

143 2493 209 2559 fide
231 2494 332 2558 fuerit
353 2494 467 2559 factus.
512 2494 641 2560 Verum
661 2496 825 2561 Dominus
852 2496 962 2581 palam
983 2503 1125 2562 testatur
1177 2493 1291 2576 fugere
1316 2503 1349 2557 et
1369 2494 1565 2576 impugnare
1590 2493 1759 2559 decretum
1787 2498 1838 2575 sit,
1870 2498 2020 2563 breviter
2052 2509 2156 2566 oston-

143 2600 203 2662 per
225 2580 445 2658 Ezechielem,
479 2600 593 2646 omnes
626 2583 681 2663 qui
712 2602 753 2646 ex
786 2582 941 2666 progenie
968 2583 1124 2647 Abrahae
1150 2584 1152 2595 '
1177 2578 1253 2642 dam
1275 2579 1390 2660 procul
1413 2590 1446 2641 te
1469 2579 1621 2644 recedere
1643 2601 1663 2644 a
1684 2589 1794 2646 monte
1816 2583 1918 2647 Petri.
1943 2585 2040 2651 Dicit
2058 2587 2155 2650 enim:

26 2684 30 2691 ·
143 2674 249 2741 erant,
283 2665 368 2729 filios
400 2666 462 2731 sibi
495 2667 594 2731 nasei.
641 2665 680 2732 Si
710 2666 816 2733 cordis
843 2669 1124 2734 circumcisionem
1176 2663 1280 2729 Vobis
1303 2665 1447 2746 primum
1469 2664 1555 2729 facta
1576 2674 1627 2728 est
1647 2668 1830 2748 promissio,
1864 2676 1898 2732 et
1919 2668 2002 2734 filiis
2031 2672 2154 2737 vestris

144 2750 334 2816 excluderet-
362 2750 493 2833 adoptio
520 2751 744 2834 parvulum,
779 2753 904 2818 valeret
937 2762 996 2819 tua
1028 2755 1122 2819 ratio.
1176 2748 1248 2815 Cur
1269 2749 1334 2815 illis
1356 2750 1525 2832 primum?
1554 2750 1681 2832 Nempe
1703 2752 1789 2833 quod
1807 2754 1922 2818 Iudaei
1945 2766 2075 2822 essent:
2094 2756 2155 2839 pri·

144 2834 211 2901 Sed
245 2837 388 2900 Domino
427 2838 648 2918 permittimus
688 2860 842 2904 arcanam
882 2841 1006 2922 gratiae
1045 2861 1123 2904 suae
1176 2837 1382 2919 mogenitura
1404 2835 1491 2898 enim
1515 2835 1582 2899 illis
1604 2834 1712 2901 debita
1735 2850 1815 2903 erat.
1849 2838 2028 2922 Sequitur:
2052 2843 2099 2907 Et
2119 2843 2154 2907 iis

143 2920 417 3003 dispensationem
440 2923 473 2985 in
495 2923 651 3005 parvulis,
684 2926 711 2989 si
745 2931 822 2989 ants
856 2945 911 2989 eos
946 2936 1059 2991 evocet
1081 2947 1123 2990 ex
1148 2962 1151 2977 ·
1177 2921 1233 3002 qui
1255 2920 1354 3004 longe
1383 2932 1470 2998 aunt,
1506 2941 1716 3004 quoscunque
1749 2923 1960 2989 advocaverit
1984 2928 2154 2991 Dominus,

142 3005 275 3083 munde,
298 3028 395 3089 quam
417 3007 584 3073 ordinario
606 3008 702 3074 modo
724 3010 812 3092 ipsos
835 3011 1057 3076 circumcidat.
1175 3004 1253 3069 Vox
1286 3007 1350 3071 ista
1372 3007 1491 3089 Longe
1530 3028 1596 3071 ιιοιι
1637 3009 1802 3091 signifieat
1841 3010 1904 3076 loci
1945 3011 2153 3077 distantiam:

228 3093 419 3176 Exprobras
437 3093 523 3175 quod
543 3094 583 3158 de
601 3095 723 3159 carnali
736 3094 890 3161 Abrahae
908 3097 1033 3161 sentino
1051 3116 1123 3161 car·
1175 3090 1233 3156 sed
1254 3091 1351 3175 longe
1374 3112 1444 3156 csse
1467 3091 1545 3157 dicit
1567 3103 1682 3176 gentes
1704 3116 1787 3175 quac
1809 3104 1907 3160 erant
1937 3117 1958 3160 a
1981 3098 2058 3163 Dec
2083 3099 2154 3162 alie·

95 3178 100 3187 '
143 3178 264 3242 naliter
297 3186 330 3242 et
361 3178 490 3244 iudaice
522 3181 671 3245 sentiam.
729 3181 835 3246 Paulo
876 3180 911 3245 id
951 3181 1121 3265 exprobra,
1175 3197 1245 3241 nae.
1270 3176 1558 3265 Quemadmodum
1579 3190 1612 3242 et
1629 3180 1753 3243 Paulus
1770 3180 1917 3262 loquitur
1936 3186 1965 3246 2.
1987 3183 2030 3248 ad
2048 3183 2154 3267 Ephe·

142 3285 239 3347 quem
261 3285 321 3348 ego
343 3264 510 3329 doctorem
533 3286 660 3348 sequor.
710 3264 768 3332 Sic
800 3268 888 3331 enim
921 3267 961 3332 de
993 3267 1123 3333 foedere
1175 3264 1239 3327 sios
1259 3268 1302 3339 (v.
1327 3267 1393 3339 13):
1416 3262 1482 3343 Qui
1501 3268 1576 3341 [pag.
1599 3268 1652 3342 53]
1671 3265 1834 3346 quondam
1853 3268 1954 3331 eratis
1973 3268 2153 3353 longinqui,

143 3351 267 3433 gratiae
301 3350 449 3431 disputat
483 3372 571 3415 nono
605 3359 639 3415 ct
673 3352 847 3418 undecimo
880 3351 921 3417 ad
944 3353 1121 3432 Romanos,
1174 3370 1263 3412 nunc
1294 3348 1469 3432 propinqui
1504 3350 1579 3413 lacti
1609 3351 1688 3413 estis
1720 3372 1778 3432 per
1801 3351 1926 3417 Christi
1950 3356 2153 3438 sanguinem.

143 3446 180 3499 ut
202 3434 284 3499 illud
306 3435 449 3500 residere
471 3446 597 3501 asserat
618 3438 654 3501 iu
676 3459 754 3502 vcro
777 3447 809 3502 et
831 3438 975 3503 naturali
997 3441 1122 3503 semine
1174 3434 1322 3498 Veniens
1345 3435 1432 3497 enim
1455 3434 1695 3517 evangelizavit
1715 3456 1829 3518 paoem
1850 3438 1942 3503 vebis
1966 3443 2024 3522 qui
2047 3437 2154 3522 procul

142 3519 306 3585 Abrahae.
352 3522 424 3603 Ego
447 3532 534 3586 certe
555 3544 621 3586 non
645 3544 719 3588 sum
742 3532 810 3587 tam
831 3545 968 3601 crassus,
991 3532 1029 3589 ιιι
1048 3525 1121 3606 qui·
1175 3520 1325 3597 aberatis,
1348 3528 1382 3583 et
1402 3519 1443 3584 iis
1464 3522 1519 3601 qui
1541 3540 1642 3602 prope
1664 3532 1766 3584 crant.
1800 3523 1911 3588 Locus
1932 3524 2154 3589 memorabilis

143 3626 271 3687 cunque
293 3629 334 3670 ex
358 3607 528 3671 Abraham
551 3608 655 3691 geniti
676 3617 754 3673 sunt
776 3609 956 3674 secundum
978 3630 1121 3688 carnem,
1147 3604 1313 3669 -Iudaeos
1350 3606 1428 3670 facit
1466 3606 1664 3687 propinquos
1702 3608 1783 3682 Dec,
1823 3610 1965 3691 gentiles
2007 3620 2152 3675 remotos.

143 3692 271 3756 censeri
304 3692 403 3756 velim
435 3693 524 3756 inter
558 3693 642 3758 filios
670 3694 834 3759 Abrahae.
879 3696 1012 3777 Regnat
1034 3697 1121 3759 enim
1175 3688 1252 3770 Qua
1281 3690 1321 3753 dc
1347 3690 1467 3755 eausa?
1519 3691 1720 3756 Reddiderat
1759 3694 1856 3775 paulo
1892 3702 1974 3759 anto
2015 3716 2154 3771 causam,

142 3776 247 3842 libera
269 3778 332 3842 Dei
353 3777 475 3855 electio,
504 3799 587 3860 quae
609 3778 775 3862 legitimos
796 3780 881 3844 filios
903 3780 1060 3846 discernit
1081 3781 1121 3845 ab
1174 3797 1276 3857 quum
1298 3776 1427 3840 dixerat
1449 3776 1591 3858 gentiles
1623 3779 1746 3842 alienos
1779 3800 1850 3844 csse
1885 3782 2063 3846 afoedere
2086 3781 2152 3853 Dei,

144 3862 347 3941 adulterinis,
370 3863 432 3925 hoe¹
454 3872 512 3937 est,
535 3864 723 3945 spirituales
741 3887 760 3928 a
778 3864 971 3929 carnalibus.
1001 3866 1123 3931 Fateor
1147 3830 1150 3917 l
1174 3862 1251 3943 quia
1269 3872 1379 3927 essent
1397 3871 1492 3925 extra
1511 3862 1657 3942 politiam
1670 3864 1811 3928 Israelis.
1836 3865 1934 3929 Hanc
1954 3868 2046 3930 enim
2066 3886 2152 3950 prae·

142 3949 276 4032 quidem
295 3949 357 4014 hoc
376 3950 482 4031 prima
499 3950 580 4014 facie
600 3949 705 4015 videri
724 3951 911 4027 absurdum,
932 3951 1122 4033 quodDeus
1147 3968 1150 4045 ι
1174 3949 1358 4030 rogativam
1376 3947 1441 4010 illis
1463 3947 1745 4013 coneeditPaulus
1767 3955 1794 4012 3.
1810 3960 1842 4013 et
1855 3959 1882 4014 a
1906 3951 1947 4015 ad
1960 3953 2059 4016 Rom.
2074 3950 2151 4035 quod

143 4036 314 4117 promittat
334 4035 405 4098 eius
417 4036 547 4118 generis
560 4055 595 4098 se
607 4036 675 4098 lore
688 4036 809 4113 Deum,
819 4038 846 4113 ι)
868 4037 904 4099 in
927 4058 990 4119 quo
1012 4037 1122 4119 plures
1147 4054 1149 4101 Ι
1175 4033 1261 4114 apud
1294 4032 1368 4096 illos
1395 4032 1605 4114 peculiariter
1634 4034 1798 4115 depositae
1830 4037 1955 4100 fuerint
1990 4041 2151 4120 pactiones

143 4121 275 4205 reprobi
298 4142 396 4202 quam
420 4120 515 4185 electi
537 4122 756 4203 reperiuntur.
798 4120 865 4186 Sed
889 4122 977 4187 hunc
999 4123 1122 4186 nodam
1174 4119 1283 4187 (Rom.
1309 4121 1336 4193 3,
1361 4121 1379 4179 2
1403 4128 1436 4181 et
1457 4122 1485 4193 9,
1509 4128 1554 4189 l).
1600 4120 1697 4183 Nunc
1720 4118 1965 4186 adorationem
1991 4125 2150 4189 Petrina·

144 4206 312 4290 eleganter
342 4207 468 4271 Paulus
503 4208 653 4289 explicat.
698 4208 879 4289 Postquam
914 4209 1002 4272 enim
1035 4230 1122 4273 nono
1175 4205 1243 4269 (lec.
1288 4203 1353 4268 Ubi
1377 4205 1520 4285 primum
1542 4203 1681 4287 gradum
1704 4205 1836 4271 ludaeis
1858 4209 2023 4281 attribuit,
2055 4210 2150 4274 socios

144 4293 250 4374 capite
271 4291 406 4357 stultam
428 4292 625 4356 Iudaeorum
649 4291 877 4356 confidentiam
904 4291 1037 4371 retudit,
1066 4295 1122 4376 qui
1175 4292 1300 4376 gratiae
1323 4299 1355 4353 et
1376 4299 1542 4353 consortes
1565 4291 1629 4353 illis
1647 4290 1763 4354 deinde
1782 4292 1949 4375 adiungit:
1976 4304 2015 4358 ut
2036 4298 2149 4360 scirent

144 4379 178 4441 in
201 4398 300 4442 earne
323 4378 558 4460 gloriabantur,
580 4398 617 4441 ao
641 4377 750 4443 docuit
772 4379 893 4443 multos
915 4401 1025 4444 coram
1048 4379 1120 4444 Deo
1174 4378 1238 4441 Dei
1271 4376 1411 4459 gratiam
1444 4396 1502 4456 per
1535 4396 1649 4440 omnes
1682 4387 1795 4459 gentes
1824 4381 2048 4461 spargendam
2072 4399 2148 4444 esse:

144 4465 289 4546 reputari
314 4474 495 4543 extrancos,
531 4466 587 4546 qui
614 4486 655 4527 cx
678 4464 850 4528 Abraham
872 4486 975 4547 genus
996 4465 1122 4529 ducunt
1174 4462 1232 4528 sed
1254 4462 1302 4525 ita
1323 4470 1361 4524 ut
1383 4460 1461 4524 ordo
1473 4461 1527 4525 ille
1545 4463 1774 4526 observaretur
1791 4485 1888 4545 quern
1900 4466 2028 4531 Paulus
2050 4476 2149 4530 notat:

145 4549 326 4613 secundum
348 4569 491 4625 caruem,
517 4559 550 4613 et
572 4570 686 4613 rursus
708 4551 830 4613 multos
852 4552 908 4631 qui
930 4552 1028 4614 alieni
1050 4553 1121 4616 fue·
1173 4548 1297 4613 Iudaeo
1318 4547 1471 4628 primum,
1495 4547 1613 4611 deinde
1636 4548 1773 4613 (lraeco.
1818 4550 1923 4613 Porro
1946 4550 2043 4616 Deus
2063 4572 2148 4616 voea-

145 4642 220 4696 raut
240 4636 384 4716 cooptari
406 4636 439 4698 in
463 4656 639 4699 numerum
661 4636 816 4713 filiorum,
850 4637 1066 4718 tractavitque
1088 4636 1121 4700 id
1175 4635 1298 4698 tionem
1321 4652 1414 4696 suam
1437 4633 1584 4696 nondum
1612 4636 1646 4696 in
1676 4635 1827 4716 gentibus
1855 4638 2048 4718 auspicatus
2075 4648 2147 4705 erat.

34 4746 37 4754 ·
145 4725 252 4782 totum
279 4718 422 4799 pendere
449 4721 490 4784 ab
518 4720 676 4785 electione
704 4721 767 4784 Dei
796 4723 952 4804 gratuita:
989 4723 1121 4786 demum
1175 4741 1258 4804 quae
1291 4718 1416 4781 iamdiu
1444 4732 1599 4782 sonuerat
1626 4720 1662 4782 in
1685 4719 1815 4783 Iudaea.
1859 4722 2055 4789 Promiscue
2077 4742 2148 4804 ergo

145 4805 253 4884 capite
275 4803 447 4868 undecimo
470 4805 648 4879 contendit,
673 4826 737 4870 non
761 4827 832 4871 esse
855 4814 965 4871 tamen
989 4813 1122 4872 inanem
1175 4814 1290 4888 gentes
1325 4824 1451 4885 quoque
1484 4803 1690 4869 advocandas
1721 4806 1758 4868 in
1793 4816 1963 4887 posterum
1992 4809 2146 4873 admonet.

146 4889 397 4971 promissionem
418 4888 491 4954 Dei.
536 4889 647 4975 Deum
680 4892 769 4956 enim
802 4893 848 4956 ita
878 4892 979 4958 libere
1002 4895 1122 4978 eligere
1174 4890 1272 4956 Unde
1295 4890 1394 4953 etiam
1417 4889 1498 4952 illud
1520 4891 1617 4953 Pauli
1641 4891 1681 4953 ad
1704 4889 1858 4956 Iudaeos:
1894 4895 2000 4960 Vobis
2022 4895 2146 4977 quidem

1175 4978 1318 5060 primum
1340 4973 1595 5056 praedicandum
1619 4984 1689 5039 erat
1711 4998 1853 5060 regnum
1876 4980 1957 5044 Dei:
1994 4983 2050 5046 sed
2077 4981 2145 5063 quis

215 5089 245 5154 1)
263 5106 365 5144 comme
384 5093 407 5145 si
423 5099 454 5146 tu
471 5094 546 5148 avois
564 5112 600 5148 un
618 5101 710 5150 trosne
730 5097 821 5151 esleve
839 5114 886 5152 sur
903 5098 944 5153 les
960 5115 1037 5154 nues.
1175 5061 1339 5159 respuit&
1363 5080 1445 5159 000,οι
1468 5063 1690 5126 convertimur
1707 5061 1747 5126 ad
1770 5071 1888 5161 gentes
1906 5068 1996 5167 (Aet.
2022 5073 2068 5137 13.
2086 5064 2144 5145 aa).

214 5157 244 5225 2)
263 5171 386 5214 sacrem.
1176 5150 1246 5215 (lur
1272 5145 1337 5210 rlhs
1365 5145 1529 5227 primum?
1574 5147 1710 5231 Nempe,
1744 5169 1821 5231 qma
1853 5172 2029 5237 progemes
2060 5157 2143 5217 erant
