4620 5894
970 250 1342 319 PROLEGOMENA.
2082 255 2178 322 XXI

143 437 201 519 qui
223 437 390 503 secundas
413 439 532 523 agebat
552 449 585 506 et
606 440 706 525 paulo
728 447 805 506 ante
824 462 851 506 a.
874 445 955 506 1545
979 441 1067 506 diem
1085 463 1182 508 suum
1201 442 1288 508 obiit
1333 439 1450 507 Sertor
1468 448 1540 507 erat
1556 448 1705 526 uterque,
1729 463 1813 526 quae
1831 442 1899 506 iam
1918 448 1998 508 tune
2015 444 2174 527 temporis

145 547 332 632 elegantior
352 561 537 634 χειροτεχνία
552 552 665 635 plures
682 552 765 618 tales
786 551 878 618 dedit
892 552 1174 636 philosophaetros
1191 561 1225 619 et
1240 555 1349 637 ipsum
1360 574 1488 636 quoque
1499 554 1659 619 Ioannem
1671 554 1776 634 illum,
1799 552 1890 619 urbis
1902 553 2175 622 Monasteriensis

145 667 330 744 munnam
357 663 540 744 xotiyopov.
584 662 726 746 Quando
755 662 937 744 Quintinae
968 665 1005 728 in
1034 664 1178 730 Galliam
1206 665 1352 743 venerit,
1381 685 1450 730 non
1476 673 1564 730 eerto
1593 674 1731 731 eonstat.
1777 662 1969 748 Stephanus
1992 686 2011 729 a
2032 666 2175 732 Fabriea

147 770 329 853 OEstionne
350 773 392 837 de
414 773 448 839 la
468 776 593 860 Forge)
623 778 680 859 qui
706 777 769 840 fuit
798 776 1061 860 evangeliaorum
1091 777 1321 859 parisiensium
1350 777 1518 861 ipsiusque
1546 776 1679 842 Caluini
1706 779 1851 860 optimus
1880 781 1913 842 et
1939 776 2174 862 integerrimus

146 892 321 968 patronus,
343 885 560 968 existimavit,
582 889 696 954 ambos
717 886 760 952 ob
780 887 944 953 mulefieia
964 888 1072 971 potius
1094 909 1191 971 quam
1210 887 1251 952 ob
1269 887 1408 954 verbum
1426 889 1500 963 Dei,
1524 887 1611 972 quod
1632 887 1881 972 praetexebant,
1904 889 2048 971 patrium
2066 888 2175 955 solum

147 996 302 1061 vertisse.
348 997 403 1062 Ex
426 998 541 1063 eodem
564 998 723 1065 Calvinus
751 1000 886 1065 rescivit
914 1000 1051 1065 tertium
1078 1000 1243 1066 exstitisse
1271 999 1419 1065 eiusdem
1446 999 1620 1066 haereseos
1646 1000 1827 1079 doctorem,
1857 999 2035 1065 Claudium
2057 1001 2176 1066 Perse-

147 1106 272 1187 valum,
296 1107 338 1174 de
359 1129 424 1192 quo
450 1119 561 1176 tamen
587 1118 718 1194 praeter
745 1130 866 1175 nomen
895 1110 981 1176 nihil
1006 1111 1094 1195 apud
1121 1133 1196 1177 eum
1223 1112 1341 1196 legisse
1368 1112 1589 1176 meminimus.
1634 1113 1711 1195 Ipse
1733 1111 1933 1192 Quintinum
1959 1120 1993 1176 et
2020 1119 2176 1195 quartum

148 1218 294 1302 aliquem
323 1229 432 1286 seetae
460 1223 715 1306 antesignanum
743 1223 927 1288 Antonium
948 1223 1097 1306 Pooques
1119 1246 1144 1288 s.
1168 1225 1297 1306 Poquot
1325 1223 1365 1288 do
1392 1223 1467 1290 visu
1497 1222 1676 1307 audituque
1704 1224 1866 1308 eognovit.
1912 1223 2064 1306 Degebat
2085 1224 2175 1288 onim

148 1328 338 1410 Quintinae
361 1332 517 1398 Lutetiae
543 1334 652 1417 ibique
679 1333 817 1400 doeebat
842 1335 879 1398 iu
902 1335 973 1417 ipso
995 1333 1141 1399 fidelium
1165 1346 1259 1401 ooetu
1281 1335 1378 1418 paulo
1400 1343 1476 1399 ante
1499 1357 1599 1418 quam
1621 1335 1780 1401 Calvinus
1802 1356 1820 1399 e
1842 1333 1955 1400 Gallia
1976 1333 2172 1400 discesserit.

150 1442 267 1507 Habes
290 1443 333 1509 de
355 1444 409 1511 his
430 1445 529 1511 rebus
551 1453 666 1510 notatu
688 1444 846 1530 dignuin
869 1445 940 1510 eius
960 1445 1071 1511 libello
1093 1446 1169 1512 edit.
1189 1455 1289 1512 nostr.
1310 1434 1383 1530 pag.
1405 1450 1482 1511 169:
1507 1446 1548 1511 Il
1567 1467 1615 1512 oro
1637 1449 1778 1512 saevient
1798 1446 2034 1528 qa’uoetoisea
2053 1446 2174 1530 prande

150 1557 344 1639 eompoqaie,
372 1557 504 1638 Quintia
525 1563 637 1640 voyaot
658 1578 716 1639 pao
737 1559 767 1622 ie
789 1557 844 1641 luy
864 1557 1003 1622 rabatois
1025 1578 1081 1623 soa
1103 1563 1214 1642 coquet
1233 1564 1302 1639 trop
1324 1558 1482 1638 aisement,
1510 1563 1539 1622 at
1558 1559 1687 1623 roulant
1703 1558 1840 1624 decliner
1863 1558 1896 1623 lo
1914 1557 2013 1636 latete,
2039 1558 2174 1622 modist
2214 1549 2224 1564 ⁸

151 1687 209 1750 que
229 1669 263 1733 ie
283 1669 424 1733 trouoois
446 1688 502 1733 soa
517 1689 637 1752 propos
657 1670 805 1735 mouoais
824 1689 892 1750 par
917 1670 1007 1752 faute
1035 1669 1073 1734 de
1093 1671 1267 1736 l’eoteradre.
1311 1669 1342 1734 A
1365 1691 1447 1753 quoy
1468 1671 1497 1734 ie
1519 1670 1573 1752 lap
1595 1670 1759 1751 respondis
1780 1689 1839 1751 que
1860 1668 1920 1734 i'en
1944 1669 2108 1752 eateadope
2128 1689 2174 1735 uo

149 1799 212 1861 pra
234 1778 320 1860 plus
345 1800 405 1861 que
432 1780 501 1863 lay,
531 1781 676 1848 d'oataat
697 1781 777 1862 qa’ii
802 1801 842 1846 ae
870 1783 970 1846 soooit
998 1781 1042 1846 da
1066 1787 1130 1847 teat
1151 1782 1228 1864 qa’il
1249 1782 1358 1861 disoit,
1391 1788 1419 1846 et
1439 1783 1557 1864 moyie
1578 1783 1795 1865 coopnoissoye
1812 1802 1898 1864 pour
1920 1781 1947 1845 le
1970 1783 2072 1846 moins
2093 1779 2174 1862 qa’il

151 1891 270 1955 aoeioit
289 1891 510 1956 masmim
532 1893 561 1958 le
581 1891 694 1957 moade
714 1893 753 1958 de
771 1893 876 1975 foliies
896 1891 1049 1958 absurdas
1070 1898 1099 1957 et
1118 1894 1330 1976 desperasses.
1374 1893 1465 1958 Audi
1485 1894 1588 1957 alium
1612 1895 1711 1958 etiam
1732 1893 1845 1958 loeum
1867 1913 1932 1975 quo
1951 1893 2112 1958 Calvinus
2134 1893 2174 1958 de

152 1998 316 2081 Quintiae
338 2002 486 2086 loquitur
507 2011 541 2068 et
563 2004 729 2069 hominem
752 2004 794 2070 ad
816 2005 932 2070 vivum
956 2004 1105 2090 depingit
1132 2003 1223 2087 (ibid.
1247 2024 1321 2089 pag.
1351 2005 1438 2086 199):
1483 2005 1596 2086 Quoad
1618 2005 1663 2068 les
1683 2010 1791 2069 autres
1812 2009 1881 2069 sont
1902 2025 1938 2068 en
1960 2005 2112 2087 afflictior
2131 2004 2175 2069 ilo

150 2113 216 2194 [oet
237 2113 295 2179 des
317 2113 475 2194 robusta,
499 2115 610 2180 disens
629 2136 688 2197 qao
707 2120 780 2183 e’est
800 2117 995 2197 blaspbeaer
1015 2117 1054 2180 de
1073 2137 1106 2182 so
1122 2117 1290 2198 plaindre,
1314 2137 1356 2181 oa
1377 2118 1415 2183 de
1434 2116 1522 2199 faire
1543 2117 1694 2183 semblent
1714 2117 1782 2182 d'en
1806 2117 1875 2181 rien
1896 2118 2003 2181 seatir.
2050 2115 2174 2181 domm

152 2246 210 2290 rae
229 2226 300 2309 fois
322 2226 439 2291 i’estois
454 2232 583 2306 prosam
603 2227 711 2308 quoad
735 2227 867 2309 Quintia
888 2228 952 2293 diet
974 2229 995 2292 ὰ
1015 2249 1061 2293 aa
1082 2228 1204 2293 bomme
1223 2229 1290 2310 fort
1310 2230 1442 2307 meloda,
1470 2230 1527 2311 qai
1548 2230 1633 2293 eooit
1653 2229 1821 2294 sesamae
1844 2229 1920 2294 diet:
1956 2227 2071 2307 Helos,
2100 2249 2172 2293 moa

153 2335 254 2416 Dira,
277 2357 339 2419 que
358 2337 391 2401 ie
411 2357 483 2402 sens
503 2338 541 2403 de
562 2338 641 2418 mol,
670 2340 749 2421 opde
769 2359 857 2421 moy.-
896 2339 978 2405 Vore
997 2340 1079 2404 dio?
1099 2345 1145 2406 est
1164 2340 1218 2405 ebe
1239 2340 1309 2404 bien
1325 2341 1421 2422 porte
1440 2341 1550 2406 obelo?
1574 2341 1611 2405 de
1632 2341 1702 2406 dire
1724 2360 1783 2422 que
1808 2338 1914 2404 Christ
1935 2359 1968 2405 se
1984 2343 2075 2421 porte
2095 2338 2173 2403 mo?

154 2458 244 2513 eaett.
292 2449 349 2513 Ex
372 2449 424 2514 his
446 2449 555 2533 eolligi
576 2457 685 2534 potest
707 2448 908 2531 Quintinum
928 2452 996 2516 iam
1017 2459 1096 2518 tuno
1119 2452 1283 2518 doetorem
1307 2452 1556 2519 subtilissimum
1579 2453 1685 2536 egisse
1711 2452 1812 2517 etiam
1842 2451 1930 2535 apud
1954 2451 2170 2535 evangelicoe,

153 2568 183 2624 et
201 2561 387 2628 Calvinum
417 2560 643 2627 adversarium
670 2560 824 2628 habuisse
852 2564 1052 2647 pravitatem
1081 2563 1249 2630 doetrinae
1271 2565 1398 2648 optime
1420 2566 1682 2648 perspicientem.
1727 2563 1823 2629 Idem
1844 2565 1948 2628 ferme
1971 2564 2114 2629 affirmat
2135 2563 2172 2627 in
2296 2626 2299 2630 ,

154 2674 348 2739 universum
370 2673 521 2737 Historia
543 2673 763 2741 ecclesiastiea
784 2673 886 2758 vulgo
905 2673 967 2740 sub
990 2676 1097 2741 Betae
1118 2677 1252 2742 nomine
1274 2676 1416 2756 laudata,
1438 2677 1491 2741 his
1512 2677 1620 2743 verbis
1641 2678 1748 2760 (Tem.
1772 2676 1798 2741 1.
1819 2696 1893 2760 pag.
1918 2676 1968 2761 9):
2005 2674 2086 2740 eost
2107 2675 2173 2741 iore

155 2786 242 2851 aaa
264 2785 346 2867 qa'ii
366 2784 532 2849 rembarro
547 2786 789 2866 premieremeat
808 2786 854 2852 ies
877 2786 1039 2853 Libertina
1059 2787 1192 2870 imqeds
1208 2789 1247 2854 de
1268 2794 1372 2854 nostre
1391 2793 1492 2877 temps
1513 2795 1566 2853 ont
1585 2787 1758 2855 renoeoeile
1780 2787 1997 2854 dobomiaoble
2018 2792 2095 2853 seete
2116 2787 2173 2853 des

157 2893 410 2981 (οφοονοοὶοοο,
434 2901 537 2962 ostent
556 2903 637 2963 terite
657 2898 821 2979 differeaee
842 2903 927 2965 entre
947 2899 1015 2964 biso
1039 2899 1158 2965 amal.
1863 2879 1868 2888 ¹

308 3006 407 3089 Quod
431 3008 550 3073 attinet
570 3009 612 3074 ad
632 3009 817 3076 Antonium
839 3011 979 3094 Poques,
1002 3012 1223 3079 sserifioulum
1246 3011 1429 3077 erassulum
1451 3033 1636 3096 parvaeque
1659 3018 1817 3092 staturae,
1838 3012 1868 3078 is
1886 3012 1954 3077 suis
1971 3011 2006 3076 in
2024 3010 2171 3094 peregri·

154 3120 344 3186 nationibus
365 3120 624 3204 Argentoratum
653 3143 758 3205 usque
786 3124 937 3206 pervenit
963 3123 1073 3207 ibique
1095 3133 1165 3188 tam
1187 3131 1295 3190 astirte
1315 3123 1551 3203 dissimulavit,
1579 3132 1714 3206 temque
1742 3123 1866 3188 bonum
1895 3131 1929 3188 et
1950 3122 2172 3188 orthodoxum

156 3232 289 3298 bamam
317 3253 354 3298 se
381 3232 562 3316 praestitit,
595 3244 634 3299 ut
653 3233 726 3317 ipse
747 3234 913 3314 Euentus,
946 3235 982 3300 in
1009 3234 1131 3301 talibus
1150 3235 1296 3319 alioquin
1317 3236 1440 3319 optime
1461 3242 1613 3315 nasutas,
1636 3234 1721 3299 nihil
1742 3235 1906 3314 olfeeerit,
1937 3242 1970 3298 et
1990 3232 2172 3299 discedenti

155 3345 381 3410 testimonium
402 3345 681 3411 eonlraternitatis
703 3367 764 3412 sua
784 3366 886 3412 manu
908 3347 1068 3430 seriptum
1089 3347 1232 3413 libenter
1249 3348 1454 3414 ooneesserit.
1499 3346 1576 3428 Quo
1593 3353 1705 3412 autem
1723 3353 1869 3430 tempore
1886 3345 1941 3412 ille
1958 3344 2173 3430 Argentoreti

155 3453 280 3542 degerit
308 3478 377 3522 non
406 3457 554 3522 eusimus
583 3465 672 3523 certo
699 3458 851 3524 definire:
884 3466 1047 3541 attamen,
1080 3460 1109 3524 si
1138 3459 1217 3544 quid
1243 3452 1410 3538 videmus,
1443 3458 1479 3524 id
1504 3459 1605 3524 fuisse
1631 3466 1708 3542 post
1736 3480 1764 3524 a
1805 3462 1886 3522 1538
1914 3457 2084 3542 probabile
2112 3463 2171 3522 est

153 3567 325 3635 Habemus
347 3569 437 3634 enim
459 3568 495 3633 in
516 3570 669 3636 manibus
687 3570 860 3654 epistolam
880 3571 1002 3637 Buoeri
1030 3571 1145 3638 eodem
1172 3593 1259 3638 anno
1281 3572 1323 3638 ad
1345 3572 1495 3656 reginam
1517 3571 1690 3637 Navarrae
1712 3571 1872 3655 seriptam
1895 3577 1929 3636 et
1950 3570 1986 3633 in
2008 3568 2173 3635 tabulario

155 3679 333 3747 Seminarii
354 3682 462 3746 nostri
484 3689 702 3762 asservatam,
730 3682 767 3746 in
789 3703 855 3766 qua
876 3704 949 3748 eam
970 3683 1179 3749 familiariter
1199 3682 1355 3749 admonet
1375 3689 1414 3748 ut
1435 3682 1499 3749 sibi
1519 3703 1539 3747 a
1560 3683 1742 3776 Libertinis
1765 3689 1888 3750 eareat.
1933 3682 1987 3746 De
2008 3680 2062 3745 his
2084 3679 2173 3777 enim

154 3793 254 3860 rerba
276 3814 355 3859 eum
377 3794 492 3871 faeere,
516 3794 667 3877 quamvis
688 3814 809 3859 nomen
829 3794 940 3878 ipsum
961 3817 1028 3861 non
1049 3802 1210 3876 oeeurrat,
1230 3795 1442 3862 manifestum
1464 3803 1524 3861 est.
1569 3793 1693 3861 Omnia
1711 3795 1799 3861 enim
1821 3814 1905 3878 quae
1923 3792 1963 3858 de
1980 3791 2173 3876 perniciosis

154 3904 362 3990 garrulisque
382 3904 574 3971 hominibus
595 3904 728 3989 profert,
751 3926 827 3971 eum
849 3906 890 3971 iis
910 3907 1009 3990 plane
1030 3909 1235 3975 conveniunt
1255 3908 1419 3976 eoloribus
1440 3907 1559 3991 quibus
1577 3908 1739 3975 Calvinus
1763 3906 1889 3991 aliquot
1909 3910 1984 3988 post
2004 3923 2108 3968 annos
2130 3900 2173 3967 ad

154 4017 268 4083 rivum
297 4015 430 4082 eosdem
457 4015 615 4100 depinxit.
665 4016 814 4101 Poquius
842 4025 970 4098 autem,
1000 4020 1027 4086 si
1054 4021 1120 4085 iam
1147 4027 1229 4085 tuno
1256 4019 1469 4103 Argentorati
1497 4018 1629 4096 fuisset,
1659 4017 1744 4082 nihil
1773 4038 1853 4084 sene
1881 4015 1974 4101 prius
2003 4012 2173 4080 habuisset

156 4148 252 4212 quam
274 4128 316 4195 de
337 4149 467 4195 summo
488 4129 624 4213 reginae
644 4135 821 4212 patronatu
842 4129 987 4214 gloriari,
1009 4139 1044 4197 et
1063 4130 1362 4215 proindeBueerus
1384 4150 1506 4194 nomen
1527 4128 1604 4195 talis
1626 4128 1714 4195 servi
1733 4129 1797 4194 Dei
1815 4128 1945 4194 silentio
1962 4147 2029 4192 non
2046 4125 2172 4209 potuis-

157 4249 205 4306 set
230 4241 421 4325 praeterire.
467 4238 637 4324 Quidquid
663 4241 720 4320 sit,
754 4261 873 4324 operae
899 4243 1044 4326 pretium
1069 4243 1215 4310 faetores
1242 4263 1302 4309 nos
1327 4242 1557 4308 existimamus
1587 4239 1753 4324 deseripta
1780 4239 1837 4304 illa
1868 4237 2020 4322 epistola,
2053 4243 2172 4320 utpote

156 4373 239 4418 novo
266 4351 378 4436 aliquo
404 4359 438 4418 et
464 4351 555 4418 haud
584 4351 769 4435 spernendo
797 4352 993 4420 dommento
1014 4355 1050 4419 in
1072 4355 1210 4421 historia
1231 4360 1299 4419 tam
1319 4353 1458 4421 obseura
1478 4352 1585 4437 qualis
1606 4352 1688 4419 haee
1711 4359 1761 4418 est
1781 4350 2039 4417 Libertinorum.
2084 4349 2172 4416 ane

156 4483 226 4529 eam
247 4469 381 4530 tantum
403 4484 470 4529 non
492 4463 666 4549 integram.

893 4737 1053 4825 (Bueeras
1070 4739 1217 4824 ‚Reqiaoe
1239 4738 1435 4823 Navarrae.)

314 4910 432 4977 Gratia
462 4915 491 4975 et
511 4930 584 4992 poe
611 4931 633 4975 o
660 4909 801 4976 Domino
826 4916 930 4977 nesto
958 4910 1036 4977 [aa
1058 4910 1184 4978 Christo
1209 4889 1362 4995 oaqeatar
1385 4908 1571 4975 &aaudiat
1596 4909 1700 4989 Tuae,
1730 4907 1856 4992 Rapina
1877 4907 2024 4991 reliqiosa
2050 4907 2169 4990 etpia.
2243 4962 2245 4966 ,

159 5024 243 5107 Quia
264 5021 298 5089 0.
325 5023 361 5088 Τ.
379 5023 505 5103 priores
525 5041 612 5088 oreos
633 5021 743 5087 literas
764 5027 829 5087 tam
848 5022 986 5089 benevole
1013 5026 1163 5106 mseepit,
1191 5023 1335 5089 animam
1360 5023 1484 5102 sampsi
1513 5021 1631 5087 alteras
1657 5021 1802 5088 adiicere.
1849 5017 2003 5084 Gratulor
2020 5038 2091 5085 eero
2111 5019 2170 5084 tibi

80 5164 84 5277 ἑ
155 5136 307 5222 inprimis
330 5135 472 5199 orimum
493 5135 590 5200 ἰοιοοο
611 5139 699 5200 taum
725 5137 792 5200 tam
817 5132 916 5200 selide
941 5139 970 5200 et
994 5134 1129 5227 manda
1146 5135 1363 5215 ebriationem,
1384 5153 1474 5217 qoem
1499 5133 1552 5198 eir
1572 5134 1710 5216 optimas
1731 5131 1840 5198 notas
1863 5129 1894 5195 S.
1920 5126 2061 5196 Martini
2082 5130 2188 5212 operi·
