4620 5894
82 213 87 219 ’
192 245 259 310 cm
717 196 720 200 ⁴
865 241 989 310 aava
1011 239 1192 310 ssaom
1213 240 1535 310 salamnus
2141 247 2208 310 iu

195 431 780 516 mammarumque,
814 431 846 496 si
872 430 1042 517 lepilimc'
1132 431 1171 496 iti
1226 430 1422 496 amicans
1443 432 1671 514 appianicus,
1699 432 1838 513 devita,
1867 432 2209 500 moribusetsoimtia

191 538 256 586 run
273 520 409 602 fuerint,
436 521 480 586 ad
499 518 756 604 praedicandum
783 522 927 584 sanctum
953 517 1032 584 Iesu
1077 517 1174 583 bristi
1227 518 1403 582 examinati
1419 523 1448 582 et
1469 519 1633 601 approbati
1653 518 1788 600 fuerint,
1818 538 1854 584 ac
1880 519 1918 586 dc
1939 538 2047 584 eorum
2067 519 2209 585 licentia:

193 605 413 689 Evaupclium.
1227 603 1322 668 ctiam
1349 605 1385 667 ia
1417 602 1569 669 Ecclesiis
1596 625 1728 670 suorum
1754 605 1901 669 ordinum
1927 605 2119 686 ρναοᾱίοανο
2144 622 2209 670 nou

284 690 323 756 st
349 711 422 757 vcro
450 691 611 774 vontiqerit
635 688 810 771 Episcopos
837 693 864 754 et
892 687 973 754 alios
996 687 1176 772 praedictas
1221 689 1356 769 possint.
1392 687 1472 754 Oam
1489 690 1695 771 qualicentio
1710 691 1920 773 personaliter
1936 711 1970 756 sc
1986 709 2092 756 amam
2108 686 2208 775 Epis·

194 777 332 862 lcqitim
350 777 485 843 detineri
504 777 731 857 impedimento,
753 775 847 840 iaetu
866 774 1004 856 formam
1018 773 1177 858 pancratis
1227 775 1314 854 copis
1335 781 1551 857 praesentare,
1584 781 1612 840 ct
1638 777 1677 842 ab
1704 777 1750 841 eis
1776 776 2012 842 benedictionem
2034 781 2141 860 petere
2166 781 2208 842 te

197 861 339 942 Consilii,
362 863 448 929 viros
469 862 598 927 mancos
619 880 779 926 masmae
799 865 978 939 uocantur,
1000 859 1044 925 ad
1064 859 1176 924 buius·
1226 865 1371 939 neaatur,
1393 867 1561 943 antequam
1574 862 1765 944 praedicare
1786 863 1947 944 incipiant.

192 949 283 1015 modi
297 948 549 1031 praedicationis
578 947 720 1032 officium
749 946 918 1012 salubriter
939 945 1175 1029 exsequendam.
1314 945 1358 1010 Ia
1389 946 1543 1012 Ecclesiis
1573 969 1662 1027 vcra,
1695 968 1775 1029 quae
1806 968 1936 1014 sumum
1967 949 2117 1017 ordinum
2144 969 2208 1014 nou

197 1033 237 1100 st
254 1033 328 1117 quis
355 1038 458 1100 aidan
472 1033 538 1099 boc
560 1033 734 1116 adimplere
755 1032 987 1113 cortempserit,
1014 1032 1176 1097 disniaae
1226 1037 1309 1111 suat,
1330 1033 1417 1096 ultra
1438 1033 1595 1098 licentiam
1614 1054 1744 1098 morum
1764 1035 1971 1117 superiorum,
1994 1036 2088 1100 etiam
2109 1033 2209 1116 E'pis·

193 1120 355 1186 subiaceat
374 1119 496 1185 allioni.
1227 1118 1296 1198 copi
1328 1119 1486 1184 licentiam
1513 1119 1626 1186 labae
1653 1123 1834 1185 uniamur:
1874 1121 1943 1185 sine
1969 1141 2034 1203 qua
2061 1121 2097 1184 iu
2122 1120 2209 1201 ipsis

281 1203 556 1289 Arcbipresbptcri
591 1224 725 1286 qaoque,
758 1203 903 1284 plebani,
938 1206 1013 1281 [pig.
1043 1206 1118 1281 119]
1147 1207 1176 1266 ct
1227 1202 1393 1283 Ecclesiis,
1420 1225 1483 1270 aon
1509 1224 1639 1270 sacrum
1667 1206 1830 1283 ordinum,
1857 1207 1943 1272 amla
1965 1206 2209 1305 modopraedi3

50 1328 56 1337 ·
192 1291 371 1374 quicunqne
386 1289 597 1372 parochiales,
618 1289 667 1354 vel
689 1289 774 1355 alias
790 1309 902 1354 caram
919 1289 1102 1354 animarum
1118 1287 1173 1352 lto-
1226 1307 1298 1354 care
1312 1289 1446 1371 possint.
1491 1290 1604 1373 Ipsam
1624 1296 1727 1356 auum
1748 1291 1906 1356 licentiam
1929 1292 2033 1375 pratis
2055 1290 2209 1374 Episcopo

189 1376 308 1456 beutes,
334 1375 500 1442 Ecclesias
526 1394 708 1458 amenaque
727 1374 816 1440 niodo
833 1373 982 1452 obtineat,
998 1394 1060 1457 per
1075 1393 1109 1438 se
1126 1375 1174 1440 vel
1226 1375 1399 1440 comedam.

190 1462 274 1529 alios
297 1461 431 1541 idoncos,
454 1464 485 1527 si
506 1462 641 1546 leqitime
663 1460 807 1542 impediti
828 1460 956 1541 faedat,
978 1459 1089 1525 diebus
1110 1459 1174 1524 sab
1314 1459 1353 1524 Si
1380 1480 1452 1526 vero
1485 1459 1582 1545 (quad
1608 1462 1703 1546 absit)
1739 1462 1942 1542 praedicator
1980 1481 2119 1543 errores,
2151 1467 2208 1530 aut

189 1553 252 1614 um
273 1546 455 1615 Dominicis
473 1552 502 1612 et
517 1548 610 1629 festis
626 1546 814 1626 solennibus,
829 1545 936 1629 plebes
952 1545 1016 1611 sibi
1032 1546 1173 1611 mmmis-
1224 1546 1376 1610 scaudala
1398 1547 1650 1612 disseminaverit
1670 1549 1706 1612 in
1721 1548 1887 1630 populum,
1909 1550 2004 1614 ctiam
2025 1549 2056 1613 si
2077 1549 2117 1615 iu.
2136 1547 2208 1614 Mo-

189 1655 246 1702 sas
265 1654 328 1717 pro
349 1653 411 1699 sua
433 1639 462 1698 et
488 1652 598 1698 earum
628 1633 800 1714 capacitate
817 1637 958 1712 pascant
975 1630 1173 1697 salsioribus
1224 1633 1362 1697 austerio
1384 1633 1437 1696 sui
1462 1632 1509 1696 vel
1531 1633 1663 1698 alterius
1684 1634 1808 1699 ordinis
1822 1635 2001 1714 praedicet:
2027 1632 2209 1718 Episcopus

189 1720 305 1786 verbis:
336 1720 469 1785 docendo
498 1739 550 1798 ca,
578 1738 659 1800 qnae
686 1720 766 1784 scire
794 1717 937 1783 manibus
959 1718 1172 1782 necessarium
1223 1719 1254 1782 ei
1274 1718 1543 1798 praedicationem
1563 1720 1737 1784 interdicat.
1785 1720 1873 1801 Quod
1901 1721 1931 1785 si
1953 1720 2096 1786 baerescs
2110 1741 2208 1802 prae·

190 1810 235 1872 csl
256 1805 301 1872 ad
321 1804 462 1884 salutem,
490 1805 773 1885 annunciandoque
799 1804 846 1869 eis
867 1824 937 1868 cum
959 1803 1119 1882 brevitate,
1143 1808 1172 1868 ct
1223 1803 1388 1883 dicaverit,
1418 1809 1524 1887 contra
1545 1824 1628 1883 eum,
1656 1805 1826 1870 scacadum
1848 1807 1933 1870 iaris
1956 1805 2206 1887 dispositum,

187 1891 343 1974 facilitate
364 1892 525 1971 sermonis,
546 1891 633 1970 vitia,
655 1911 736 1971 qaae
758 1909 809 1955 cos
831 1889 1001 1968 declinare,
1024 1893 1052 1953 et
1073 1890 1171 1952 virta-
1221 1894 1277 1954 out
1303 1890 1362 1954 loci
1381 1891 1631 1954 consuetudinem
1646 1892 1809 1970 procedat,
1842 1893 1967 1956 etiamsi
1988 1894 2057 1972 ipse
2072 1893 2206 1973 moedi-

188 1983 234 2044 tes
248 1998 337 2059 ‚quas
359 1978 472 2042 sectari
493 1981 638 2058 oporteat,
659 1980 695 2039 ut
710 1979 1017 2057 poenamactcrnam
1032 1975 1175 2054 evadere,
1222 1980 1308 2039 calor
1326 1976 1469 2058 qeneroli
1489 1975 1537 2039 vel
1557 1977 1688 2057 speciali
1703 1977 1873 2061 privileqio
1886 1984 2062 2059 exemptum
2083 1998 2117 2044 se
2139 1998 2208 2044 esse

187 2068 218 2129 et
237 2062 394 2129 coelestem
409 2062 544 2146 ploriam
565 2062 710 2142 consequi
726 2061 859 2126 valeant.
890 2060 934 2126 Id
955 2081 1026 2126 vero
1049 2061 1170 2142 siquis
1215 2061 1448 2143 pudacderet:
1478 2066 1553 2140 [pag.
1581 2066 1654 2140 122]
1688 2083 1748 2143 quo
1777 2082 1855 2127 casa
1882 2063 2062 2144 Episcopus
2089 2065 2209 2129 ardori·

187 2168 295 2214 eorum
321 2152 487 2229 praestmc
512 2148 656 2232 neqliqat,
683 2147 808 2212 etiamsi
834 2146 873 2210 ab
901 2146 1055 2230 Episcopi
1074 2146 1171 2210 inris-
1223 2152 1283 2211 tate
1304 2146 1498 2228 Apostolico,
1528 2151 1557 2211 ct
1582 2151 1733 2228 tauquam
1758 2149 1843 2213 sedis
1865 2149 2065 2229 Apostolicae
2085 2150 2209 2235 delcpa·

186 2235 323 2300 dictione
351 2235 466 2315 quavis
490 2235 615 2299 ralione
642 2237 817 2314 eaemptum
845 2252 878 2297 se
899 2252 965 2297 csse
981 2233 1169 2313 praetende·
1221 2237 1273 2298 tus
1287 2233 1447 2313 procedat.
1478 2231 1595 2298 Carent
1616 2239 1719 2297 auam
1741 2232 1903 2315 Episcopi,
1925 2255 1965 2298 ac
1986 2236 2059 2316 quis
2073 2236 2209 2316 praedi-

185 2325 251 2385 ret:
272 2320 399 2385 etiamsi
421 2318 581 2385 Ecclesiae
607 2319 720 2401 quovis
746 2318 835 2384 modo
857 2323 1015 2399 cccmptae
1036 2318 1170 2382 diceren-
1222 2324 1316 2399 ector,
1344 2317 1393 2382 vel
1420 2338 1459 2382 ea
1486 2318 1583 2400 falsis
1605 2319 1891 2401 informationibus,
1916 2320 1963 2384 vel
1984 2321 2070 2386 alias
2091 2321 2208 2387 caluar-

184 2411 248 2486 tur,
272 2410 330 2470 aut
351 2406 451 2471 alicui
472 2404 681 2484 Moaasterio,
709 2405 803 2468 etiam
830 2409 919 2468 cetra
940 2402 1101 2470 croceam
1118 2423 1170 2468 ec·
1222 2405 1309 2469 niose
1329 2408 1465 2484 veactur,
1491 2405 1644 2469 iustamve
1667 2405 1704 2469 dc
1729 2407 1775 2469 eis
1796 2406 1999 2487 conquerendi
2016 2409 2209 2474 necaonem

183 2492 310 2557 sistenti
329 2491 441 2574 forsan
456 2511 597 2556 annesae
612 2491 660 2555 vel
671 2491 788 2568 unitae,
800 2489 889 2554 modo
907 2510 943 2554 re
961 2490 1078 2570 v'psain
1091 2489 1170 2555 Dia
1221 2489 1340 2555 babeat.

185 2578 249 2643 cesi
270 2577 351 2642 siut:
374 2577 514 2660 provida
534 2575 712 2658 pastoralis
733 2574 968 2656 Episcoporam
995 2575 1169 2641 sollicitudo
1309 2573 1448 2640 Cascam
1470 2580 1636 2657 practerea
1662 2575 1829 2657 Episcopi,
1857 2597 1896 2641 nc
1918 2577 2057 2659 aliquem
2083 2578 2132 2642 vel
2160 2599 2207 2644 eo·

185 2683 248 2728 noa
268 2662 362 2742 desit,
389 2683 428 2728 nc
449 2662 532 2728 illud
553 2661 741 2742 impleatur:
770 2659 909 2726 Parvuli
931 2662 1093 2741 petierant
1107 2681 1169 2741 pa-
1220 2681 1302 2742 rum,
1330 2661 1386 2742 qui
1408 2681 1505 2741 qaum
1527 2662 1592 2725 sint
1607 2663 1731 2726 nomine
1752 2662 1924 2744 reputares,
1954 2668 2042 2728 entra
2064 2664 2208 2730 claustra

184 2768 270 2828 nm,
298 2753 327 2813 et
353 2768 418 2813 noa
445 2752 513 2814 erat
538 2749 595 2830 qui
619 2748 780 2830 frauperet
801 2747 855 2811 eis.
901 2745 1026 2829 Itaque,
1051 2746 1107 2810 ubi
1129 2746 1168 2812 ab
1220 2752 1339 2824 mmea,
1369 2752 1397 2810 et
1418 2745 1623 2812 obedientiam
1644 2747 1830 2830 rdiqiovzum
1850 2768 1984 2813 suornm
2012 2751 2136 2831 vivuat,
2158 2751 2208 2817 vel

184 2833 346 2918 Episcopo
369 2839 443 2913 [pag.
465 2837 539 2912 120]
563 2833 675 2898 moniti
692 2833 790 2897 trium
807 2833 963 2897 mensium
980 2832 1083 2913 spatio
1100 2851 1169 2897 mu·
1216 2833 1468 2916 presbyterorum
1491 2833 1711 2912 saecularium,
1732 2834 1799 2898 nisi
1820 2834 1902 2914 ipsis
1918 2837 1983 2899 uoti
1999 2836 2073 2915 siat,
2095 2841 2125 2901 ct
2140 2857 2206 2903 mo-

183 2921 256 2985 neri
279 2940 339 2985 suo
366 2920 538 3002 defuerint,
566 2939 628 2999 per
656 2938 809 2985 censuras
830 2917 1088 2995 Ecclesiasticus,
1111 2937 1168 2982 seu
1220 2917 1310 2982 ribus
1340 2922 1432 2998 atque
1458 2918 1600 2983 doctrim
1623 2918 1766 3000 probati,
1795 2920 1889 2984 etiam
1911 2920 2119 3002 quaruavlibet
2133 2924 2207 3004 pri·

182 3005 269 3072 alias
293 3005 336 3070 ad
362 3006 467 3088 ipsius
489 3004 643 3088 Episcopi
666 3003 837 3070 arbilriam
865 3009 1030 3088 coqaatm:
1060 3004 1107 3068 ita
1133 3008 1169 3067 ut
1219 3003 1405 3087 vilepiorum
1422 3005 1654 3086 praeustam
1675 3025 1738 3068 saa
1759 3006 1884 3071 civitam
1904 3006 1951 3071 vel
1967 3006 2097 3073 Dioccsi
2108 3027 2207 3089 prac-

181 3092 278 3157 ctiam
299 3091 331 3156 si
353 3093 383 3157 ei
404 3093 450 3158 sic
472 3090 620 3172 iapedire
640 3091 744 3156 visum
763 3089 868 3172 faerel,
891 3111 930 3156 ec
952 3088 1168 3170 beneficiorum
1219 3089 1328 3154 dicare
1349 3090 1549 3170 ρονννιίοτονιέ,
1573 3090 1666 3155 donec
1688 3089 1727 3154 ab
1753 3091 1836 3171 ipsis
1857 3091 2028 3175 Episcopis
2049 3113 2147 3175 super
2166 3113 2206 3160 ea

178 3177 339 3262 fructibus
367 3177 469 3256 alteri,
498 3177 555 3258 qui
577 3177 614 3242 id
627 3179 776 3258 praestet,
803 3175 929 3243 bonesta
950 3175 1062 3257 aliqum
1089 3195 1167 3240 mer-
1217 3195 1260 3253 rc,
1283 3179 1392 3240 sancta
1413 3176 1501 3240 sedes
1522 3175 1704 3257 Apostolica
1725 3176 1925 3257 annuatur,
1947 3200 1969 3242 a
1989 3199 2053 3260 qua
2071 3179 2205 3263 privile-

181 3282 232 3329 ces
249 3264 464 3347 persolvatur,
493 3264 588 3328 donec
611 3262 808 3345 principalis
826 3263 896 3346 ipsc
915 3261 1100 3343 resipiscens
1121 3261 1168 3343 of·
1215 3262 1272 3344 qia
1296 3259 1495 3338 huiusmodi,
1523 3262 1589 3326 nisi
1615 3262 1712 3327 tacita
1738 3265 1865 3326 vcm'tatc
1895 3269 1924 3327 et
1951 3285 2099 3346 cupresso
2120 3285 2206 3331 men·

178 3349 288 3431 ficium
308 3369 404 3414 suum
425 3348 563 3430 impleat.
1216 3347 1314 3425 dacia,
1335 3346 1375 3411 ab
1395 3346 1538 3429 indiqais
1558 3349 1734 3429 extorqueri
1754 3349 1925 3415 veruimde
1944 3370 2007 3414 aon
2028 3355 2081 3416 est.

271 3433 309 3500 Si
338 3456 419 3516 quae
445 3455 517 3499 vcro
543 3431 748 3517 parochiales
775 3432 935 3499 Emlesiae
966 3434 1165 3515 reperiantur
1306 3432 1489 3514 Quaestorcs
1498 3453 1570 3498 vero
1583 3433 1826 3516 eleemosynarii,
1838 3436 1995 3516 quieticm
2005 3438 2207 3519 quaestuarii

181 3519 337 3585 subiectae
354 3519 556 3585 monasteriis
584 3520 621 3583 ia
637 3518 727 3583 nulla
742 3517 871 3584 Diocesi
891 3518 1118 3598 assistentibus,
1134 3518 1166 3583 si
1216 3518 1307 3601 vulpo
1325 3518 1480 3597 dicuntur,
1503 3520 1715 3601 aciusonaqae
1737 3521 1921 3586 conditionis
1944 3523 2111 3604 exsistant,
2137 3523 2205 3590 ullo

183 3604 336 3685 Abbates,
364 3611 392 3670 et
413 3605 577 3689 reputares
600 3604 742 3684 praebiti
763 3605 800 3668 ia
813 3605 991 3686 praedictis
1012 3605 1166 3688 neptiqea
1218 3605 1315 3682 modo,
1336 3623 1390 3668 nec
1406 3623 1468 3684 per
1489 3624 1531 3685 sc,
1553 3625 1608 3670 uec
1622 3625 1684 3687 per
1706 3606 1806 3670 alium
1822 3608 2011 3688 praedicare
2034 3612 2110 3688 [pag.
2127 3613 2203 3689 123]

183 3695 229 3756 tes
259 3690 394 3774 fuerint:
426 3713 448 3757 a
476 3689 747 3771 Metropoldanis,
775 3689 966 3771 inquorum
991 3691 1166 3770 provinciis
1212 3695 1439 3771 praesumant:
1460 3694 1489 3754 et
1509 3696 1619 3756 eontra
1645 3692 1795 3774 facientes
1817 3692 1857 3756 ab
1878 3693 2048 3777 Episcopis
2067 3700 2097 3759 el
2119 3696 2205 3761 ordi·

183 3775 334 3843 Dioceses
361 3777 453 3857 ipsae
479 3777 561 3841 sitae
588 3779 676 3854 suut,
704 3779 855 3856 tauquam
874 3775 985 3857 ,qicoad
1006 3775 1061 3841 boc
1081 3776 1167 3841 sedis
1217 3775 1324 3840 uariis
1345 3775 1495 3854 locorum,
1512 3776 1699 3859 privilepiis
1719 3776 1951 3860 quibuscunque
1968 3800 2030 3845 noa
2052 3779 2203 3847 asana

183 3863 386 3946 Apostolicae
411 3863 560 3946 dalmatis
588 3861 821 3941 compellantur.
869 3859 978 3941 Neque
998 3859 1095 3926 buius
1115 3861 1167 3926 de·
1219 3858 1286 3938 bus,
1307 3863 1489 3942 opportunis
1512 3861 1664 3926 remediis
1686 3864 1811 3928 omnino
1832 3871 2007 3931 arceamur.

184 3951 261 4017 creti
283 3949 539 4030 cesequutioaem
561 3948 757 4025 consuetudo,
781 3945 827 4010 vel
844 3947 1011 4027 eamnptiv,
1034 3950 1091 4010 aut
1111 3967 1168 4028 op-

178 4035 322 4118 pcllatio,
346 4039 402 4100 aut
422 4033 613 4113 reclamatio,
634 4033 701 4096 sive
721 4051 869 4097 recursus
885 4031 1039 4112 impedire
1055 4031 1166 4110 vebat,

184 4119 742 4289 νοον
759 4204 1168 4288 ..,
1280 4113 2030 4284 auur
2046 4125 2203 4277 an

185 4291 322 4357 ᾶοοίονννν
338 4292 445 4374 fuem’t.
1218 4287 1293 4353 dam
1320 4308 1385 4354 esse
1412 4289 1464 4354 die
1493 4287 1600 4370 lovis,
1619 4292 1706 4372 feria
1727 4293 1847 4374 quinta,
1871 4299 1944 4375 post
1962 4295 2080 4377 festum
2101 4297 2204 4363 sancti

273 4376 449 4461 chulares
480 4397 552 4442 vero
583 4375 794 4457 cuiuscunque
831 4375 955 4440 ordinis
987 4379 1062 4455 [pig.
1090 4378 1164 4453 121]
1221 4372 1329 4439 Iacobi
1352 4373 1540 4460 Apostoli.¹)

695 4579 748 4645 1s
770 4579 978 4662 annisis
1000 4576 1243 4646 sssfflocas
1265 4577 1524 4646 occasion
1545 4581 1696 4649 Palas.

274 4717 323 4783 Ut
351 4718 394 4783 sit
414 4718 451 4782 in
473 4717 535 4783 hoo
557 4717 688 4785 dearsto
710 4715 834 4800 aliquid
859 4716 944 4801 quod
970 4716 1169 4800 praefationi
1220 4717 1344 4780 sactum
1372 4725 1524 4798 apparot,
1555 4719 1642 4802 quod
1670 4742 1705 4785 se
1736 4720 1870 4787 dissidia
1897 4742 2095 4806 componore
2116 4725 2204 4793 velle

188 4801 402 4886 respondeat,
431 4802 540 4885 prima
566 4809 708 4886 quatuor
735 4805 843 4886 capita
864 4824 905 4867 cx
928 4802 1032 4869 veteri
1054 4801 1170 4885 proba·
1220 4802 1426 4883 praefentur,
1460 4823 1544 4885 quae
1578 4805 1640 4872 hoc
1672 4817 1820 4890 tempore
1846 4809 1972 4874 fuerint
2003 4811 2158 4878 excitata
2173 4815 2203 4897 ²)

177 4885 288 4972 ¹taqua
312 4885 872 4955 ccclesiaedoaanamutuantur:
903 4887 1084 4971 dequibus
1106 4887 1169 4953 soi·
1400 4939 1404 4947 .
1560 4960 1565 4970 ·
1678 4963 1683 4973 ⁴
1784 4963 1789 4974 ι
2117 4968 2123 4979 ι

188 4975 267 5041 liat
293 4973 378 5038 nisa
411 4980 484 5038 orat
502 4973 524 5055 ¹)
552 4974 807 5040 anniversa.
863 4974 977 5058 mque
1008 4973 1171 5039 massae
1223 4953 1321 5077 mli}
1337 4955 1498 5078 &quor
1519 4957 1617 5014 dnae
1636 4962 1693 5025 nv
1713 4961 1805 5015 cuno
1827 4961 1865 5015 a
1883 4961 1909 5016 a.
1929 4961 2017 5015 xm
2032 4979 2136 5020 uum
2154 4967 2203 5021 a

341 5163 348 5175 ·
1292 5089 1323 5155 2)
1340 5092 1434 5147 Venio
1450 5093 1476 5147 ts.
1496 5094 1513 5150 l.
1525 5096 1612 5163 ponta
1630 5098 1770 5152 verbosius
1786 5099 1826 5154 cic
1843 5099 1979 5154 mauri:
1996 5099 2104 5184 Pourcs
2120 5101 2203 5172 qu'ilz

260 5163 291 5231 1)
309 5170 362 5217 ent
378 5159 448 5216 lats
465 5175 537 5230 seqq.
1223 5165 1339 5216 metunt
1361 5175 1396 5214 su
1420 5172 1648 5220 commenccmcnt
1665 5167 1699 5221 de
1718 5173 1792 5223 ceste
1814 5168 1934 5237 presses,
1952 5169 1986 5223 dc
2003 5167 2113 5224 roulant
2129 5187 2203 5226 cvm-
