4620 5894
142 212 206 278 sas
887 204 1157 273 aurorane
1179 204 1414 273 unnoauu
1574 304 1576 308 ὗ
2101 214 2162 275 ιιι

143 406 219 464 tura
240 417 461 480 perceperam,
494 396 530 461 id
563 394 675 462 studui
707 394 849 460 fideliter
880 398 915 459 et
942 392 1030 459 clare
1059 406 1126 457 tra-
1181 404 1217 457 nt
1238 391 1359 459 talibus
1382 393 1496 459 offusis
1508 394 1661 476 tenebris,
1683 415 1817 461 omnem
1829 396 2021 463 divinitatis
2031 418 2162 465 sensum

144 484 268 564 derel)
312 483 426 567 Rogas
448 482 590 565 qualiter
616 478 876 565 regenerationis
899 478 1018 562 spiritu
1039 478 1126 545 vivi-
1179 499 1222 543 cx
1253 476 1425 544 hominum
1456 481 1616 546 memorie
1649 480 1796 547 deleret?
1841 481 1943 549 Certe
1973 503 2161 567 quanquam

144 571 269 637 ficetur.
314 566 409 649 Quae
442 567 587 651 loquutio
620 568 765 650 primum
793 565 901 631 aliena
928 565 1042 630 catab
1064 586 1126 630 usu
1179 563 1361 630 haereticos
1383 566 1577 649 praecipites
1602 567 1672 652 egit
1693 589 1755 633 sua
1774 569 1945 653 superbia,
1978 576 2161 635 esttamen

143 654 341 738 scripturae:
365 653 484 718 deinde
505 653 625 719 falsum
647 657 867 718 commentum
885 650 1010 734 resipit,
1033 651 1127 734 quasi
1178 656 1216 714 ut
1244 649 1422 732 plurimum
1451 650 1598 717 admixta
1626 653 1788 737 quaedem
1815 654 1994 720 temulenti
2021 654 2087 720 aeli
2112 656 2160 721 in·

144 741 280 840 spiritus
320 738 508 821 adoptionis
547 734 712 803 mortuam
751 737 849 803 fidem
884 736 1009 815 efferet,
1043 756 1126 820 quae
1179 736 1361 819 temperies.
1376 739 1400 814 ¹)
1443 736 1526 802 Vite
1547 745 1658 803 autem
1681 738 1814 807 Servati
1841 740 1950 825 magis
1973 740 2039 805 fuis
2061 740 2160 806 disso-

144 832 248 894 vrtem
268 823 387 890 deinde
402 831 573 890 mutuetur
590 845 610 888 a
626 823 883 909 regeneratione.
907 821 998 887 Vere
1015 832 1125 887 autem
1177 820 1265 899 luta,
1288 842 1386 904 quam
1408 829 1446 887 ut
1466 823 1625 907 suspicari
1647 824 1759 905 liceat,
1786 829 1939 904 errorel)
1963 825 2005 891 ad
2027 827 2160 892 turben·

145 912 226 978 fides
248 910 419 977 Christum
453 910 700 994 apprchendere
733 930 801 973 non
836 913 944 990 potest
977 912 1052 987 [pag.
1072 911 1127 987 57]
1178 905 1254 971 dam
1277 906 1451 973 ecclesiam
1472 909 1573 974 fuisse
1592 910 1783 992 impulsum.
1818 911 1938 995 Itaque
1957 933 1979 976 a
1999 910 2159 988 iudicibus

143 997 179 1063 in
201 997 370 1075 iustitiam,
404 996 484 1079 quin
511 996 609 1061 simul
639 993 865 1079 apprehendat
885 994 920 1058 in
942 993 1125 1060 sanetifica-
1176 993 1212 1056 in
1234 1013 1364 1059 carcere
1386 1001 1521 1079 rogatus
1543 995 1661 1081 (quum
1673 997 1792 1063 crassis
1813 998 2107 1081 superstitionibus
2126 1018 2159 1062 re

144 1085 277 1149 tionem
334 1082 452 1165 Itaque
486 1080 564 1164 quid
596 1082 656 1146 tibi
688 1081 788 1160 velis,
824 1101 889 1144 non
922 1099 1124 1161 assequerer,
1177 1079 1250 1160 ipsa
1272 1079 1477 1145 subscribere
1494 1102 1667 1163 nunquam
1680 1081 1873 1163 dubitasset,
1896 1082 2159 1150 liberioroetiam

144 1168 209 1235 uisi
226 1175 393 1251 utcunque
404 1168 471 1232 tuis
482 1166 607 1233 deliriis
619 1188 723 1232 essem
737 1166 947 1231 assuefactus.
971 1164 1123 1248 Ignosce:
1177 1163 1383 1248 indulgentie
1414 1185 1493 1249 prae
1526 1187 1561 1231 sc
1595 1167 1726 1233 tulisset
1757 1189 1826 1234 non
1860 1189 2068 1253 magnopere
2100 1167 2159 1233 sibi

143 1254 192 1318 ite
212 1274 266 1319 res
288 1274 341 1318 me
362 1253 394 1318 lo
417 1252 452 1318 ui
474 1253 570 1337 cogit.
615 1253 687 1337 Ego
716 1260 749 1317 te
776 1273 836 1317 nec
857 1249 921 1328 odi,
956 1271 1015 1316 nec
1047 1271 1125 1316 con-
1178 1268 1277 1315 curae
1299 1270 1371 1316 esse
1383 1251 1449 1316 Dei
1471 1251 1650 1333 cultum)⁸)
1673 1252 1763 1318 unde
1782 1253 1831 1318 illi
1848 1261 1966 1319 tantus
1988 1255 2102 1321 fervor
2121 1253 2159 1319 ad

143 1345 264 1418 temno,
298 1360 360 1405 noc
392 1274 509 1404 durius
538 1339 693 1405 insectari
720 1336 829 1412 velim.
874 1336 977 1418 Atqui
1000 1336 1125 1401 ferrcus
1178 1354 1233 1399 res
1242 1336 1428 1402 novandas:
1449 1336 1622 1403 obmutuit.
1644 1338 1715 1404 Neo
1732 1358 1811 1405 sane
1828 1347 1900 1404 erat
1917 1339 2009 1423 quod
2031 1338 2158 1419 diceret,

143 1424 216 1505 sim,
239 1423 306 1490 nisi
324 1444 541 1503 commovear,
559 1445 662 1507 quum
680 1430 713 1488 te
730 1442 830 1489 senae
847 1421 1014 1487 doctrinae
1032 1428 1127 1486 tanta
1178 1420 1243 1484 nisi
1277 1440 1313 1485 se
1334 1421 1369 1485 in
1386 1423 1486 1488 rebus
1508 1424 1609 1489 sacris
1635 1424 1739 1490 fuisse
1761 1424 1936 1505 audacem,
1969 1424 2070 1508 quasi
2091 1423 2158 1490 Deo

142 1512 311 1597 protervia
332 1510 492 1576 insultare
514 1509 618 1575 video.
1178 1503 1316 1571 illudere
1343 1505 1466 1573 liceret.
1510 1508 1553 1573 In
1573 1510 1645 1591 ipsa
1672 1530 1769 1593 porro
1799 1530 1917 1576 causae
1943 1510 2075 1576 actione
2095 1530 2159 1574 non

230 1595 407 1661 Neminem
429 1597 500 1661 sine
521 1595 735 1679 promissione
769 1593 940 1659 iustificari
973 1591 1124 1659 concedo.
1179 1591 1378 1657 coniecturis
1410 1600 1539 1658 tentum
1572 1602 1702 1673 notate,
1742 1595 1799 1660 sed
1834 1596 2025 1661 manifestis
2060 1596 2159 1680 signis

144 1682 283 1762 Verum,
305 1680 334 1745 si
353 1680 431 1746 inde
447 1680 571 1747 inserta
588 1703 656 1746 non
673 1680 844 1746 iustificari
861 1678 1027 1763 parvulos,
1050 1678 1127 1762 quia
1180 1674 1386 1760 deprehensa
1417 1678 1481 1743 fuit
1512 1679 1583 1746 eius
1614 1681 1774 1764 impietas.
1823 1679 1938 1762 Quum
1968 1680 2096 1747 diceret
2120 1703 2158 1746 ex

143 1767 395 1851 promissionem
415 1787 482 1832 non
500 1768 691 1851 percipiant,
714 1768 827 1850 inepta
844 1766 909 1830 erit
925 1784 1126 1847 consequen·
1179 1762 1313 1860 propria
1334 1762 1399 1827 Dei
1421 1763 1606 1830 substantie
1628 1787 1699 1831 esse
1721 1787 1837 1831 omnes
1854 1773 2044 1847 creaturas,
2066 1774 2158 1850 atque

144 1854 200 1918 tia.
245 1853 360 1935 Neque
382 1853 471 1918 eninr
500 1852 541 1917 ed
568 1853 657 1936 ipsos
685 1851 874 1936 diriguntur
901 1849 1127 1934 promissionis
1178 1858 1227 1912 1ta
1248 1847 1359 1913 omnia
1384 1870 1455 1914 esse
1478 1848 1613 1914 deorum
1633 1851 1733 1934 plena
1756 1854 1847 1935 (nem
1868 1853 1932 1918 hoc
1953 1852 2055 1917 modo
2077 1852 2158 1936 loqui

144 1939 255 2017 rerba,
278 1938 337 2003 sed
359 1937 401 2003 ed
422 1949 541 2021 patres.
1177 1939 1211 1998 et
1232 1933 1374 1999 scribere
1397 1935 1485 2016 quod
1512 1936 1689 2002 meditatus
1712 1945 1797 2015 erat,
1820 1958 1887 2003 non
1912 1938 2080 2021 erubuit),
2102 1958 2157 2022 ego

231 2024 340 2089 Homo
363 2025 513 2090 internus
535 2024 640 2090 Paulo
669 2043 736 2088 non
765 2022 929 2106 significat
956 2021 1126 2085 hominem
1178 2018 1376 2102 indignitate
1398 2020 1592 2087 vulneratus
1614 2030 1729 2087 contra
1754 2025 1883 2106 excepi:
1925 2021 2020 2103 Quid
2042 2022 2156 2089 miser?

144 2131 277 2189 novum,
301 2109 577 2192 quemadmodum
598 2116 702 2192 putas.
732 2108 870 2188 Verum,
893 2108 1014 2172 omissa
1031 2104 1127 2171 verbi
1181 2105 1305 2187 siquis
1337 2105 1565 2187 pavimentum
1591 2108 1652 2174 hoc
1675 2107 1843 2188 calcando,
1873 2130 1908 2173 se
1931 2108 2048 2173 Deum
2070 2118 2157 2174 tuum

145 2195 377 2273 controversia,
401 2196 429 2261 si
446 2197 558 2278 cupias
582 2215 624 2258 ex
646 2216 699 2259 me
721 2194 845 2260 discere
867 2192 942 2276 quis
964 2193 1009 2257 sit
1028 2190 1126 2256 homo
1179 2189 1304 2255 calcare
1327 2190 1429 2271 dicat,
1463 2212 1505 2256 en
1528 2214 1594 2257 non
1623 2202 1655 2257 te
1683 2192 1819 2277 pudebit
1839 2201 1955 2259 tentae
1978 2195 2157 2260 absurdita-

145 2282 277 2366 genitus
299 2303 341 2344 cx
363 2282 450 2345 Deo:
479 2281 623 2364 reperies
645 2280 776 2363 plenam
799 2279 871 2344 eius
891 2278 940 2343 rei
962 2277 1125 2342 definitio·
1178 2274 1284 2359 tis?⁴)
1329 2276 1423 2342 'func
1444 2277 1515 2342 ille:
1544 2279 1617 2363 Ego
1640 2300 1719 2345 vero
1742 2286 1774 2343 et
1797 2301 1971 2346 scamnum
1982 2283 2013 2358 ⁵)
2036 2281 2109 2359 hoc,
2129 2292 2157 2345 et

147 2388 222 2431 nem
245 2367 280 2430 in
303 2366 445 2431 seeundo
469 2366 692 2431 Institutionis
715 2365 867 2447 capite.‘²)
1178 2358 1334 2444 quidquid
1352 2362 1513 2441 ostendes,
1536 2365 1601 2429 Dei
1618 2366 1836 2430 substantiam
1856 2387 1928 2431 ease
1949 2387 2020 2431 non
2043 2366 2155 2433 dubita

232 2451 317 2516 Dico
340 2452 466 2516 animas
491 2459 621 2516 nostres
643 2456 804 2534 quatenus
830 2448 895 2515 fide
924 2454 1004 2513 sunt
1030 2468 1126 2512 reno·
1179 2445 1294 2527 Quum
1322 2470 1438 2513 rursus
1466 2450 1630 2514 obiectum
1657 2452 1753 2515 foret:
1788 2452 1879 2535 Ergo
1910 2451 2067 2518 diabolus
2089 2453 2155 2518 sub·

147 2545 253 2614 ratae,
275 2557 355 2603 vere
376 2537 411 2600 in
434 2556 536 2601 coena
558 2537 602 2602 eli
620 2558 640 2601 a
658 2535 808 2602 Christo:
831 2556 893 2601 neo
914 2553 987 2599 esse
1008 2532 1126 2617 imagi·
1179 2532 1379 2598 stantialiter
1400 2535 1494 2600 Deus
1522 2537 1599 2600 erit:
1635 2536 1689 2601 ille
1722 2538 1757 2600 in
1790 2537 1995 2604 cachinnum
2021 2539 2154 2603 solutus:

147 2624 275 2688 neriam
300 2622 369 2688 illie
397 2623 723 2689 communicationem
745 2620 881 2699 Christi,
917 2618 974 2686 sad
1001 2639 1125 2685 veram.
1178 2620 1234 2682 An
1257 2617 1320 2681 hoc
1341 2617 1433 2685 vobis
1461 2620 1597 2686 dubium
1627 2622 1698 2687 est?
1731 2623 1766 2687 in
1789 2624 1851 2687 uit:
1887 2622 1950 2689 hoc
1978 2645 2063 2690 vero
2085 2623 2155 2689 mihi

233 2708 326 2789 qnae
349 2709 448 2772 fuerit
469 2709 577 2793 gretia
598 2707 760 2774 adventus
783 2705 917 2784 Christi,
946 2704 1079 2788 etquid
1106 2724 1128 2767 a
1179 2704 1332 2786 generale
1352 2706 1551 2789 principium
1569 2715 1628 2786 est,
1651 2730 1691 2772 ex
1713 2645 1848 2774 traduce
1869 2708 1936 2773 Dei
1958 2710 2074 2795 orta⁶)
2095 2729 2155 2775 esse

145 2794 296 2877 patribus
319 2794 520 2872 differamus,
543 2794 688 2876 reperies
710 2793 746 2858 in
768 2792 874 2875 capite
895 2791 935 2856 de
955 2789 1071 2855 Veteri
1095 2798 1128 2854 et
1180 2789 1306 2866 omnia,
1336 2799 1369 2854 et
1395 2814 1507 2856 rerum
1534 2802 1690 2858 naturam
1719 2815 1790 2859 esse
1818 2792 2081 2861 substantialem
2101 2794 2154 2859 Dei

145 2880 240 2946 Novo
271 2881 533 2958 Tcstamonto.⁸)
583 2880 685 2944 Faxit
712 2880 876 2944 Dominus
908 2885 946 2943 ut
980 2875 1125 2959 deposito
1179 2875 1341 2957 spiritum.

147 2965 319 3048 supercilio
359 2966 522 3032 sustineas
563 2965 697 3031 humilis
736 2985 808 3030 esse
847 2962 996 3030 veritatis
1031 2961 1127 3025 disci·
1266 2961 1439 3026 Prolatum
1462 2972 1513 3026 est
1534 2962 1764 3047 Geographiae
1784 2965 1974 3030 Ptolemaei
1998 2967 2155 3043 volumen,

145 3052 254 3136 palus.
1180 3067 1255 3111 cum
1270 3047 1341 3111 eius
1353 3050 1553 3129 praefatione
1566 3049 1701 3127 editum,
1716 3051 1771 3114 ubi
1782 3058 1964 3115 monentur
1976 3051 2155 3135 lectores,²)

232 3166 236 3174 ·
1180 3136 1316 3212 [paam]
1328 3134 1379 3197 vel
1390 3134 1511 3198 iniuria
1520 3134 1831 3216 relpuraiactentie
1840 3144 1974 3200 tantam
1983 3138 2155 3204 bonitatem

589 3261 592 3265 -
618 3263 630 3266 -›
666 3260 744 3267 --—
1179 3217 1323 3283 Iudaeae
1345 3220 1447 3284 fuisse
1469 3220 1684 3304 adscriptam:
1707 3222 1785 3303 quie
1806 3224 2021 3303 experientia
2043 3243 2154 3290 merca·

1179 3311 1290 3368 torum
1322 3303 1407 3369 hanc
1441 3306 1613 3385 incultam,
1655 3306 1816 3384 sterilem,
1858 3309 1952 3374 omni
1993 3308 2155 3375 dulcedine

1180 3397 1345 3454 carentem
1385 3389 1554 3473 depromit.
1611 3391 1723 3473 Quum
1750 3392 1844 3457 initio
1884 3393 2153 3471 obmurmuraret

233 3477 307 3542 Hoc
329 3480 464 3559 puto,⁴)
491 3476 627 3542 evidens
651 3478 784 3562 signum
806 3478 870 3542 luit
896 3478 1073 3560 praefracti
1095 3485 1129 3541 et
1180 3475 1242 3540 hoc
1271 3475 1312 3540 ab
1341 3475 1405 3540 elio
1428 3479 1586 3559 scriptum
1606 3498 1691 3543 esse:
1733 3487 1800 3542 tam
1823 3478 1987 3562 frigidum
2010 3482 2154 3547 cavillum

146 3561 355 3628 indomabilis
380 3563 538 3646 spiritus,
573 3562 659 3645 quod
681 3572 810 3627 tantum
843 3563 923 3628 diris
952 3571 1067 3646 postea
1095 3570 1128 3628 et
1180 3561 1329 3627 refellere
1349 3571 1540 3645 promptum
1562 3564 1632 3627 fuit.
1670 3563 1758 3628 Nam
1775 3563 1836 3628 hoc
1855 3563 1954 3630 modo
1979 3566 2154 3649 deprehen·

148 3648 428 3713 exsecrationibus
451 3646 615 3732 agendum
634 3649 696 3713 sibi
737 3650 850 3713 utavit.
875 3649 973 3714 (lerte
989 3648 1127 3717 verbum
1181 3668 1237 3712 sus
1268 3655 1339 3712 erat
1371 3650 1564 3714 manifestus
1594 3649 1761 3732 impostor.
1813 3651 1905 3733 Ergo
1940 3651 2098 3719 redactus
2126 3651 2154 3714 in

146 3733 281 3798 Domini
304 3732 396 3797 foede
418 3755 477 3816 pro
489 3755 550 3798 sua
560 3734 695 3799 libidine
709 3672 898 3816 discerpens
912 3734 999 3800 claro
1017 3743 1126 3801 osten·
1151 3698 1155 3817 i
1179 3733 1252 3796 illas
1270 3734 1451 3815 angustias,
1476 3743 1564 3799 recte
1583 3736 1743 3818 scriptum
1762 3757 1833 3801 esso
1856 3736 2018 3802 defendit.
2056 3739 2153 3820 Roga·

147 3819 209 3898 dit,
231 3840 350 3901 susque
371 3817 474 3901 dequo
494 3820 555 3884 sibi
578 3839 649 3885 osse
672 3827 774 3884 totam
796 3820 856 3884 reli
884 3819 1005 3900 onem,
1029 3820 1125 3884 modo
1151 3820 1154 3831 '
1179 3825 1233 3882 tus
1255 3816 1374 3882 deinde
1395 3822 1546 3900 quisnam
1569 3841 1675 3885 vanus
1697 3821 1753 3886 ille
1775 3843 1893 3904 praeco
1916 3822 2065 3890 Iudaeae
2087 3825 2153 3888 fuis·

146 3905 347 3989 petulantiae
372 3926 450 3970 suae
479 3926 605 3970 morem
632 3915 770 3990 gereret.
822 3910 854 3971 A
904 3906 1000 3984 haec,
1030 3905 1126 3988 quale
1179 3911 1229 3967 set
1250 3911 1382 3986 praeter
1405 3905 1568 3990 Moysen?
1598 3906 1704 3986 Quasi
1727 3907 1797 3986 elii,
1821 3908 1945 3990 inquit,
1970 3931 2040 3974 non
2064 3908 2152 3991 scrip

147 3991 188 4056 de
211 4012 248 4056 eo
269 3990 403 4056 homine
421 3989 577 4057 iudicium
589 3992 741 4069 feremus,
765 3992 816 4055 cui
830 3993 891 4057 hoc
906 4013 1013 4055 unum
1026 3992 1126 4054 fuisse
1179 3990 1284 4053 serint
1312 3989 1352 4054 de
1375 3990 1506 4056 Iudaea.
1556 3992 1622 4056 Hic
1650 3992 1735 4075 quod
1762 4015 1897 4059 necesse
1931 4003 2006 4059 erat
2036 3995 2150 4077 excepi:

145 4079 352 4159 propositum
374 4077 484 4159 palam
508 4084 566 4155 est,
590 4087 627 4141 ut
648 4077 804 4160 quidquid
827 4097 972 4159 unquam
991 4075 1031 4140 dc
1049 4076 1126 4141 reli·
1180 4074 1279 4140 Certe
1308 4084 1345 4139 ut
1373 4077 1428 4140 alii
1462 4099 1535 4143 cum
1559 4078 1676 4163 Moyse
1698 4080 1918 4157 consentiant,
1951 4083 2032 4163 quia
2055 4091 2149 4145 temen

146 4163 243 4247 gione
267 4166 342 4242 [pag.
359 4169 412 4243 58]
436 4162 597 4228 traditum
618 4164 690 4243 fuit,
713 4162 805 4227 nullo
828 4161 975 4228 adhibito
997 4162 1126 4228 delectu

146 4248 355 4328 convelleret,
378 4249 443 4314 nisi
462 4249 549 4315 hanc
567 4258 716 4333 captasse
728 4249 849 4314 laboris
867 4249 920 4312 sui
931 4249 1125 4327 mercedem,

1249 4298 1279 4362 1)
1298 4313 1470 4352 commeans
1489 4301 1666 4369 yvrongnerie
1684 4301 1785 4355 meslee
1806 4304 1892 4368 parmi
1911 4303 1975 4357 leur
1993 4305 2124 4358 ambition.

1247 4366 1276 4429 2)
1295 4383 1346 4435 per
1365 4384 1458 4422 erreur
1476 4384 1510 4421 on
1530 4369 1588 4422 zele
1607 4369 1784 4424 inconsidcre.

1248 4435 1279 4501 3)
1304 4439 1369 4500 (reu
1396 4454 1448 4504 que
1475 4438 1567 4490 iamais
1593 4437 1695 4491 rr’evoit
1722 4438 1788 4491 saict
1815 4440 1946 4507 scrupula
1971 4440 2069 4495 d'eller
2093 4443 2108 4494 ὲ
2128 4438 2146 4490 u

215 4504 245 4572 1)
268 4505 341 4559 Aac.
370 4521 403 4558 cn
429 4520 491 4558 mon
518 4507 686 4571 Institution,
718 4520 748 4558 ce
781 4521 834 4573 que
857 4504 928 4558 Dieu
953 4504 1023 4558 m'en
1051 4507 1126 4559 auoit
1179 4520 1266 4559 messe
1292 4511 1320 4558 et
1344 4503 1496 4559 s’accorder
1521 4522 1586 4560 avec
1615 4514 1705 4560 tontes
1729 4507 1768 4559 les
1792 4509 1987 4576 superstitione
2011 4511 2045 4564 de
2068 4511 2094 4563 le
2109 4508 2146 4560 Pa-

148 4572 243 4628 doune.
1179 4575 1275 4642 pente:
1299 4590 1350 4627 ven
1376 4576 1442 4628 ussi
1460 4573 1524 4642 qu’il
1543 4577 1616 4629 avoit
1635 4577 1692 4629 oste
1711 4575 1848 4630 tonsiours
1872 4578 1926 4630 bon
1947 4594 2113 4648 compagnon
2127 4584 2146 4627 el

215 4642 246 4703 2)
266 4642 350 4695 Nunc
367 4642 412 4695 lib.
431 4639 475 4694 11.
493 4658 552 4708 rap.
571 4641 596 4694 4.
1179 4645 1233 4696 bon
1251 4647 1361 4709 rustre.)

215 4708 245 4774 3)
270 4708 346 4764 Tunc
368 4709 420 4764 XI.
436 4717 531 4777 postea
549 4712 594 4766 lib.
615 4713 658 4765 ΙΙ.
677 4728 736 4780 cap.
757 4710 798 4764 10.
820 4711 859 4764 11.
1248 4709 1277 4774 4)
1297 4710 1457 4765 n'aurois-tu
1475 4713 1553 4779 point
1576 4712 1691 4766 horreur
1714 4709 1816 4766 d'avoir
1834 4713 1982 4770 assubietti
2005 4716 2032 4770 lu
2050 4714 2145 4768 malasti

214 4775 245 4840 4)
264 4777 320 4831 Hic
342 4779 478 4833 evidenter
501 4785 595 4847 calor,
619 4783 745 4835 absolata
769 4780 808 4834 ed
827 4779 932 4833 Seresti
953 4781 1126 4848 quaesitores
1179 4779 1212 4833 de
1230 4779 1300 4832 Dieu
1318 4781 1389 4834 atel
1408 4780 1563 4848 opprobre?

145 4847 333 4912 responsione,
357 4848 429 4900 redit
447 4848 652 4903 adorationem
669 4866 749 4904 suem
762 4849 924 4918 polemicam
943 4852 1001 4901 sive
1018 4850 1125 4915 seposi-
1246 4846 1277 4911 5)
1296 4864 1326 4901 ce
1345 4849 1413 4902 banc
1432 4857 1460 4902 et
1478 4865 1508 4903 ce
1527 4848 1619 4902 buffet.

145 4914 246 4968 tioneor
271 4930 395 4967 errorum
420 4932 476 4984 que
501 4933 588 4986 supra
613 4935 677 4987 pap.
696 4918 731 4973 37
756 4921 875 4986 abrupta
902 4917 940 4971 ad
968 4917 1127 4971 αᾱυενεανίι·
1151 4950 1153 4977 ÷
1247 4915 1276 4978 6)
1296 4933 1347 4970 une
1367 4919 1454 4984 partie
1474 4924 1502 4970 et
1520 4919 1628 4985 portion
1647 4917 1680 4971 de
1700 4917 1778 4970 Dieu.

144 4997 264 5051 suasque
280 4984 369 5050 ipsius
386 4984 587 5040 lucubrationes
600 4988 709 5055 mallem
727 4993 859 5042 exaratos
876 4985 1005 5053 delapsus
1022 4986 1123 5051 ficerat.
1150 4980 1153 5049 l
1248 4983 1278 5052 7)
1295 4988 1330 5037 ou
1348 4986 1430 5039 ledict
1448 4986 1543 5039 Servat
1565 5002 1595 5040 se
1613 4994 1692 5039 vante
1710 4985 1769 5038 d‘en
1788 4986 1866 5039 avoir
1884 4990 1945 5042 este
1964 4989 1990 5043 le
2008 4994 2144 5042 correctenr

152 5051 251 5106 Veram
277 5053 307 5105 in
334 5052 412 5106 lebria
436 5053 518 5108 editis
544 5056 649 5110 nullum
676 5057 758 5111 baias
784 5056 955 5112 diversitatis
980 5055 1124 5123 vestipiam
1150 5058 1153 5105 1
1179 5062 1208 5107 et
1225 5052 1268 5122 d’y
1286 5054 1363 5108 avoir
1385 5056 1452 5108 faict
1474 5055 1542 5108 bons
1565 5054 1799 5109 advertissemens.
1836 5053 1874 5108 Or
1894 5056 1988 5124 quand
2006 5073 2036 5112 ce
2053 5052 2143 5108 vientl

144 5122 320 5190 conspicitur.
1150 5116 1153 5164 l
1179 5122 1207 5176 la
1225 5131 1296 5177 terre
1316 5121 1348 5176 dc
1367 5123 1449 5177 ludee
1468 5124 1485 5176 il
1504 5123 1621 5177 advertit
1638 5124 1678 5178 les
1696 5124 1815 5178 lecteurs
1833 5129 1883 5177 etc.
