4620 5894
968 202 1338 279 Bfionneoemnn.
1752 242 1756 249 ·
1984 210 2164 281 XXXVII

305 393 425 462 Versie
452 393 572 480 gallias
597 394 703 478 ipsius
732 400 893 460 traetatus
920 393 1044 478 legitur
1069 393 1105 459 iu
1132 392 1322 460 collectione
1350 394 1485 460 Beeana
1504 413 1578 480 pag.
1603 398 1808 462 eto-1009
1829 404 1864 464 et
1885 399 1973 484 apud
1996 399 2164 468 Steerium

143 526 222 592 pag.
248 509 483 571 loll-1150.
527 504 704 572 (laetorum
731 507 772 572 ab
800 504 979 590 arehetype
1006 505 1210 590 plurifariam
1239 503 1358 572 differt.
1402 505 1485 573 Post
1510 506 1696 590 Epistolam
1724 506 1766 574 ad
1795 509 1969 577 Leoterem
1996 513 2031 577 in
2059 513 2163 579 latine

145 617 329 701 exemplari
357 618 509 701 proxime
536 617 629 686 venit
655 616 848 682 Admonitio
875 617 1079 702 legatorum
1107 616 1193 684 sedis
1217 617 1416 700 apostolieae
1444 618 1480 683 in
1506 619 1616 703 prima
1641 620 1786 686 sessione
1806 622 1987 705 praeleeta;
2015 624 2164 708 sequitur

143 729 316 797 Praefatio
344 727 479 796 Oalvini
511 730 547 794 in
573 749 672 794 suum
700 728 913 794 Antidotum:
946 729 982 795 in
1013 728 1132 814 gallieo
1164 749 1245 797 vero
1278 730 1359 795 haee
1385 730 1549 814 posterior
1579 731 1739 814 praefatio
1771 732 1863 799 illam
1891 733 2164 801 Admonitionem

143 839 322 927 praeeedit
366 841 452 906 'l'um
479 839 630 907 Oenones
657 839 698 906 de
722 840 976 920 Iustifieatiene,
1009 840 1068 925 qui
1094 839 1136 905 ed
1160 841 1340 906 Decretum
1368 848 1483 908 sextae
1512 842 1667 908 sessionis
1693 844 1875 927 pertinent,
1905 845 1942 909 in
1968 845 2073 912 latino
2098 846 2164 930 ipsi

146 952 281 1020 deerete
302 952 416 1018 stetim
438 950 659 1019 subiiciuntur
681 959 715 1017 et
735 951 935 1019 Antidotum
956 952 993 1018 in
1013 958 1187 1036 utramque
1208 952 1396 1019 doeumenti
1416 961 1545 1037 partem
1566 955 1704 1021 iunetim
1726 962 1876 1022 extremo
1896 956 1970 1024 loeo
1991 959 2098 1024 venit:
2126 959 2164 1023 in

144 1063 266 1151 galliae
294 1062 462 1131 deeretum
490 1085 565 1132 eum
586 1084 647 1130 sne
669 1063 819 1130 antidoto
839 1064 985 1147 primum
1007 1065 1144 1130 seorsim
1166 1064 1313 1148 ponitur,
1342 1086 1408 1148 quo
1430 1065 1577 1131 absoluto
1600 1065 1734 1131 demum
1754 1066 1910 1151 leguntur
1932 1068 2099 1149 Oenones,
2128 1076 2163 1137 et

145 1173 281 1261 quidem
307 1176 431 1261 singuli
458 1176 570 1244 addita
595 1197 744 1243 eensura.
789 1176 855 1242 Hie
882 1175 1113 1260 disputationis
1139 1175 1219 1242 orde
1245 1176 1281 1241 in
1308 1177 1444 1244 eaeteris
1466 1176 1615 1262 partibus
1637 1177 1747 1262 gallioi
1768 1177 1845 1244 libri
1867 1200 1935 1244 non
1957 1178 2161 1248 observatur.

143 1287 220 1354 Iam
241 1296 277 1354 et
298 1288 406 1354 versio
427 1289 501 1373 ipsa
522 1289 563 1355 ab
584 1287 763 1374 arehetype
784 1287 899 1354 multis
921 1287 957 1352 in
974 1286 1054 1354 loeis
1072 1286 1217 1367 diseedit,
1240 1287 1394 1355 liberiore
1411 1288 1536 1355 scilieet
1555 1287 1629 1354 stilo
1648 1288 1835 1370 deourrens,
1858 1291 1958 1357 simul
1976 1298 2009 1356 et
2027 1293 2161 1375 seriore,

144 1400 239 1485 qnasi
255 1420 318 1484 per
328 1400 489 1466 maiorem
501 1401 661 1467 sermonis
678 1398 847 1468 vernaculi
861 1399 1044 1466 lieentiam:
1067 1401 1114 1464 ita
1134 1399 1266 1484 quidem
1285 1406 1324 1465 ut
1344 1421 1412 1465 non
1432 1400 1531 1467 mode
1549 1399 1724 1468 verborum
1742 1408 1776 1468 et
1792 1402 2014 1485 epitheterum
2035 1404 2162 1472 lusibus

144 1510 336 1592 translator,
359 1511 510 1596 quisquis
531 1512 587 1579 ifle
608 1513 717 1593 fuerit,
739 1512 774 1576 in
795 1510 915 1577 Patres
936 1509 1159 1592 Tridentium,
1182 1532 1263 1595 qnos
1285 1510 1447 1578 Calvinus
1463 1513 1534 1597 ipse
1556 1514 1664 1580 ioeese
1682 1513 1868 1598 Neptunios
1885 1514 2050 1600 appellare
2067 1516 2161 1598 solet,

143 1623 334 1703 invehatur,
357 1622 415 1689 sed
445 1629 480 1689 et
500 1623 710 1708 interspersis
731 1623 855 1707 passim
876 1622 1056 1689 historiolis
1077 1643 1189 1688 eorum
1212 1643 1308 1689 aures
1330 1630 1365 1689 et
1385 1625 1507 1690 famam
1526 1626 1739 1709 perstringat.
1783 1625 1838 1691 Ex
1856 1624 1910 1690 his
1926 1625 2049 1694 talibrm
2066 1627 2163 1695 faeile

144 1734 264 1821 aliquis
286 1734 455 1820 eollegerit
475 1735 585 1820 ipsum
605 1734 784 1803 Calvinum
805 1733 994 1801 eendendae
1013 1733 1091 1802 huie
1112 1733 1266 1816 versioni,
1290 1734 1399 1819 aliqua
1420 1736 1537 1802 saltem
1559 1757 1601 1802 ex
1623 1743 1725 1820 parte,
1748 1756 1885 1803 manum
1909 1737 2101 1819 admovisse,
2125 1745 2160 1806 et

142 1854 294 1914 noetrum
315 1866 388 1913 esse
409 1847 552 1913 officium
574 1847 730 1913 duximus
750 1847 945 1913 varietatem
966 1848 1142 1935 utriusque
1162 1852 1277 1912 textus
1299 1845 1490 1932 diligentins
1511 1847 1547 1912 in
1569 1849 1718 1933 margine
1740 1859 1864 1915 notare.
1990 1921 1992 1925 ,

298 1959 472 2025 Postremo
493 1957 645 2024 leotorem
668 1959 829 2025 monitum
851 1957 1001 2038 velimus,
1023 1959 1090 2024 iam
1108 1963 1185 2023 ante
1204 1956 1383 2025 Oelvinum
1403 1965 1517 2026 eontra
1533 1958 1675 2025 (loueilii
1693 1959 1878 2026 Tridentini
1901 1967 1975 2027 aete
1991 1961 2160 2045 seripsisse

142 2070 438 2138 lelanohthonem
465 2070 575 2137 virum
601 2091 777 2137 summum.
821 2070 926 2137 Onius
953 2069 1066 2153 seripti
1094 2068 1264 2154 exemplar
1288 2068 1507 2155 archetypum
1529 2071 1704 2138 habuimus
1732 2093 1774 2138 ex
1796 2071 1995 2140 bibliotheea
2014 2073 2157 2140 lenensi

144 2182 274 2250 Iitnlus
306 2189 372 2248 est:
412 2182 516 2249 Aeta
543 2182 723 2250 Geneilii
750 2181 990 2249 Tridentini
1016 2201 1123 2248 anno
1149 2178 1338 2247 MDXLVI
1366 2181 1564 2250 eelebrati
1593 2205 1676 2250 una
1702 2205 1788 2251 eum
1817 2185 2159 2252 annotationibus

143 2295 223 2380 piis
255 2301 296 2360 et
326 2293 439 2361 leetn
472 2293 740 2380 dignissimis.
784 2294 889 2360 Item
922 2293 1031 2360 ratio
1061 2314 1133 2359 our
1165 2293 1230 2377 qui
1262 2293 1561 2361 eonfessionem
1588 2297 1869 2382 Angustanam
1904 2296 2160 2380 profitentur

142 2428 219 2473 nen
237 2425 333 2472 esse
354 2403 665 2473 assentiendum
686 2406 845 2491 iniquis
866 2404 1040 2471 eeneilii
1060 2403 1297 2470 aridentini
1321 2406 1545 2473 sententiis
1566 2405 1822 2489 iudiearunt,
1844 2428 1904 2492 per
1919 2407 2160 2492 Philippum

144 2517 516 2586 Melanohthonem.
538 2517 739 2585 MDXLVI.
785 2517 1028 2600 Quaternienes
1049 2515 1150 2583 libelli
1173 2521 1252 2584 sunt
1272 2516 1490 2602 undeviginti.
1534 2515 1588 2585 De
1610 2539 1674 2604 quo
1695 2519 1833 2586 fortasse
1853 2541 1920 2586 nen
1943 2527 2015 2587 eret
2035 2526 2074 2586 ut
2095 2520 2159 2621 hoo

143 2629 211 2696 loeo
237 2630 341 2697 verba
368 2629 552 2696 faceremus
577 2631 641 2696 nisi
669 2650 747 2695 eum
774 2651 850 2696 eum
878 2636 992 2696 nostro
1014 2628 1200 2696 ealviniano
1221 2649 1397 2712 perperam
1417 2650 1437 2695 a
1458 2629 1626 2695 nonnullis
1648 2630 1804 2697 eonfundi
1826 2629 2037 2714 vidissemus,
2059 2653 2160 2716 quem
2293 2713 2295 2717 Ι

146 2763 286 2809 errorem
307 2743 346 2807 in
368 2742 440 2828 ipso
462 2741 607 2809 ienensis
628 2740 827 2825 exemplaris
848 2741 956 2807 fronte
977 2739 1155 2824 aquodam
1177 2740 1278 2806 soiele
1300 2749 1462 2807 assertum
1483 2739 1769 2825 deprehendimus.

942 3069 1147 3156 CAPUT
1185 3068 1359 3153 XXIII.

212 3291 819 3394 loveamssnumvv
860 3289 1651 3538 eonveqsfflq’ssvnoueem
1692 3292 2089 3394 rueremmu.
2210 3216 2212 3221 ¹

296 3652 387 3717 Besa
408 3658 442 3716 et
462 3649 663 3717 (lelladenus
684 3650 773 3718 hune
795 3649 943 3717 libellum
967 3650 1009 3716 ad
1032 3672 1060 3717 a.
1085 3653 1168 3714 1548
1189 3650 1346 3717 referunt.
1390 3649 1541 3732 Quorum
1558 3650 1617 3716 ille
1633 3650 1676 3716 ad
1693 3651 1784 3718 huno
1801 3672 1927 3717 annam
1944 3654 2027 3720 haee
2043 3653 2157 3720 hebet:

149 3763 342 3849 Astrelepv'ae
367 3782 464 3846 qaam
488 3762 695 3829 iadieiomem
720 3767 843 3843 vocent,
878 3763 931 3828 eei
950 3761 1133 3844 plaseemn
1160 3761 1296 3828 abuero
1315 3781 1377 3828 eea
1393 3763 1497 3845 pauci
1517 3763 1716 3844 adeonae,
1744 3763 1918 3847 salsitatem
1939 3770 1967 3829 et
1988 3766 2159 3833 bomem

152 3874 374 3960 daretem
400 3874 500 3942 leaeo
520 3874 675 3958 patefecit.
717 3875 784 3941 Hie
805 3894 885 3940 vero
907 3874 956 3940 sie
977 3873 1106 3940 seribit:
1143 3871 1331 3958 Daeeotoqe
1352 3874 1526 3940 desederit
1546 3878 1648 3941 eontra
1668 3873 1857 3960 lesbelepie
1876 3874 2046 3942 iudmieire
2068 3897 2158 3960 pour

150 3992 299 4054 member
329 4007 389 4069 que
419 3987 487 4054 aue
518 3986 665 4053 esriess'tt
693 3990 771 4053 a’est
798 3985 964 4053 aeaeae
990 3984 1170 4053 eenoenable
1195 4005 1264 4050 aaa
1292 3982 1484 4052 Obreetiese:
1515 4005 1628 4052 eemeae
1653 3985 1687 4051 ld
1713 3988 1740 4053 il
1766 3987 1892 4054 desiuit
1917 3987 1952 4054 le
1977 3987 2065 4052 ebesa
2085 3987 2156 4053 bien

148 4101 393 4180 peremant,
424 4098 560 4165 corbion
584 4120 644 4182 que
669 4118 702 4164 ee
727 4099 787 4165 seit
811 4117 889 4165 aerae
908 4096 1064 4180 prodixit&
1088 4117 1267 4180 enauyeaee.
1311 4095 1475 4164 Editienis
1501 4116 1584 4163 vero
1612 4098 1674 4164 hoo
1696 4119 1784 4163 anno
1806 4099 1955 4182 signatae
1977 4098 2156 4182 vestigium

151 4232 310 4296 nusquam
335 4219 499 4278 terrarum
527 4209 817 4295 deprehendimus,
846 4217 879 4276 et
904 4210 987 4277 eitra
1016 4208 1150 4276 dubium
1179 4230 1232 4275 res
1256 4209 1304 4275 ita
1328 4207 1532 4292 expedienda
1553 4209 1617 4275 erit
1637 4215 1683 4297 nt
1696 4209 1811 4293 seripti
1832 4209 1924 4294 erige
1947 4208 1989 4275 ad
2009 4209 2155 4293 priorem

151 4341 269 4389 annum
290 4322 464 4402 referatur,
486 4321 685 4410 typographi
707 4329 818 4387 autem
840 4341 941 4406 opera
961 4320 1132 4386 mensibus
1154 4319 1402 4386 autumnalibus
1424 4329 1483 4385 eut
1503 4320 1712 4406 hyemalibus
1732 4319 1865 4386 demum
1882 4318 2040 4402 absoluta,
2062 4341 2155 4389 mere

150 4432 209 4499 iarn
240 4443 325 4500 tune
357 4433 541 4518 bibliopolis
573 4435 696 4500 usitato
727 4433 849 4500 librum
883 4431 1043 4517 proximis
1077 4429 1234 4497 nundinis
1262 4431 1452 4500 vernalibus
1487 4431 1731 4500 divendendum
1763 4432 1840 4498 nevi
1872 4431 1952 4496 anni
1986 4440 2067 4498 nota
2103 4434 2154 4498 in·

151 4545 306 4632 agnitum
327 4544 485 4613 dieamus.
783 4616 786 4621 ,

298 4656 353 4723 De
378 4658 451 4742 ipse
478 4665 623 4726 traetetu
650 4656 810 4723 numella
837 4657 970 4743 cognitu
997 4654 1087 4722 haud
1118 4652 1256 4739 indigua
1287 4655 1388 4721 refert
1419 4662 1514 4722 autor
1545 4653 1771 4721 translationis
1802 4651 1924 4719 latinae
1955 4653 2154 4723 Franoiseus

151 4765 303 4836 lilierius
324 4769 457 4836 Oalvini
487 4770 711 4850 amanuensis,
745 4770 839 4836 ouius
870 4768 1108 4854 praefationem
1139 4767 1305 4851 integrum
1336 4765 1399 4833 hee
1429 4766 1501 4832 loeo
1533 4764 1716 4832 describere
1748 4765 1854 4833 lioeat
1903 4765 2070 4850 Inscripta
2099 4774 2154 4834 est

153 4877 328 4948 Laurentio
349 4881 390 4947 de
410 4881 626 4962 Normandie,
654 4880 756 4947 nobili
777 4880 1005 4948 Iureeonsulte
1033 4880 1091 4963 qui
1116 4878 1194 4945 olim
1222 4877 1379 4963 praefeeti
1407 4877 1489 4962 regii
1514 4876 1620 4942 effieie
1641 4876 1678 4942 in
1699 4877 1782 4943 urbe
1803 4875 1936 4943 calvini
1956 4877 2152 4945 Noviodune

155 4990 278 5060 tanetus
298 4993 419 5074 fuerat,
446 5001 561 5077 postea
588 4991 757 5079 religionis
784 5012 883 5060 eausa
902 4992 1011 5076 patria
1032 4991 1146 5057 relieta
1167 4989 1344 5058 Genavam
1365 5008 1401 5056 se
1422 4987 1622 5069 eentulerat,
1647 4989 1703 5055 ubi
1724 4988 1887 5057 eomtanti
1912 5009 1989 5055 oum
2010 4987 2151 5061 Oalvino

157 5102 381 5170 eusuetudine
400 5123 480 5173 usus
501 5112 576 5189 post
596 5105 667 5172 eius
688 5105 813 5171 obitum
836 5104 1024 5171 testamenti
1047 5102 1277 5187 exsequebaris
1298 5101 1386 5170 viees
1407 5099 1519 5186 gessit.
