4620 5894
132 227 200 293 ns
804 218 929 287 1111
950 219 1132 291 ervom
1151 216 1474 293 ,1111111111
1679 172 1689 191 ’
2086 216 2152 281 eso

134 417 228 480 iuvat
248 417 284 478 ut
299 410 417 494 possis.
452 407 555 477 Creius
574 409 727 476 neandata
745 409 862 494 provio
882 428 946 475 uon
963 414 1050 475 sunt:
1071 429 1123 476 cu-
1173 427 1207 474 se
1234 406 1359 473 omnino
1385 427 1450 473 esse
1475 408 1510 471 in
1544 425 1673 472 numero
1701 405 2025 488 praedestinatarum:
2056 404 2155 487 aream

135 502 190 566 ius
223 500 334 582 iupum
361 516 458 562 suave
486 501 544 575 est,
576 501 604 560 ct
632 515 712 560 onus
736 495 809 561 leve.
857 495 920 577 Qui
946 495 1030 561 enim
1056 495 1123 562 Dei
1173 513 1281 559 semem
1300 498 1387 573 essct,
1409 493 1492 575 quod
1514 497 1589 571 [pag.
1611 495 1684 572 149]
1707 491 1911 573 iustihcatus,
1936 495 1993 556 aut
2013 490 2156 574 aruphites

135 582 264 669 sunt,¹)
295 583 460 649 Christum
486 582 640 666 diliprcnt:
666 582 724 662 aui
750 585 854 646 autem
879 580 1017 665 diluunt
1042 602 1121 662 eum,
1167 598 1298 662 peccare
1318 599 1378 645 nore
1393 580 1508 660 possit,
1529 583 1586 643 aut
1605 579 1637 644 si
1653 579 1828 660 peccaverit
1849 582 1965 644 cutam
1985 576 2049 642 sibi
2073 575 2155 643 resi·

135 676 172 738 ut
192 671 325 752 ipsemet
352 673 496 747 testatur,
522 671 648 733 suvant
669 687 826 733 sermones
848 667 932 732 eius:
958 668 1041 749 quod
1061 669 1122 733 uti-
1166 665 1357 746 piscantium
1373 665 1556 747 promittere
1577 664 1695 730 debeat:
1722 683 1799 729 nam
1827 665 1896 729 sine
1916 662 2048 744 speciali
2068 683 2156 731 reve·

135 777 196 839 aue
223 776 296 823 oum
316 755 425 821 divim
446 753 642 837 adiutori02)
664 758 832 835 praestare
846 758 991 834 possunt.
1034 754 1122 820 Licet
1174 752 1288 818 latione
1308 753 1389 817 scire
1410 772 1472 816 non
1485 754 1594 833 potest,
1609 751 1634 833 ¹)
1657 769 1736 832 quos
1757 750 1847 816 Deus
1869 749 1932 814 sibi
1954 749 2086 834 deperit.

136 843 223 909 enim
245 843 280 907 in
301 839 360 906 hac
379 839 507 904 mortali
528 840 608 918 vita,
636 840 839 921 quantumvis
859 839 939 903 iusti
961 843 988 904 et
1009 841 1121 920 sancti,
1422 887 1457 952 D
1679 888 1705 950 t.
1763 906 1838 950 mn
1874 907 1890 950 e

134 929 173 994 in
194 927 277 993 levia
299 927 409 993 sallem
431 930 460 991 et
480 926 678 1007 quotidiana,
700 945 782 1007 puae
802 925 942 989 venialia
964 925 1120 1006 dicuntur,
1458 907 1677 970 epersweran
1692 907 1743 952 ²⁰⁰
1796 908 1819 950 α
1840 907 1899 952 “²'’

131 1018 262 1098 peccata
280 1013 463 1094 quandoque
480 1011 602 1090 cadant,
625 1031 689 1076 noa
703 1016 872 1093 propterea
888 1010 1038 1078 dennunt
1055 1033 1121 1078 csse
1262 1007 1363 1074 XIV.
1407 1009 1561 1074 Similiter
1587 1008 1626 1073 de
1651 1008 1908 1089 pusanoutoe
1938 1027 2082 1086 munere,
2116 1007 2156 1074 de

134 1099 229 1165 iusti:
250 1118 326 1163 nam
346 1099 503 1163 iustorum
523 1097 582 1162 illa
602 1118 663 1163 vva
684 1101 739 1175 est,
760 1102 788 1162 et
807 1096 940 1162 humilis
961 1103 991 1163 et
1008 1119 1120 1164 amaa:
1171 1115 1232 1176 quo
1252 1095 1405 1178 scriptum
1421 1101 1483 1160 est:
1514 1095 1576 1176 Qui
1592 1093 1839 1175 perseveraverit
1865 1113 1964 1176 usque
1991 1094 2028 1159 in
2047 1093 2153 1176 finem,

136 1184 272 1252 Dimitte
290 1183 379 1248 nabis
401 1182 504 1249 debita
526 1189 641 1248 nostra.
690 1182 821 1264 Quoht,
843 1184 977 1248 iniusti
999 1185 1065 1269 ipsi
1086 1205 1120 1250 eo
1170 1181 1279 1246 salvus
1304 1183 1379 1246 erit:
1407 1181 1490 1263 quod
1513 1181 1639 1262 quidem
1669 1179 1797 1244 aliunde
1823 1178 1932 1245 haberi
1958 1200 2022 1246 non
2042 1183 2156 1262 potest,

134 1271 239 1354 mapis
266 1289 300 1334 se
328 1269 477 1352 oblipatm
497 1289 564 1335 esse
585 1270 628 1334 ad
651 1268 877 1334 ambulandum
897 1271 934 1334 in
955 1271 1009 1336 via
1031 1271 1121 1335 iusti·
1170 1266 1338 1346 nisiabec,
1359 1269 1416 1350 qui
1420 1272 1531 1350 potens
1540 1272 1593 1346 est,
1614 1285 1684 1331 eum
1705 1265 1761 1346 aui
1781 1268 1853 1344 stat,
1874 1272 2018 1346 statuere,
2040 1270 2156 1347 utper-

133 1357 197 1421 tiac
218 1356 335 1421 sentire
351 1354 488 1433 debeam,
511 1375 571 1436 pua
588 1355 714 1419 liberati
729 1375 750 1418 a
761 1360 896 1436 peccato,
917 1358 1120 1423 servientem
1170 1359 1346 1420 severanter
1366 1359 1437 1433 stet,
1460 1358 1487 1418 et
1508 1373 1579 1418 eum
1595 1353 1652 1434 qui
1671 1353 1763 1430 cadit,
1784 1353 1957 1419 restituere:
1981 1371 2069 1419 neruo
2089 1351 2156 1418 sibi

131 1442 210 1524 facti
231 1441 315 1519 Deo,
339 1441 458 1520 sobrie,
480 1441 563 1506 iuste
584 1445 612 1505 et
626 1442 684 1524 pie
704 1442 855 1520 maenus,
877 1441 1031 1523 proficere
1046 1464 1120 1525 pos·
1171 1439 1246 1504 certi
1267 1440 1403 1521 aliquid,
1433 1439 1572 1504 absoluta
1593 1438 1775 1503 certitudine
1796 1438 2002 1520 polliceatur,
2029 1439 2156 1505 noram

133 1529 207 1607 sint,
225 1547 287 1610 per
307 1526 468 1592 Christum
487 1526 605 1605 Iesum,
622 1547 685 1607 per
705 1531 779 1605 [pag.
801 1532 874 1608 141]
897 1549 987 1610 quem
1008 1530 1120 1595 habue-
1170 1526 1204 1590 in
1216 1524 1281 1590 Dei
1303 1527 1426 1592 cumlia
1446 1525 1667 1606 firmissimam
1687 1544 1773 1605 spem
1794 1526 1940 1618 collocare
1960 1531 1988 1591 et
2006 1546 2156 1610 reponere

133 1618 210 1680 runt
236 1632 394 1679 accessum
415 1614 452 1677 in
470 1615 609 1696 pralium
636 1615 739 1678 istam.
782 1612 874 1679 Deus
903 1636 1037 1698 namque
1059 1637 1120 1681 sua
1170 1631 1275 1676 omnes
1304 1612 1419 1678 debent.
1474 1610 1565 1677 Deus
1602 1612 1685 1676 avim
1718 1611 1783 1675 nisi
1815 1612 1881 1693 ipsi
1910 1611 2001 1678 illins
2030 1611 2156 1697 pratiae

131 1700 239 1784 pratia
261 1699 355 1764 semel
375 1699 646 1780 iustihcatos'non
667 1700 791 1778 dmerit,
819 1700 997 1782 nisiprius
1016 1703 1120 1768 abeis
1170 1698 1334 1780 defuerint,
1356 1699 1437 1762 sicut
1447 1698 1762 1779 coepitopusbonum,
1785 1697 1832 1762 ita
1847 1698 1997 1779 perficiet,
2018 1716 2155 1780 operans

133 1786 307 1850 dmaatur.
353 1783 468 1866 Itaque
489 1805 576 1849 nemo
597 1783 660 1849 sibi
681 1787 717 1850 in
737 1785 806 1850 sola
825 1785 889 1866 fide
908 1787 1048 1853 blandiri
1069 1790 1120 1854 de-
1170 1785 1245 1848 velle
1272 1789 1301 1848 et
1318 1783 1482 1866 pervicere:
1512 1790 1615 1849 tamen
1636 1784 1692 1865 qui
1714 1803 1747 1847 se
1768 1785 1963 1869 existimat2)
1985 1790 2079 1863 aare,
2106 1783 2157 1848 vi·

134 1871 196 1950 bot,
222 1875 345 1952 putans
375 1871 440 1951 fide
472 1871 540 1935 sota
567 1869 730 1936 haeredem
755 1891 789 1937 se
816 1892 882 1936 csse
911 1875 1117 1953 constitutum,
1170 1871 1240 1936 dect
1271 1892 1309 1934 ne
1341 1871 1446 1951 cudat,
1478 1875 1602 1935 etcum
1630 1871 1753 1937 timore.
1786 1889 1823 1933 ae
1851 1876 1988 1951 tremore,
2021 1870 2157 1936 samen

133 1956 414 2036 haereditatemque
435 1961 712 2037 consequuturum:
733 1958 792 2041 etsi
811 1955 934 2023 Christo
955 1980 1017 2025 non
1038 1981 1118 2027 eom·
1170 1976 1262 2020 suam
1274 1961 1424 2039 operetur,
1445 1958 1481 2020 in
1503 1956 1670 2031 laboribus,
1691 1955 1727 2019 in
1747 1955 1877 2038 cipilie's,
1898 1957 1933 2020 in
1946 1955 2155 2039 eleemosynis,

127 2043 286 2124 patiatur,
308 2046 343 2105 nt
363 2047 392 2105 a
408 2042 658 2125 conplorihcetur.
695 2040 783 2108 Nam
800 2048 828 2108 et
844 2045 912 2125 ipse
925 2043 1079 2126 Christus,
1088 2048 1115 2126 ⁸)
1170 2043 1206 2105 in
1227 2042 1422 2108 orationibus
1443 2048 1471 2106 et
1491 2041 1710 2120 oblationibus,
1739 2043 1775 2106 in
1797 2042 1929 2108 ieiuniis
1956 2048 1984 2107 et
2004 2043 2155 2111 castitate.

11 2182 16 2191 .
133 2148 232 2210 quum
254 2130 330 2192 esset
347 2126 457 2192 Folius
473 2126 548 2208 Dei,
571 2128 682 2193 didicit
703 2149 743 2194 ea
763 2128 815 2194 his
835 2150 915 2211 auae
930 2152 1052 2213 passus
1074 2137 1118 2198 est
1171 2128 1362 2194 Formidare
1390 2129 1473 2192 euim
1500 2129 1620 2207 debent,
1649 2128 1779 2192 seientes
1806 2128 1888 2207 quod
1919 2134 1991 2207 [pag.
2017 2132 2092 2207 150]
2118 2127 2157 2193 im

134 2213 348 2293 obedientiam,
369 2217 397 2277 et
417 2219 650 2279 consummatus
664 2215 767 2296 sactus
785 2221 829 2280 est
845 2217 990 2282 munibus
1006 2217 1117 2283 obtem·
1170 2234 1258 2296 spem
1283 2214 1417 2297 plor-iae,
1449 2219 1478 2278 et
1503 2215 1641 2279 nardum
1667 2215 1704 2278 in
1734 2212 1838 2296 pluria
1865 2217 1968 2280 renati
1996 2219 2088 2294 sunt,
2116 2213 2158 2279 de

127 2297 319 2383 perentibus
354 2298 416 2363 sibi
454 2319 555 2365 causa
587 2301 702 2365 salutis
737 2306 888 2367 adanae.
946 2301 1118 2384 Propterea
1163 2321 1291 2384 pupna,
1326 2321 1407 2381 puae
1430 2305 1571 2383 superest
1595 2321 1664 2365 cnnn
1691 2319 1798 2379 carne,
1830 2320 1901 2364 cum
1928 2302 2057 2382 mundo,
2084 2317 2157 2365 cum

37 2394 41 2401 '
134 2385 309 2466 Apostolus
342 2385 411 2467 ipsc
442 2390 545 2449 monet
576 2385 776 2466 iustificatos,
810 2389 930 2452 dicens:
970 2389 1116 2469 Nescitis,
1168 2386 1317 2466 Diabolo,
1347 2387 1381 2451 in
1406 2407 1472 2469 qua
1497 2387 1627 2452 victores
1654 2405 1720 2450 esse
1742 2406 1803 2450 non
1819 2392 1965 2467 possunt,
1995 2387 2063 2452 nisi
2084 2404 2158 2451 arm

133 2471 215 2553 quod
236 2469 271 2535 hi
293 2471 349 2553 qui
370 2471 405 2534 in
426 2472 529 2536 stadio
551 2477 692 2551 currunt,
714 2492 818 2538 annes
834 2475 958 2555 quadan
976 2481 1115 2556 currunt,
1168 2471 1233 2538 Dei
1242 2473 1360 2556 pratia,
1382 2472 1531 2554 Apostolo
1552 2472 1753 2553 obtemperent
1769 2471 1898 2537 dicenti:
1918 2473 2084 2539 Debitores
2104 2491 2157 2536 su·

132 2556 187 2621 sed
213 2577 297 2620 unus
319 2556 433 2637 accipit
453 2557 625 2622 bravium?
651 2558 700 2623 sic
720 2560 844 2639 aerrite,
866 2565 902 2624 ut
922 2560 1116 2643 eomprehen·
1168 2579 1240 2624 mus
1260 2561 1433 2638 nouvarai,
1458 2564 1494 2623 ut
1514 2559 1684 2624 secundum
1700 2578 1825 2624 carnem
1841 2559 2003 2624 vivamus:
2022 2560 2055 2624 si
2071 2557 2158 2623 enim

132 2643 234 2708 datis:
262 2662 315 2726 epo
346 2643 447 2724 ipitem
474 2644 521 2707 sic
542 2664 648 2722 curro,
678 2665 741 2708 nore
769 2647 862 2726 quasi
887 2647 922 2709 in
948 2647 1117 2712 incertum:
1167 2646 1337 2710 secundum
1354 2666 1479 2710 carnem
1489 2645 1641 2725 vixeritis,
1659 2645 1852 2725 moriemini,
1869 2646 1900 2709 si
1912 2651 2016 2711 autem
2027 2644 2157 2727 Spiritu

128 2729 175 2793 sic
190 2748 309 2812 pupno,
331 2748 394 2794 non
414 2729 509 2810 quasi
530 2749 634 2793 anem
652 2729 826 2810 verberans,
848 2733 902 2797 scel
919 2733 1033 2817 oedipo
1051 2754 1116 2799 cor-
1166 2731 1251 2810 facta
1272 2732 1380 2797 cornis
1400 2732 1671 2813 mortificaveritis,
1693 2731 1811 2797 vindis

123 2834 192 2896 pus
220 2834 337 2893 mmm,
371 2814 462 2878 etin
489 2816 669 2879 servitutem
695 2816 818 2900 redipo,
847 2839 886 2883 nc
914 2839 1011 2898 quum
1038 2819 1116 2885 aliis
1519 2870 1525 2883 .
1887 2868 1893 2881 .

123 2900 391 2982 praedicaverim,
414 2900 485 2982 ipse
505 2901 656 2982 reprobus
676 2901 808 2984 efficiar.
853 2903 935 2969 Item
963 2903 1117 2987 Princeps
1367 2868 1419 2934 De
1440 2869 1550 2950 lapm’
1572 2875 1601 2934 εἰ
1621 2890 1728 2934 mrum
1749 2874 1955 2951 'ewam‘

128 2985 409 3068 Apostolorumt⁴)
442 2985 599 3071 Salapite,
627 2992 662 3052 ut
681 3009 743 3070 per
770 2988 849 3054 bona
877 3011 973 3072 opera
1000 2998 1117 3060 certam
1259 2987 1337 3053 XV.
1370 2989 1431 3071 Qui
1457 3011 1528 3055 vero
1555 2989 1594 3055 ab
1627 2995 1748 3071 accepta
1779 2988 2019 3070 iustificationis
2046 2988 2159 3073 pratia

130 3077 269 3138 vestram
296 3073 486 3138 vocatiouem
511 3073 659 3155 faciatis,
686 3079 761 3154 [pag.
784 3078 858 3154 148]
882 3082 910 3141 a
931 3078 1118 3146 electionem:
1164 3088 1224 3158 p'er
1247 3079 1409 3157 mantum
1436 3077 1629 3156 exciderunt,
1665 3095 1780 3140 rursus
1805 3076 1977 3158 iustificari
1998 3077 2157 3159 pumat,

129 3156 185 3224 hoc
211 3159 295 3224 enim
321 3159 486 3241 facientes,
513 3179 576 3224 non
597 3161 769 3242 peccabitis
797 3162 978 3243 aliquando.
1031 3165 1119 3232 Unde
1169 3181 1266 3244 quum
1283 3161 1433 3226 cantante
1450 3161 1526 3241 Deo,
1540 3183 1600 3244 per
1611 3163 1819 3244 poenitentiae
1835 3169 2074 3243 sacranrentum,
2095 3181 2159 3226 ma

131 3249 249 3311 constat
276 3265 328 3310 eos
355 3244 521 3328 rclipionis
548 3246 736 3312 orthodoxae
763 3248 919 3315 doctrinae
940 3251 1117 3330 adversari,
1169 3249 1230 3313 rito
1254 3245 1387 3327 Christi,
1412 3248 1567 3313 amissam
1592 3250 1731 3332 pralium
1758 3248 1945 3332 reparare³)
1968 3267 2160 3331 procurave-

131 3330 188 3412 pui
210 3331 320 3395 dicunt
341 3331 463 3396 iustum
486 3333 520 3395 in
541 3334 625 3396 omni
647 3353 736 3414 opere
756 3332 833 3400 bono
850 3356 985 3418 peccare,
1005 3337 1117 3403 sallem
1168 3335 1243 3398 rivet
1287 3332 1352 3399 Hic
1374 3335 1458 3398 euim
1480 3335 1714 3415 iristitieetianis
1740 3335 1852 3399 modus
1873 3338 1931 3413 est,
1958 3334 2045 3417 lapsi
2064 3355 2159 3416 repa·

131 3415 306 3512 venialiter:
328 3421 390 3494 aut,
414 3418 495 3497 quad
517 3418 746 3485 intolerabilius
766 3427 821 3500 cst,
837 3442 958 3503 porum
975 3429 1117 3489 asturias
1168 3421 1265 3499 ratio,
1306 3440 1402 3500 quam
1441 3422 1609 3485 secundom
1634 3425 1710 3501 post
1739 3421 1946 3504 naufrapium
1977 3421 2161 3503 deperditae

134 3519 256 3566 muers.
312 3500 416 3581 Alone
444 3503 540 3567 etiam
566 3524 630 3583 eos,
660 3506 717 3586 qui
742 3511 882 3572 statuunt
908 3511 944 3573 iu
974 3510 1117 3575 munibus
1167 3507 1293 3591 pratiae
1324 3506 1479 3585 tabulam,
1513 3511 1584 3587 apte
1616 3505 1840 3586 nuncuparunt
1868 3511 1987 3589 potres.
2030 3506 2161 3572 Etarim

135 3586 283 3684 operibus
309 3587 428 3650 iustum
449 3608 592 3670 peceare,
626 3592 657 3654 si
688 3592 724 3655 in
752 3593 823 3657 illis
855 3615 948 3659 suam
974 3597 1117 3677 ipsorum
1164 3613 1226 3674 pro
1245 3591 1297 3657 his
1320 3597 1393 3671 [pag.
1415 3597 1489 3671 151]
1517 3593 1573 3673 qui
1593 3598 1667 3673 post
1691 3593 1881 3673 baptismum
1908 3595 1943 3658 in
1958 3599 2090 3676 peecata
2113 3593 2161 3660 la·

135 3671 313 3737 socordiam
341 3673 517 3752 excitando,
546 3680 635 3740 etse
661 3678 705 3742 ad
731 3680 922 3745 currendum
949 3682 985 3745 in
1014 3682 1118 3747 stadio
1169 3678 1299 3758 buntur,
1332 3676 1478 3743 Christus
1507 3678 1600 3743 Iesus
1626 3684 1852 3743 sacramentum
1879 3680 2025 3765 dmud⁴)
2048 3678 2162 3761 poeni·

137 3757 333 3836 cohortando,
356 3778 455 3839 quum
476 3758 539 3838 hoc,
561 3765 597 3824 ut
617 3762 653 3825 in
668 3762 790 3842 primis
809 3765 1002 3847 plorihcelur
1018 3766 1117 3845 Deus,
1168 3765 1289 3843 tentiae,
1317 3784 1412 3845 quum
1433 3765 1533 3829 divit:
1554 3765 1695 3846 Accipite
1719 3764 1877 3844 Spiritum
1898 3771 2058 3831 sanctum:
2085 3786 2162 3847 aaa

135 3842 305 3909 macedam
334 3864 454 3925 quoquc
474 3845 613 3911 intuetur
634 3853 807 3928 aeterream,
829 3855 865 3913 ut
885 3853 1035 3934 scriptum
1057 3857 1119 3917 est:
1170 3869 1242 3914 rum
1259 3851 1446 3915 runiseritis
1461 3856 1598 3933 penato,
1620 3852 1822 3914 remittuntur
1838 3853 1900 3918 eis:
1922 3859 2096 3935 etpuorum
2113 3871 2161 3916 re

137 3926 299 3995 Inclinavi
321 3950 374 3995 cor
395 3950 506 4010 mcum,
529 3932 573 3997 ad
592 3933 759 4014 faciendas
778 3934 1016 4016 iustificationes
1036 3942 1119 4016 tuas,
1171 3936 1343 4016 timueritis,
1371 3941 1487 4000 retenta
1508 3942 1591 4001 sunt.
1643 3936 1729 4002 Unde
1749 3938 1952 4021 dicendum)
1979 3944 2040 4018 est,
2070 3936 2163 4004 Chre·-

131 4020 263 4097 proptcr
287 4015 527 4115 retributionem.
572 4017 616 4082 Et
643 4020 681 4084 dc
703 4018 808 4086 Moise
834 4023 920 4087 dicat
940 4023 1118 4104 Apostolus,
1171 4023 1272 4086 stiani
1292 4021 1430 4087 hominis
1440 4024 1676 4103 poeniteutiam,
1691 4028 1766 4103 post
1782 4024 1917 4104 lapsum,
1939 4024 2038 4089 multo
2059 4024 2164 4090 alium

137 4101 220 4182 quod
241 4101 413 4183 aspverebat
432 4103 468 4166 in
488 4107 778 4171 remunerationem.
1172 4128 1238 4173 esse
1267 4129 1289 4173 a
1314 4108 1511 4190 baptismii,
1539 4110 1704 4193 eamque⁶)
1726 4112 1878 4175 contineri
1899 4132 1966 4175 non·
1980 4111 2072 4176 modo
2099 4131 2164 4176 ces·

139 4235 448 4306 Raedestinationis
474 4243 677 4306 temerariam
698 4247 987 4328 praesmptionem
1015 4266 1122 4313 caven·
1172 4195 1290 4345 saw
1319 4219 1341 4261 a
1364 4197 1517 4346 {emff'
1549 4200 1708 4260 mmm
1742 4197 1952 4295 ‘mmm'
1984 4201 2042 4262 m
2069 4197 2163 4263 “m

546 4326 716 4394 1111
1172 4285 2165 4452 „omn

230 4441 339 4542 ΧΨ.
387 4445 489 4512 Nemo
510 4468 654 4548 quoque,
673 4450 826 4531 machelin
847 4451 882 4515 in
905 4451 962 4518 bac
983 4454 1123 4520 mortali·
1174 4454 1298 4534 cunda,
1329 4460 1357 4519 et
1382 4421 1569 4523 sacerdolali
1595 4418 1807 4522 absolutionc,
1841 4455 1983 4538 [teneque
2014 4457 2164 4540 satisfac·

139 4529 350 4626 tatemuet,⁶)
378 4532 416 4597 de
441 4553 560 4600 arcano
585 4534 714 4601 dumnoc
735 4538 1037 4617 praedestinatianis
1057 4562 1123 4625 mp-

139 4615 236 4676 sterro
262 4633 363 4695 usaue
394 4619 471 4684 adeo
486 4640 692 4702 praesumere
715 4622 813 4702 debet,
841 4629 877 4688 ut
897 4631 978 4691 certo
998 4631 1123 4707 statuat,
1175 4630 1351 4638 “m''
1377 4632 1379 4637 ’

1248 4745 1277 4810 1)
1298 4746 1372 4802 Eat.
1391 4764 1453 4802 nam
1470 4749 1521 4802 nisi
1539 4764 1573 4802 ex
1592 4749 1705 4818 speciali
1722 4749 1888 4803 revelatione
1907 4749 1968 4802 seiri
1986 4763 2041 4802 non
2055 4754 2161 4818 potest.

1246 4814 1276 4877 2)
1296 4817 1339 4868 At.
1358 4819 1513 4871 existimant
1531 4836 1648 4873 .....
1650 4818 1742 4872 ideant
1760 4859 1765 4869 .
1784 4858 1791 4871 .
1811 4860 1818 4872 .
1837 4858 1844 4872 .
1863 4823 1910 4872 etc.

213 4866 243 4930 1)
266 4866 342 4921 Edd.
363 4879 426 4925 sunt
442 4872 491 4926 filii
507 4874 569 4933 Dei.
1244 4884 1274 4949 3)
1295 4883 1371 4938 Edd.
1388 4901 1559 4956 recuperare.

211 4935 243 4999 2)
263 4935 338 4991 Edd.
357 4939 466 4994 auxilio.
1244 4953 1477 5016 1111111111

217 5003 249 5070 3)
267 5005 341 5059 Adel.
361 5016 392 5062 ut
408 5010 494 5076 inquit
510 5011 671 5081 Apostolus.
1245 5022 1275 5087 b)
1296 5023 1339 5076 Al.
1357 5023 1515 5078 docendum.

211 5072 243 5139 4)
260 5073 461 5157 1111111111.
1246 5090 1276 5154 6)
1297 5091 1341 5146 At.
1363 5107 1448 5161 eaque
1473 5094 1604 5147 contineri
1628 5133 1680 5148 ...
1700 5134 1707 5147 .
1733 5094 1912 5149 cessationem
1934 5092 2157 5149 ....11111111·

212 5138 243 5210 5)
262 5143 307 5197 Al·
324 5151 429 5199 11111111·
1176 5161 1278 5216 tionem
1296 5168 1344 5215 aut
1362 5177 1409 5215 cor
1426 5163 1571 5217 contritum
1588 5168 1617 5216 et
1632 5162 1800 5217 humiliatum
1816 5168 1843 5217 ct
1860 5163 1900 5217 eia
1911 5176 2007 5230 porro.
