<?xml version="1.0" encoding="UTF-8"?>
<!DOCTYPE html PUBLIC "-//W3C//DTD XHTML 1.0 Transitional//EN"
    "http://www.w3.org/TR/xhtml1/DTD/xhtml1-transitional.dtd">
<html xmlns="http://www.w3.org/1999/xhtml" xml:lang="en" lang="en">
 <head>
  <title>
</title>
<meta http-equiv="Content-Type" content="text/html;charset=utf-8" />
  <meta name='ocr-system' content='tesseract 3.04.00' />
  <meta name='ocr-capabilities' content='ocr_page ocr_carea ocr_par ocr_line ocrx_word'/>
</head>
<body>
  <div class='ocr_page' id='page_1' title='image "./ioanniscalvinio14calvgoog_0512.png"; bbox 0 0 4620 5894; ppageno 0'>
   <div class='ocr_carea' id='block_1_1' title="bbox 145 140 2173 237">
    <p class='ocr_par' dir='ltr' id='par_1_1' title="bbox 145 140 2173 237">
     <span class='ocr_line' id='line_1_1' title="bbox 145 140 2173 237; baseline 0.001 -4"><span class='ocrx_word' id='word_1_1' title='bbox 145 171 184 233; x_wconf 81' lang='lat' dir='ltr'><strong>er</strong></span> <span class='ocrx_word' id='word_1_2' title='bbox 968 165 1033 234; x_wconf 85' lang='grc'><strong>66</strong></span> <span class='ocrx_word' id='word_1_3' title='bbox 1056 163 1334 237; x_wconf 74' lang='lat' dir='ltr'><strong>acarnania.</strong></span> <span class='ocrx_word' id='word_1_4' title='bbox 2130 140 2173 237; x_wconf 78' lang='lat' dir='ltr'><strong>ee</strong></span> 
     </span>
    </p>
   </div>
   <div class='ocr_carea' id='block_1_2' title="bbox 142 352 2172 2755">
    <p class='ocr_par' dir='ltr' id='par_1_2' title="bbox 142 352 2172 2157">
     <span class='ocr_line' id='line_1_2' title="bbox 143 352 2172 444; baseline 0.002 -25"><span class='ocrx_word' id='word_1_5' title='bbox 143 354 274 441; x_wconf 78' lang='lat' dir='ltr'><strong>Aggaei</strong></span> <span class='ocrx_word' id='word_1_6' title='bbox 296 353 529 438; x_wconf 77' lang='lat' dir='ltr'><strong>querimoniae.</strong></span> <span class='ocrx_word' id='word_1_7' title='bbox 564 352 638 421; x_wconf 90' lang='lat' dir='ltr'><strong>Illic</strong></span> <span class='ocrx_word' id='word_1_8' title='bbox 657 355 750 437; x_wconf 90' lang='lat' dir='ltr'><strong>quasi</strong></span> <span class='ocrx_word' id='word_1_9' title='bbox 768 355 805 420; x_wconf 91' lang='lat' dir='ltr'><strong>in</strong></span> <span class='ocrx_word' id='word_1_10' title='bbox 826 354 940 421; x_wconf 89' lang='lat' dir='ltr'><strong>tabula</strong></span> <span class='ocrx_word' id='word_1_11' title='bbox 961 353 1127 438; x_wconf 73' lang='lat' dir='ltr'><strong>depictam</strong></span> <span class='ocrx_word' id='word_1_12' title='bbox 1179 353 1374 433; x_wconf 83' lang='lat' dir='ltr'><strong>moderator,</strong></span> <span class='ocrx_word' id='word_1_13' title='bbox 1393 360 1544 420; x_wconf 86' lang='lat' dir='ltr'><strong>nostrum</strong></span> <span class='ocrx_word' id='word_1_14' title='bbox 1565 360 1631 434; x_wconf 89' lang='lat' dir='ltr'><strong>est,</strong></span> <span class='ocrx_word' id='word_1_15' title='bbox 1657 354 1837 438; x_wconf 76' lang='lat' dir='ltr'>quamlibet</span> <span class='ocrx_word' id='word_1_16' title='bbox 1852 376 1894 439; x_wconf 92' lang='lat' dir='ltr'><strong>pe</strong></span> <span class='ocrx_word' id='word_1_17' title='bbox 1935 355 2027 424; x_wconf 89' lang='lat' dir='ltr'><strong>lexas</strong></span> <span class='ocrx_word' id='word_1_18' title='bbox 2048 377 2172 444; x_wconf 79' lang='lat' dir='ltr'><strong>angus·</strong></span> 
     </span>
     <span class='ocr_line' id='line_1_3' title="bbox 144 439 2168 530; baseline 0.001 -21"><span class='ocrx_word' id='word_1_19' title='bbox 144 447 352 509; x_wconf 86' lang='grc'><strong>6616616661</strong></span> <span class='ocrx_word' id='word_1_20' title='bbox 374 440 496 505; x_wconf 89' lang='lat' dir='ltr'><strong>saeculi</strong></span> <span class='ocrx_word' id='word_1_21' title='bbox 522 441 628 505; x_wconf 83' lang='lat' dir='ltr'>nostri</span> <span class='ocrx_word' id='word_1_22' title='bbox 650 441 827 524; x_wconf 83' lang='lat' dir='ltr'><strong>ignaviam.</strong></span> <span class='ocrx_word' id='word_1_23' title='bbox 873 441 929 506; x_wconf 83' lang='lat' dir='ltr'><strong>An</strong></span> <span class='ocrx_word' id='word_1_24' title='bbox 949 440 1028 523; x_wconf 90' lang='lat' dir='ltr'><strong>quia</strong></span> <span class='ocrx_word' id='word_1_25' title='bbox 1048 447 1127 507; x_wconf 90' lang='lat' dir='ltr'><strong>tunc</strong></span> <span class='ocrx_word' id='word_1_26' title='bbox 1180 440 1244 506; x_wconf 88' lang='lat' dir='ltr'><strong>tias</strong></span> <span class='ocrx_word' id='word_1_27' title='bbox 1266 461 1333 506; x_wconf 90' lang='lat' dir='ltr'><strong>uno</strong></span> <span class='ocrx_word' id='word_1_28' title='bbox 1351 441 1414 506; x_wconf 92' lang='lat' dir='ltr'><strong>hoo</strong></span> <span class='ocrx_word' id='word_1_29' title='bbox 1425 440 1581 507; x_wconf 78' lang='lat' dir='ltr'><strong>Abrahae</strong></span> <span class='ocrx_word' id='word_1_30' title='bbox 1604 439 1691 507; x_wconf 89' lang='lat' dir='ltr'><strong>dieto</strong></span> <span class='ocrx_word' id='word_1_31' title='bbox 1714 462 1884 525; x_wconf 89' lang='lat' dir='ltr'><strong>superare:</strong></span> <span class='ocrx_word' id='word_1_32' title='bbox 1941 444 2168 530; x_wconf 88' lang='grc'><strong>6161666616-</strong></span> 
     </span>
     <span class='ocr_line' id='line_1_4' title="bbox 144 524 2168 613; baseline 0.003 -23"><span class='ocrx_word' id='word_1_33' title='bbox 144 529 284 613; x_wconf 88' lang='lat' dir='ltr'><strong>quisque</strong></span> <span class='ocrx_word' id='word_1_34' title='bbox 306 525 418 591; x_wconf 92' lang='lat' dir='ltr'><strong>domui</strong></span> <span class='ocrx_word' id='word_1_35' title='bbox 441 547 519 591; x_wconf 89' lang='lat' dir='ltr'><strong>suae</strong></span> <span class='ocrx_word' id='word_1_36' title='bbox 542 527 691 592; x_wconf 88' lang='lat' dir='ltr'><strong>intentus</strong></span> <span class='ocrx_word' id='word_1_37' title='bbox 714 528 780 593; x_wconf 91' lang='lat' dir='ltr'><strong>Dei</strong></span> <span class='ocrx_word' id='word_1_38' title='bbox 797 527 958 610; x_wconf 90' lang='lat' dir='ltr'><strong>templum</strong></span> <span class='ocrx_word' id='word_1_39' title='bbox 981 548 1049 591; x_wconf 93' lang='grc'><strong>666</strong></span> <span class='ocrx_word' id='word_1_40' title='bbox 1071 546 1126 591; x_wconf 89' lang='lat' dir='ltr'><strong>cu·</strong></span> <span class='ocrx_word' id='word_1_41' title='bbox 1180 524 1306 592; x_wconf 89' lang='lat' dir='ltr'><strong>videbit</strong></span> <span class='ocrx_word' id='word_1_42' title='bbox 1324 525 1426 610; x_wconf 79' lang='lat' dir='ltr'><strong>(Gen.</strong></span> <span class='ocrx_word' id='word_1_43' title='bbox 1445 530 1496 606; x_wconf 81' lang='lat'><strong>22,</strong></span> <span class='ocrx_word' id='word_1_44' title='bbox 1516 527 1565 611; x_wconf 90' lang='lat'><strong>8).</strong></span> <span class='ocrx_word' id='word_1_45' title='bbox 1600 527 1671 593; x_wconf 89' lang='lat' dir='ltr'><strong>Nos</strong></span> <span class='ocrx_word' id='word_1_46' title='bbox 1694 525 1817 594; x_wconf 90' lang='lat' dir='ltr'><strong>seilicet</strong></span> <span class='ocrx_word' id='word_1_47' title='bbox 1835 526 1875 593; x_wconf 96' lang='lat' dir='ltr'><strong>de</strong></span> <span class='ocrx_word' id='word_1_48' title='bbox 1897 528 2044 595; x_wconf 89' lang='lat' dir='ltr'><strong>humana</strong></span> <span class='ocrx_word' id='word_1_49' title='bbox 2066 531 2168 597; x_wconf 92' lang='lat' dir='ltr'><strong>socie-</strong></span> 
     </span>
     <span class='ocr_line' id='line_1_5' title="bbox 144 610 2167 698; baseline 0.001 -19"><span class='ocrx_word' id='word_1_50' title='bbox 144 613 248 691; x_wconf 88' lang='lat' dir='ltr'><strong>rabat,</strong></span> <span class='ocrx_word' id='word_1_51' title='bbox 271 611 345 677; x_wconf 89' lang='lat' dir='ltr'><strong>ideo</strong></span> <span class='ocrx_word' id='word_1_52' title='bbox 366 633 435 677; x_wconf 91' lang='lat' dir='ltr'><strong>non</strong></span> <span class='ocrx_word' id='word_1_53' title='bbox 452 620 696 679; x_wconf 88' lang='lat' dir='ltr'><strong>sacrosanctum</strong></span> <span class='ocrx_word' id='word_1_54' title='bbox 714 614 779 678; x_wconf 90' lang='lat' dir='ltr'><strong>Dei</strong></span> <span class='ocrx_word' id='word_1_55' title='bbox 801 632 884 697; x_wconf 91' lang='lat' dir='ltr'><strong>opus</strong></span> <span class='ocrx_word' id='word_1_56' title='bbox 907 623 988 692; x_wconf 90' lang='lat' dir='ltr'><strong>erat,</strong></span> <span class='ocrx_word' id='word_1_57' title='bbox 1011 619 1079 676; x_wconf 90' lang='lat' dir='ltr'><strong>tem</strong></span> <span class='ocrx_word' id='word_1_58' title='bbox 1103 610 1127 676; x_wconf 95' lang='lat' dir='ltr'><strong>li</strong></span> <span class='ocrx_word' id='word_1_59' title='bbox 1181 617 1249 677; x_wconf 91' lang='grc'><strong>1616</strong></span> <span class='ocrx_word' id='word_1_60' title='bbox 1271 612 1396 678; x_wconf 90' lang='grc'><strong>6116166</strong></span> <span class='ocrx_word' id='word_1_61' title='bbox 1419 611 1563 679; x_wconf 91' lang='lat' dir='ltr'><strong>solliciti:</strong></span> <span class='ocrx_word' id='word_1_62' title='bbox 1593 612 1686 679; x_wconf 89' lang='lat' dir='ltr'><strong>Deus</strong></span> <span class='ocrx_word' id='word_1_63' title='bbox 1709 621 1820 679; x_wconf 89' lang='lat' dir='ltr'><strong>autem</strong></span> <span class='ocrx_word' id='word_1_64' title='bbox 1848 614 1958 698; x_wconf 84' lang='lat' dir='ltr'><strong>opifex</strong></span> <span class='ocrx_word' id='word_1_65' title='bbox 1980 614 2070 681; x_wconf 90' lang='lat' dir='ltr'><strong>nullo</strong></span> <span class='ocrx_word' id='word_1_66' title='bbox 2095 616 2167 683; x_wconf 88' lang='lat' dir='ltr'><strong>eius</strong></span> 
     </span>
     <span class='ocr_line' id='line_1_6' title="bbox 143 634 2167 784; baseline 0.002 -20"><span class='ocrx_word' id='word_1_67' title='bbox 143 696 362 764; x_wconf 78' lang='lat' dir='ltr'><strong>instauratio?</strong></span> <span class='ocrx_word' id='word_1_68' title='bbox 407 699 462 762; x_wconf 82' lang='lat' dir='ltr'><strong>An</strong></span> <span class='ocrx_word' id='word_1_69' title='bbox 489 698 640 764; x_wconf 89' lang='lat' dir='ltr'><strong>fatiscere</strong></span> <span class='ocrx_word' id='word_1_70' title='bbox 669 707 842 784; x_wconf 87' lang='lat' dir='ltr'><strong>propterea</strong></span> <span class='ocrx_word' id='word_1_71' title='bbox 869 699 1043 783; x_wconf 88' lang='lat' dir='ltr'><strong>quisquam</strong></span> <span class='ocrx_word' id='word_1_72' title='bbox 1072 634 1128 764; x_wconf 80' lang='lat' dir='ltr'><strong>de-</strong></span> <span class='ocrx_word' id='word_1_73' title='bbox 1182 696 1290 764; x_wconf 90' lang='lat' dir='ltr'><strong>studic</strong></span> <span class='ocrx_word' id='word_1_74' title='bbox 1323 697 1500 782; x_wconf 84' lang='lat' dir='ltr'><strong>tangetur?</strong></span> <span class='ocrx_word' id='word_1_75' title='bbox 1556 698 1706 765; x_wconf 80' lang='lat' dir='ltr'><strong>Ecclesia</strong></span> <span class='ocrx_word' id='word_1_76' title='bbox 1737 698 1779 767; x_wconf 90' lang='lat' dir='ltr'><strong>ab</strong></span> <span class='ocrx_word' id='word_1_77' title='bbox 1807 700 1904 766; x_wconf 90' lang='grc'><strong>66166</strong></span> <span class='ocrx_word' id='word_1_78' title='bbox 1937 700 2055 767; x_wconf 88' lang='lat' dir='ltr'><strong>salutis</strong></span> <span class='ocrx_word' id='word_1_79' title='bbox 2087 721 2167 768; x_wconf 87' lang='lat' dir='ltr'><strong>suae</strong></span> 
     </span>
     <span class='ocr_line' id='line_1_7' title="bbox 142 782 2167 871; baseline 0 -19"><span class='ocrx_word' id='word_1_80' title='bbox 142 785 225 862; x_wconf 91' lang='lat' dir='ltr'><strong>buit,</strong></span> <span class='ocrx_word' id='word_1_81' title='bbox 248 804 352 867; x_wconf 91' lang='lat' dir='ltr'><strong>quum</strong></span> <span class='ocrx_word' id='word_1_82' title='bbox 374 782 456 849; x_wconf 87' lang='lat' dir='ltr'><strong>alios</strong></span> <span class='ocrx_word' id='word_1_83' title='bbox 477 783 606 851; x_wconf 80' lang='lat' dir='ltr'><strong>videret</strong></span> <span class='ocrx_word' id='word_1_84' title='bbox 626 806 693 850; x_wconf 90' lang='lat' dir='ltr'><strong>non</strong></span> <span class='ocrx_word' id='word_1_85' title='bbox 714 784 812 850; x_wconf 89' lang='lat' dir='ltr'><strong>modo</strong></span> <span class='ocrx_word' id='word_1_86' title='bbox 834 786 869 850; x_wconf 92' lang='lat' dir='ltr'><strong>in</strong></span> <span class='ocrx_word' id='word_1_87' title='bbox 887 784 993 852; x_wconf 88' lang='lat' dir='ltr'><strong>officio</strong></span> <span class='ocrx_word' id='word_1_88' title='bbox 1015 805 1129 851; x_wconf 88' lang='lat' dir='ltr'><strong>neces·</strong></span> <span class='ocrx_word' id='word_1_89' title='bbox 1181 782 1333 867; x_wconf 87' lang='lat' dir='ltr'><strong>praeside</strong></span> <span class='ocrx_word' id='word_1_90' title='bbox 1355 790 1388 849; x_wconf 92' lang='lat' dir='ltr'><strong>et</strong></span> <span class='ocrx_word' id='word_1_91' title='bbox 1409 783 1546 850; x_wconf 89' lang='lat' dir='ltr'><strong>custode</strong></span> <span class='ocrx_word' id='word_1_92' title='bbox 1566 784 1686 850; x_wconf 90' lang='lat' dir='ltr'><strong>misere</strong></span> <span class='ocrx_word' id='word_1_93' title='bbox 1708 782 1839 851; x_wconf 88' lang='lat' dir='ltr'><strong>deserta</strong></span> <span class='ocrx_word' id='word_1_94' title='bbox 1859 784 1895 850; x_wconf 91' lang='lat' dir='ltr'><strong>in</strong></span> <span class='ocrx_word' id='word_1_95' title='bbox 1923 793 2072 852; x_wconf 87' lang='lat' dir='ltr'><strong>nostram</strong></span> <span class='ocrx_word' id='word_1_96' title='bbox 2092 808 2167 871; x_wconf 92' lang='lat' dir='ltr'><strong>pro-</strong></span> 
     </span>
     <span class='ocr_line' id='line_1_8' title="bbox 145 867 2166 957; baseline 0 -21"><span class='ocrx_word' id='word_1_97' title='bbox 145 871 234 937; x_wconf 89' lang='lat' dir='ltr'><strong>sario</strong></span> <span class='ocrx_word' id='word_1_98' title='bbox 256 889 399 949; x_wconf 89' lang='grc'><strong>6666616,</strong></span> <span class='ocrx_word' id='word_1_99' title='bbox 429 869 488 935; x_wconf 90' lang='lat' dir='ltr'><strong>sed</strong></span> <span class='ocrx_word' id='word_1_100' title='bbox 509 868 620 936; x_wconf 90' lang='lat' dir='ltr'><strong>Deum</strong></span> <span class='ocrx_word' id='word_1_101' title='bbox 642 891 770 955; x_wconf 92' lang='lat' dir='ltr'><strong>quoque</strong></span> <span class='ocrx_word' id='word_1_102' title='bbox 792 870 951 938; x_wconf 89' lang='lat' dir='ltr'><strong>scelerate</strong></span> <span class='ocrx_word' id='word_1_103' title='bbox 973 868 1129 936; x_wconf 86' lang='lat' dir='ltr'><strong>fraudare</strong></span> <span class='ocrx_word' id='word_1_104' title='bbox 1181 867 1361 936; x_wconf 81' lang='lat' dir='ltr'><strong>videntiam</strong></span> <span class='ocrx_word' id='word_1_105' title='bbox 1385 869 1577 936; x_wconf 76' lang='lat' dir='ltr'><strong>recumbet?</strong></span> <span class='ocrx_word' id='word_1_106' title='bbox 1592 872 1616 952; x_wconf 89' lang='lat'><strong>¹)</strong></span> <span class='ocrx_word' id='word_1_107' title='bbox 1639 870 1710 936; x_wconf 91' lang='lat' dir='ltr'><strong>Nos</strong></span> <span class='ocrx_word' id='word_1_108' title='bbox 1732 891 1810 937; x_wconf 87' lang='lat' dir='ltr'><strong>vero</strong></span> <span class='ocrx_word' id='word_1_109' title='bbox 1828 872 2039 938; x_wconf 90' lang='lat' dir='ltr'><strong>excusatione</strong></span> <span class='ocrx_word' id='word_1_110' title='bbox 2062 871 2166 957; x_wconf 79' lang='lat' dir='ltr'><strong>digni,</strong></span> 
     </span>
     <span class='ocr_line' id='line_1_9' title="bbox 143 953 2165 1042; baseline 0.002 -22"><span class='ocrx_word' id='word_1_111' title='bbox 143 955 303 1042; x_wconf 88' lang='lat' dir='ltr'><strong>primitiis</strong></span> <span class='ocrx_word' id='word_1_112' title='bbox 336 976 375 1021; x_wconf 89' lang='lat' dir='ltr'><strong>ac</strong></span> <span class='ocrx_word' id='word_1_113' title='bbox 402 955 559 1021; x_wconf 90' lang='lat' dir='ltr'><strong>decimis?</strong></span> <span class='ocrx_word' id='word_1_114' title='bbox 611 955 679 1022; x_wconf 82' lang='lat' dir='ltr'><strong>Sed</strong></span> <span class='ocrx_word' id='word_1_115' title='bbox 706 955 769 1022; x_wconf 95' lang='lat' dir='ltr'><strong>hoc</strong></span> <span class='ocrx_word' id='word_1_116' title='bbox 796 965 846 1024; x_wconf 89' lang='lat' dir='ltr'><strong>est</strong></span> <span class='ocrx_word' id='word_1_117' title='bbox 874 956 1013 1036; x_wconf 89' lang='lat' dir='ltr'><strong>scilieet,</strong></span> <span class='ocrx_word' id='word_1_118' title='bbox 1042 953 1129 1040; x_wconf 93' lang='lat' dir='ltr'><strong>quod</strong></span> <span class='ocrx_word' id='word_1_119' title='bbox 1182 955 1211 1021; x_wconf 92' lang='lat' dir='ltr'><strong>si</strong></span> <span class='ocrx_word' id='word_1_120' title='bbox 1232 955 1381 1022; x_wconf 89' lang='lat' dir='ltr'><strong>iniuncto</strong></span> <span class='ocrx_word' id='word_1_121' title='bbox 1403 956 1498 1022; x_wconf 88' lang='lat' dir='ltr'><strong>nobis</strong></span> <span class='ocrx_word' id='word_1_122' title='bbox 1519 975 1657 1022; x_wconf 90' lang='lat' dir='ltr'><strong>munere</strong></span> <span class='ocrx_word' id='word_1_123' title='bbox 1680 955 1872 1023; x_wconf 87' lang='lat' dir='ltr'><strong>obedienter</strong></span> <span class='ocrx_word' id='word_1_124' title='bbox 1898 956 2065 1041; x_wconf 80' lang='lat' dir='ltr'><strong>fungendo</strong></span> <span class='ocrx_word' id='word_1_125' title='bbox 2087 979 2165 1025; x_wconf 89' lang='grc'><strong>6666</strong></span> 
     </span>
     <span class='ocr_line' id='line_1_10' title="bbox 145 1039 2166 1126; baseline -0 -17"><span class='ocrx_word' id='word_1_126' title='bbox 145 1043 259 1109; x_wconf 89' lang='lat' dir='ltr'><strong>statim</strong></span> <span class='ocrx_word' id='word_1_127' title='bbox 285 1041 326 1106; x_wconf 91' lang='lat' dir='ltr'><strong>ab</strong></span> <span class='ocrx_word' id='word_1_128' title='bbox 356 1041 490 1106; x_wconf 89' lang='lat' dir='ltr'><strong>exordio</strong></span> <span class='ocrx_word' id='word_1_129' title='bbox 516 1043 683 1125; x_wconf 85' lang='lat' dir='ltr'><strong>praefatus</strong></span> <span class='ocrx_word' id='word_1_130' title='bbox 711 1063 800 1123; x_wconf 90' lang='lat' dir='ltr'><strong>sum,</strong></span> <span class='ocrx_word' id='word_1_131' title='bbox 832 1042 954 1108; x_wconf 92' lang='lat' dir='ltr'><strong>multos</strong></span> <span class='ocrx_word' id='word_1_132' title='bbox 982 1041 1129 1126; x_wconf 80' lang='lat' dir='ltr'><strong>profanis</strong></span> <span class='ocrx_word' id='word_1_133' title='bbox 1182 1039 1255 1106; x_wconf 90' lang='lat' dir='ltr'><strong>Deo</strong></span> <span class='ocrx_word' id='word_1_134' title='bbox 1278 1047 1353 1122; x_wconf 79' lang='lat' dir='ltr'><strong>[pag.</strong></span> <span class='ocrx_word' id='word_1_135' title='bbox 1374 1043 1452 1121; x_wconf 80' lang='grc'><strong>167]</strong></span> <span class='ocrx_word' id='word_1_136' title='bbox 1473 1049 1584 1125; x_wconf 88' lang='grc'><strong>661166</strong></span> <span class='ocrx_word' id='word_1_137' title='bbox 1606 1041 1832 1126; x_wconf 90' lang='lat' dir='ltr'><strong>relinquimus.</strong></span> <span class='ocrx_word' id='word_1_138' title='bbox 1864 1044 1916 1108; x_wconf 82' lang='lat' dir='ltr'><strong>Ac</strong></span> <span class='ocrx_word' id='word_1_139' title='bbox 1937 1064 2041 1126; x_wconf 91' lang='lat' dir='ltr'><strong>quum</strong></span> <span class='ocrx_word' id='word_1_140' title='bbox 2053 1044 2166 1112; x_wconf 78' lang='lat' dir='ltr'><strong>David</strong></span> 
     </span>
     <span class='ocr_line' id='line_1_11' title="bbox 144 1126 2166 1212; baseline 0 -18"><span class='ocrx_word' id='word_1_141' title='bbox 144 1126 263 1194; x_wconf 91' lang='lat' dir='ltr'><strong>mundi</strong></span> <span class='ocrx_word' id='word_1_142' title='bbox 280 1127 434 1193; x_wconf 90' lang='lat' dir='ltr'><strong>amicitiis</strong></span> <span class='ocrx_word' id='word_1_143' title='bbox 452 1128 605 1206; x_wconf 86' lang='lat' dir='ltr'><strong>irretitos,</strong></span> <span class='ocrx_word' id='word_1_144' title='bbox 628 1127 758 1212; x_wconf 88' lang='lat' dir='ltr'><strong>quidvis</strong></span> <span class='ocrx_word' id='word_1_145' title='bbox 776 1129 993 1194; x_wconf 87' lang='lat' dir='ltr'><strong>offensionum</strong></span> <span class='ocrx_word' id='word_1_146' title='bbox 1015 1134 1130 1194; x_wconf 88' lang='lat' dir='ltr'><strong>contra</strong></span> <span class='ocrx_word' id='word_1_147' title='bbox 1184 1126 1435 1211; x_wconf 72' lang='grc'><strong>(11114616)</strong></span> <span class='ocrx_word' id='word_1_148' title='bbox 1462 1128 1633 1212; x_wconf 85' lang='grc'><strong>6166116111</strong></span> <span class='ocrx_word' id='word_1_149' title='bbox 1661 1128 1732 1194; x_wconf 91' lang='lat' dir='ltr'><strong>eius</strong></span> <span class='ocrx_word' id='word_1_150' title='bbox 1759 1150 1830 1195; x_wconf 90' lang='lat' dir='ltr'><strong>esse</strong></span> <span class='ocrx_word' id='word_1_151' title='bbox 1855 1149 1937 1212; x_wconf 90' lang='lat' dir='ltr'><strong>opus</strong></span> <span class='ocrx_word' id='word_1_152' title='bbox 1959 1131 2166 1211; x_wconf 81' lang='lat' dir='ltr'><strong>pronunciet,</strong></span> 
     </span>
     <span class='ocr_line' id='line_1_12' title="bbox 144 1212 2165 1298; baseline 0 -18"><span class='ocrx_word' id='word_1_153' title='bbox 144 1213 495 1298; x_wconf 83' lang='grc'><strong>011116166166661616</strong></span> <span class='ocrx_word' id='word_1_154' title='bbox 517 1215 636 1296; x_wconf 89' lang='grc'><strong>661166,</strong></span> <span class='ocrx_word' id='word_1_155' title='bbox 659 1235 759 1298; x_wconf 83' lang='grc'><strong>66661</strong></span> <span class='ocrx_word' id='word_1_156' title='bbox 780 1224 819 1280; x_wconf 91' lang='grc'><strong>61</strong></span> <span class='ocrx_word' id='word_1_157' title='bbox 835 1215 952 1298; x_wconf 89' lang='grc'><strong>1166166</strong></span> <span class='ocrx_word' id='word_1_158' title='bbox 974 1221 1008 1279; x_wconf 91' lang='grc'><strong>61</strong></span> <span class='ocrx_word' id='word_1_159' title='bbox 1029 1235 1130 1279; x_wconf 87' lang='lat' dir='ltr'><strong>sanae</strong></span> <span class='ocrx_word' id='word_1_160' title='bbox 1182 1212 1390 1279; x_wconf 89' lang='lat' dir='ltr'><strong>turbulentos</strong></span> <span class='ocrx_word' id='word_1_161' title='bbox 1417 1215 1519 1278; x_wconf 87' lang='lat' dir='ltr'><strong>maris</strong></span> <span class='ocrx_word' id='word_1_162' title='bbox 1547 1215 1667 1280; x_wconf 90' lang='grc'><strong>1166166</strong></span> <span class='ocrx_word' id='word_1_163' title='bbox 1689 1234 1899 1298; x_wconf 88' lang='grc'><strong>6616666616,</strong></span> <span class='ocrx_word' id='word_1_164' title='bbox 1929 1213 2045 1281; x_wconf 90' lang='lat' dir='ltr'><strong>sedare</strong></span> <span class='ocrx_word' id='word_1_165' title='bbox 2066 1213 2165 1294; x_wconf 84' lang='lat' dir='ltr'><strong>bella,</strong></span> 
     </span>
     <span class='ocr_line' id='line_1_13' title="bbox 146 1298 2167 1384; baseline 0.001 -19"><span class='ocrx_word' id='word_1_166' title='bbox 146 1299 316 1366; x_wconf 74' lang='lat' dir='ltr'><strong>dochinus</strong></span> <span class='ocrx_word' id='word_1_167' title='bbox 337 1298 486 1364; x_wconf 88' lang='lat' dir='ltr'><strong>inimicos</strong></span> <span class='ocrx_word' id='word_1_168' title='bbox 509 1298 687 1365; x_wconf 85' lang='lat' dir='ltr'><strong>offendant.</strong></span> <span class='ocrx_word' id='word_1_169' title='bbox 732 1299 826 1366; x_wconf 91' lang='lat' dir='ltr'><strong>Haec</strong></span> <span class='ocrx_word' id='word_1_170' title='bbox 848 1300 914 1364; x_wconf 95' lang='lat' dir='ltr'><strong>illis</strong></span> <span class='ocrx_word' id='word_1_171' title='bbox 936 1321 1040 1383; x_wconf 86' lang='lat' dir='ltr'><strong>prava</strong></span> <span class='ocrx_word' id='word_1_172' title='bbox 1059 1320 1129 1364; x_wconf 91' lang='lat' dir='ltr'><strong>am·</strong></span> <span class='ocrx_word' id='word_1_173' title='bbox 1183 1299 1338 1384; x_wconf 76' lang='lat' dir='ltr'><strong>hangere</strong></span> <span class='ocrx_word' id='word_1_174' title='bbox 1371 1320 1488 1366; x_wconf 88' lang='lat' dir='ltr'><strong>currus</strong></span> <span class='ocrx_word' id='word_1_175' title='bbox 1521 1308 1555 1364; x_wconf 90' lang='lat' dir='ltr'><strong>et</strong></span> <span class='ocrx_word' id='word_1_176' title='bbox 1584 1300 1735 1366; x_wconf 88' lang='lat' dir='ltr'><strong>lanceas:</strong></span> <span class='ocrx_word' id='word_1_177' title='bbox 1773 1301 1890 1365; x_wconf 88' lang='lat' dir='ltr'><strong>morito</strong></span> <span class='ocrx_word' id='word_1_178' title='bbox 1923 1319 1985 1366; x_wconf 92' lang='lat' dir='ltr'><strong>nos</strong></span> <span class='ocrx_word' id='word_1_179' title='bbox 2018 1301 2167 1367; x_wconf 90' lang='lat' dir='ltr'><strong>animare</strong></span> 
     </span>
     <span class='ocr_line' id='line_1_14' title="bbox 144 1384 2164 1471; baseline 0 -19"><span class='ocrx_word' id='word_1_180' title='bbox 144 1385 236 1464; x_wconf 81' lang='lat' dir='ltr'><strong>bitis,</strong></span> <span class='ocrx_word' id='word_1_181' title='bbox 259 1392 293 1449; x_wconf 92' lang='grc'><strong>61</strong></span> <span class='ocrx_word' id='word_1_182' title='bbox 314 1384 356 1449; x_wconf 86' lang='lat' dir='ltr'><strong>ad</strong></span> <span class='ocrx_word' id='word_1_183' title='bbox 372 1384 564 1451; x_wconf 86' lang='lat' dir='ltr'><strong>fabricanda</strong></span> <span class='ocrx_word' id='word_1_184' title='bbox 586 1385 740 1451; x_wconf 88' lang='lat' dir='ltr'><strong>scandala</strong></span> <span class='ocrx_word' id='word_1_185' title='bbox 760 1387 941 1471; x_wconf 83' lang='lat' dir='ltr'><strong>ingenium,</strong></span> <span class='ocrx_word' id='word_1_186' title='bbox 964 1394 998 1451; x_wconf 92' lang='lat' dir='ltr'><strong>et</strong></span> <span class='ocrx_word' id='word_1_187' title='bbox 1019 1384 1061 1450; x_wconf 88' lang='lat' dir='ltr'><strong>ad</strong></span> <span class='ocrx_word' id='word_1_188' title='bbox 1082 1386 1130 1450; x_wconf 78' lang='lat' dir='ltr'><strong>la·</strong></span> <span class='ocrx_word' id='word_1_189' title='bbox 1183 1384 1264 1450; x_wconf 87' lang='lat' dir='ltr'><strong>haec</strong></span> <span class='ocrx_word' id='word_1_190' title='bbox 1291 1384 1413 1451; x_wconf 91' lang='lat' dir='ltr'><strong>fiducia</strong></span> <span class='ocrx_word' id='word_1_191' title='bbox 1439 1384 1536 1451; x_wconf 90' lang='lat' dir='ltr'><strong>debet</strong></span> <span class='ocrx_word' id='word_1_192' title='bbox 1564 1385 1607 1450; x_wconf 88' lang='lat' dir='ltr'><strong>ad</strong></span> <span class='ocrx_word' id='word_1_193' title='bbox 1634 1407 1708 1452; x_wconf 89' lang='lat' dir='ltr'><strong>eam</strong></span> <span class='ocrx_word' id='word_1_194' title='bbox 1736 1385 1920 1452; x_wconf 86' lang='lat' dir='ltr'><strong>doctrinam</strong></span> <span class='ocrx_word' id='word_1_195' title='bbox 1943 1386 2164 1465; x_wconf 86' lang='lat' dir='ltr'><strong>asserendam,</strong></span> 
     </span>
     <span class='ocr_line' id='line_1_15' title="bbox 146 1469 2167 1558; baseline 0 -21"><span class='ocrx_word' id='word_1_196' title='bbox 146 1469 328 1537; x_wconf 88' lang='lat' dir='ltr'><strong>cerandum</strong></span> <span class='ocrx_word' id='word_1_197' title='bbox 354 1471 475 1537; x_wconf 87' lang='lat' dir='ltr'><strong>canina</strong></span> <span class='ocrx_word' id='word_1_198' title='bbox 502 1470 732 1537; x_wconf 87' lang='lat' dir='ltr'><strong>maledicentia</strong></span> <span class='ocrx_word' id='word_1_199' title='bbox 762 1471 986 1558; x_wconf 84' lang='lat' dir='ltr'><strong>evangelium,</strong></span> <span class='ocrx_word' id='word_1_200' title='bbox 1015 1471 1129 1537; x_wconf 89' lang='lat' dir='ltr'><strong>facun-</strong></span> <span class='ocrx_word' id='word_1_201' title='bbox 1182 1490 1267 1553; x_wconf 88' lang='lat' dir='ltr'><strong>quae</strong></span> <span class='ocrx_word' id='word_1_202' title='bbox 1288 1471 1384 1537; x_wconf 90' lang='lat' dir='ltr'><strong>nobis</strong></span> <span class='ocrx_word' id='word_1_203' title='bbox 1406 1471 1478 1537; x_wconf 91' lang='lat' dir='ltr'><strong>eius</strong></span> <span class='ocrx_word' id='word_1_204' title='bbox 1495 1471 1637 1554; x_wconf 83' lang='lat' dir='ltr'><strong>gratiam</strong></span> <span class='ocrx_word' id='word_1_205' title='bbox 1658 1478 1693 1536; x_wconf 91' lang='grc'><strong>61</strong></span> <span class='ocrx_word' id='word_1_206' title='bbox 1712 1470 1972 1537; x_wconf 87' lang='lat' dir='ltr'><strong>benedictionem</strong></span> <span class='ocrx_word' id='word_1_207' title='bbox 1994 1471 2167 1539; x_wconf 85' lang='grc'><strong>6616666·</strong></span> 
     </span>
     <span class='ocr_line' id='line_1_16' title="bbox 146 1554 2166 1641; baseline 0.001 -19"><span class='ocrx_word' id='word_1_208' title='bbox 146 1556 237 1622; x_wconf 92' lang='lat' dir='ltr'><strong>diam</strong></span> <span class='ocrx_word' id='word_1_209' title='bbox 258 1555 454 1639; x_wconf 89' lang='lat' dir='ltr'><strong>suppeditat.</strong></span> <span class='ocrx_word' id='word_1_210' title='bbox 499 1554 595 1623; x_wconf 85' lang='lat' dir='ltr'><strong>Adde</strong></span> <span class='ocrx_word' id='word_1_211' title='bbox 617 1555 704 1640; x_wconf 90' lang='lat' dir='ltr'><strong>quod</strong></span> <span class='ocrx_word' id='word_1_212' title='bbox 725 1558 951 1641; x_wconf 87' lang='lat' dir='ltr'><strong>praesentium</strong></span> <span class='ocrx_word' id='word_1_213' title='bbox 972 1557 1130 1622; x_wconf 77' lang='grc'><strong>611161616</strong></span> <span class='ocrx_word' id='word_1_214' title='bbox 1182 1554 1280 1622; x_wconf 88' lang='grc'><strong>611161.</strong></span> <span class='ocrx_word' id='word_1_215' title='bbox 1327 1555 1484 1639; x_wconf 74' lang='lat' dir='ltr'><strong>Quisquis</strong></span> <span class='ocrx_word' id='word_1_216' title='bbox 1505 1564 1618 1623; x_wconf 89' lang='lat' dir='ltr'><strong>tamen</strong></span> <span class='ocrx_word' id='word_1_217' title='bbox 1640 1556 1774 1622; x_wconf 90' lang='lat' dir='ltr'><strong>demum</strong></span> <span class='ocrx_word' id='word_1_218' title='bbox 1800 1564 1940 1624; x_wconf 89' lang='lat' dir='ltr'><strong>conatus</strong></span> <span class='ocrx_word' id='word_1_219' title='bbox 1961 1564 2093 1624; x_wconf 81' lang='lat' dir='ltr'><strong>nostros</strong></span> <span class='ocrx_word' id='word_1_220' title='bbox 2114 1578 2166 1625; x_wconf 90' lang='grc'><strong>66-</strong></span> 
     </span>
     <span class='ocr_line' id='line_1_17' title="bbox 146 1643 2164 1728; baseline 0 -20"><span class='ocrx_word' id='word_1_221' title='bbox 146 1663 261 1708; x_wconf 89' lang='grc'><strong>616166</strong></span> <span class='ocrx_word' id='word_1_222' title='bbox 282 1663 350 1707; x_wconf 93' lang='grc'><strong>666</strong></span> <span class='ocrx_word' id='word_1_223' title='bbox 368 1643 528 1721; x_wconf 88' lang='grc'><strong>66616611,</strong></span> <span class='ocrx_word' id='word_1_224' title='bbox 556 1643 592 1706; x_wconf 92' lang='grc'><strong>16</strong></span> <span class='ocrx_word' id='word_1_225' title='bbox 614 1643 764 1708; x_wconf 87' lang='grc'><strong>16161616</strong></span> <span class='ocrx_word' id='word_1_226' title='bbox 786 1651 917 1727; x_wconf 89' lang='grc'><strong>1616666</strong></span> <span class='ocrx_word' id='word_1_227' title='bbox 942 1643 1128 1726; x_wconf 89' lang='lat' dir='ltr'><strong>inquirunt,</strong></span> <span class='ocrx_word' id='word_1_228' title='bbox 1182 1648 1303 1724; x_wconf 88' lang='lat' dir='ltr'><strong>quatur</strong></span> <span class='ocrx_word' id='word_1_229' title='bbox 1331 1648 1489 1722; x_wconf 86' lang='lat' dir='ltr'><strong>eventus,</strong></span> <span class='ocrx_word' id='word_1_230' title='bbox 1517 1663 1689 1726; x_wconf 91' lang='lat' dir='ltr'><strong>nunquam</strong></span> <span class='ocrx_word' id='word_1_231' title='bbox 1719 1643 1782 1710; x_wconf 89' lang='grc'><strong>6111</strong></span> <span class='ocrx_word' id='word_1_232' title='bbox 1808 1665 1868 1709; x_wconf 88' lang='grc'><strong>661</strong></span> <span class='ocrx_word' id='word_1_233' title='bbox 1889 1665 1950 1709; x_wconf 94' lang='grc'><strong>666</strong></span> <span class='ocrx_word' id='word_1_234' title='bbox 1972 1643 2164 1728; x_wconf 87' lang='lat' dir='ltr'><strong>obsequium</strong></span> 
     </span>
     <span class='ocr_line' id='line_1_18' title="bbox 146 1725 2165 1827; baseline 0 -34"><span class='ocrx_word' id='word_1_235' title='bbox 146 1727 363 1814; x_wconf 91' lang='lat' dir='ltr'><strong>quodeadem</strong></span> <span class='ocrx_word' id='word_1_236' title='bbox 384 1728 587 1811; x_wconf 83' lang='lat' dir='ltr'><strong>malignitate</strong></span> <span class='ocrx_word' id='word_1_237' title='bbox 609 1728 773 1795; x_wconf 89' lang='lat' dir='ltr'><strong>arrodant.</strong></span> <span class='ocrx_word' id='word_1_238' title='bbox 807 1729 959 1827; x_wconf 73' lang='lat' dir='ltr'><strong>Fingtmt</strong></span> <span class='ocrx_word' id='word_1_239' title='bbox 981 1729 1070 1794; x_wconf 90' lang='lat' dir='ltr'><strong>enim</strong></span> <span class='ocrx_word' id='word_1_240' title='bbox 1092 1750 1128 1794; x_wconf 91' lang='lat' dir='ltr'><strong>se</strong></span> <span class='ocrx_word' id='word_1_241' title='bbox 1181 1725 1254 1792; x_wconf 90' lang='lat' dir='ltr'><strong>Deo</strong></span> <span class='ocrx_word' id='word_1_242' title='bbox 1281 1728 1484 1810; x_wconf 88' lang='lat' dir='ltr'><strong>praestitisse</strong></span> <span class='ocrx_word' id='word_1_243' title='bbox 1512 1730 1667 1811; x_wconf 85' lang='lat' dir='ltr'><strong>atpium</strong></span> <span class='ocrx_word' id='word_1_244' title='bbox 1694 1738 1727 1793; x_wconf 92' lang='grc'><strong>61</strong></span> <span class='ocrx_word' id='word_1_245' title='bbox 1752 1735 1886 1813; x_wconf 80' lang='lat' dir='ltr'><strong>gratum</strong></span> <span class='ocrx_word' id='word_1_246' title='bbox 1913 1729 2095 1813; x_wconf 88' lang='lat' dir='ltr'><strong>poeniteat:</strong></span> <span class='ocrx_word' id='word_1_247' title='bbox 2130 1737 2165 1796; x_wconf 93' lang='lat' dir='ltr'><strong>et</strong></span> 
     </span>
     <span class='ocr_line' id='line_1_19' title="bbox 146 1811 2166 1898; baseline 0.001 -19"><span class='ocrx_word' id='word_1_248' title='bbox 146 1815 368 1898; x_wconf 89' lang='lat' dir='ltr'><strong>propinquam</strong></span> <span class='ocrx_word' id='word_1_249' title='bbox 389 1814 544 1880; x_wconf 91' lang='lat' dir='ltr'><strong>ecclesiae</strong></span> <span class='ocrx_word' id='word_1_250' title='bbox 567 1815 757 1881; x_wconf 85' lang='lat' dir='ltr'><strong>vastitatem</strong></span> <span class='ocrx_word' id='word_1_251' title='bbox 784 1815 903 1881; x_wconf 91' lang='lat' dir='ltr'><strong>anim1s</strong></span> <span class='ocrx_word' id='word_1_252' title='bbox 932 1815 1126 1898; x_wconf 88' lang='lat' dir='ltr'><strong>prospicere,</strong></span> <span class='ocrx_word' id='word_1_253' title='bbox 1182 1811 1270 1896; x_wconf 91' lang='lat' dir='ltr'><strong>quod</strong></span> <span class='ocrx_word' id='word_1_254' title='bbox 1296 1834 1482 1880; x_wconf 88' lang='lat' dir='ltr'><strong>moerorem</strong></span> <span class='ocrx_word' id='word_1_255' title='bbox 1515 1822 1667 1880; x_wconf 90' lang='lat' dir='ltr'><strong>nostrum</strong></span> <span class='ocrx_word' id='word_1_256' title='bbox 1694 1815 1748 1880; x_wconf 84' lang='lat' dir='ltr'><strong>vel</strong></span> <span class='ocrx_word' id='word_1_257' title='bbox 1774 1815 1810 1879; x_wconf 92' lang='lat' dir='ltr'><strong>in</strong></span> <span class='ocrx_word' id='word_1_258' title='bbox 1836 1815 1993 1879; x_wconf 89' lang='lat' dir='ltr'><strong>maximis</strong></span> <span class='ocrx_word' id='word_1_259' title='bbox 2019 1813 2166 1882; x_wconf 87' lang='lat' dir='ltr'><strong>cladibus</strong></span> 
     </span>
     <span class='ocr_line' id='line_1_20' title="bbox 148 1898 2165 1985; baseline 0.001 -20"><span class='ocrx_word' id='word_1_260' title='bbox 148 1920 233 1985; x_wconf 88' lang='lat' dir='ltr'><strong>quae</strong></span> <span class='ocrx_word' id='word_1_261' title='bbox 253 1921 295 1965; x_wconf 89' lang='lat' dir='ltr'><strong>ex</strong></span> <span class='ocrx_word' id='word_1_262' title='bbox 306 1900 473 1965; x_wconf 89' lang='lat' dir='ltr'><strong>intestinis</strong></span> <span class='ocrx_word' id='word_1_263' title='bbox 485 1899 627 1966; x_wconf 90' lang='lat' dir='ltr'><strong>dissidiis</strong></span> <span class='ocrx_word' id='word_1_264' title='bbox 638 1900 816 1985; x_wconf 88' lang='lat' dir='ltr'><strong>impendet.</strong></span> <span class='ocrx_word' id='word_1_265' title='bbox 840 1901 914 1967; x_wconf 90' lang='lat' dir='ltr'><strong>Hac</strong></span> <span class='ocrx_word' id='word_1_266' title='bbox 926 1899 1128 1983; x_wconf 77' lang='lat' dir='ltr'><strong>nosprovidi</strong></span> <span class='ocrx_word' id='word_1_267' title='bbox 1182 1898 1280 1963; x_wconf 89' lang='lat' dir='ltr'><strong>solari</strong></span> <span class='ocrx_word' id='word_1_268' title='bbox 1302 1901 1438 1982; x_wconf 87' lang='lat' dir='ltr'><strong>poterit,</strong></span> <span class='ocrx_word' id='word_1_269' title='bbox 1461 1920 1521 1965; x_wconf 90' lang='lat' dir='ltr'><strong>nos</strong></span> <span class='ocrx_word' id='word_1_270' title='bbox 1543 1906 1577 1965; x_wconf 90' lang='lat' dir='ltr'><strong>et</strong></span> <span class='ocrx_word' id='word_1_271' title='bbox 1594 1898 1721 1967; x_wconf 77' lang='lat' dir='ltr'><strong>Christi</strong></span> <span class='ocrx_word' id='word_1_272' title='bbox 1743 1900 1882 1984; x_wconf 82' lang='lat' dir='ltr'><strong>gloriae,</strong></span> <span class='ocrx_word' id='word_1_273' title='bbox 1905 1919 1989 1983; x_wconf 91' lang='lat' dir='ltr'><strong>quae</strong></span> <span class='ocrx_word' id='word_1_274' title='bbox 2011 1901 2165 1967; x_wconf 90' lang='lat' dir='ltr'><strong>omnibus</strong></span> 
     </span>
     <span class='ocr_line' id='line_1_21' title="bbox 147 1983 2164 2071; baseline 0.001 -20"><span class='ocrx_word' id='word_1_275' title='bbox 147 1985 300 2051; x_wconf 90' lang='lat' dir='ltr'><strong>homines</strong></span> <span class='ocrx_word' id='word_1_276' title='bbox 312 2007 379 2051; x_wconf 92' lang='grc'><strong>666</strong></span> <span class='ocrx_word' id='word_1_277' title='bbox 390 1986 497 2070; x_wconf 84' lang='lat' dir='ltr'><strong>magis</strong></span> <span class='ocrx_word' id='word_1_278' title='bbox 510 1986 596 2052; x_wconf 88' lang='grc'><strong>611161</strong></span> <span class='ocrx_word' id='word_1_279' title='bbox 608 1987 787 2053; x_wconf 89' lang='lat' dir='ltr'><strong>mirantur:</strong></span> <span class='ocrx_word' id='word_1_280' title='bbox 808 1995 906 2069; x_wconf 90' lang='lat' dir='ltr'><strong>atque</strong></span> <span class='ocrx_word' id='word_1_281' title='bbox 918 1992 956 2052; x_wconf 92' lang='lat' dir='ltr'><strong>ut</strong></span> <span class='ocrx_word' id='word_1_282' title='bbox 967 1987 1003 2050; x_wconf 90' lang='lat' dir='ltr'><strong>in</strong></span> <span class='ocrx_word' id='word_1_283' title='bbox 1015 1984 1127 2051; x_wconf 92' lang='lat' dir='ltr'><strong>odium</strong></span> <span class='ocrx_word' id='word_1_284' title='bbox 1179 1983 1297 2049; x_wconf 90' lang='lat' dir='ltr'><strong>mundi</strong></span> <span class='ocrx_word' id='word_1_285' title='bbox 1313 1985 1426 2069; x_wconf 82' lang='lat' dir='ltr'><strong>regnis</strong></span> <span class='ocrx_word' id='word_1_286' title='bbox 1448 1986 1568 2068; x_wconf 89' lang='lat' dir='ltr'><strong>potior,</strong></span> <span class='ocrx_word' id='word_1_287' title='bbox 1592 1993 1625 2051; x_wconf 90' lang='grc'><strong>61</strong></span> <span class='ocrx_word' id='word_1_288' title='bbox 1647 1986 1834 2051; x_wconf 85' lang='lat' dir='ltr'><strong>animarum</strong></span> <span class='ocrx_word' id='word_1_289' title='bbox 1855 1986 1964 2065; x_wconf 88' lang='lat' dir='ltr'><strong>saluti,</strong></span> <span class='ocrx_word' id='word_1_290' title='bbox 1986 2007 2070 2071; x_wconf 88' lang='lat' dir='ltr'><strong>quae</strong></span> <span class='ocrx_word' id='word_1_291' title='bbox 2092 1993 2164 2053; x_wconf 89' lang='lat' dir='ltr'><strong>toto</strong></span> 
     </span>
     <span class='ocr_line' id='line_1_22' title="bbox 147 2069 1930 2157; baseline -0.001 -20"><span class='ocrx_word' id='word_1_292' title='bbox 147 2093 209 2138; x_wconf 92' lang='grc'><strong>666</strong></span> <span class='ocrx_word' id='word_1_293' title='bbox 221 2070 364 2151; x_wconf 87' lang='lat' dir='ltr'><strong>trahant,</strong></span> <span class='ocrx_word' id='word_1_294' title='bbox 378 2093 497 2156; x_wconf 85' lang='lat' dir='ltr'><strong>susque</strong></span> <span class='ocrx_word' id='word_1_295' title='bbox 509 2072 614 2154; x_wconf 90' lang='lat' dir='ltr'><strong>deque</strong></span> <span class='ocrx_word' id='word_1_296' title='bbox 625 2071 719 2137; x_wconf 89' lang='lat' dir='ltr'><strong>nobis</strong></span> <span class='ocrx_word' id='word_1_297' title='bbox 731 2094 801 2139; x_wconf 90' lang='lat' dir='ltr'><strong>esse</strong></span> <span class='ocrx_word' id='word_1_298' title='bbox 813 2072 982 2157; x_wconf 86' lang='lat' dir='ltr'><strong>colligunt,</strong></span> <span class='ocrx_word' id='word_1_299' title='bbox 998 2073 1026 2137; x_wconf 94' lang='lat' dir='ltr'><strong>si</strong></span> <span class='ocrx_word' id='word_1_300' title='bbox 1037 2083 1127 2137; x_wconf 88' lang='lat' dir='ltr'><strong>terra</strong></span> <span class='ocrx_word' id='word_1_301' title='bbox 1181 2069 1305 2136; x_wconf 93' lang='lat' dir='ltr'><strong>mundo</strong></span> <span class='ocrx_word' id='word_1_302' title='bbox 1328 2072 1501 2155; x_wconf 89' lang='lat' dir='ltr'><strong>pretiosior</strong></span> <span class='ocrx_word' id='word_1_303' title='bbox 1522 2078 1581 2150; x_wconf 91' lang='grc'><strong>661,</strong></span> <span class='ocrx_word' id='word_1_304' title='bbox 1603 2070 1746 2137; x_wconf 91' lang='lat' dir='ltr'><strong>fideliter</strong></span> <span class='ocrx_word' id='word_1_305' title='bbox 1766 2071 1930 2138; x_wconf 86' lang='lat' dir='ltr'><strong>serviisse.</strong></span> 
     </span>
    </p>

    <p class='ocr_par' dir='ltr' id='par_1_3' title="bbox 147 2155 2168 2755">
     <span class='ocr_line' id='line_1_23' title="bbox 148 2155 2163 2241; baseline 0.001 -19"><span class='ocrx_word' id='word_1_306' title='bbox 148 2156 302 2224; x_wconf 89' lang='lat' dir='ltr'><strong>incendio</strong></span> <span class='ocrx_word' id='word_1_307' title='bbox 325 2159 511 2224; x_wconf 89' lang='lat' dir='ltr'><strong>misceatur.</strong></span> <span class='ocrx_word' id='word_1_308' title='bbox 547 2156 604 2224; x_wconf 83' lang='lat' dir='ltr'><strong>Sic</strong></span> <span class='ocrx_word' id='word_1_309' title='bbox 626 2158 705 2223; x_wconf 89' lang='lat' dir='ltr'><strong>olim</strong></span> <span class='ocrx_word' id='word_1_310' title='bbox 716 2159 920 2241; x_wconf 88' lang='lat' dir='ltr'><strong>Aquilanum</strong></span> <span class='ocrx_word' id='word_1_311' title='bbox 938 2159 1128 2241; x_wconf 89' lang='lat' dir='ltr'><strong>episcopum</strong></span> <span class='ocrx_word' id='word_1_312' title='bbox 1266 2157 1450 2240; x_wconf 87' lang='lat' dir='ltr'><strong>Postquam</strong></span> <span class='ocrx_word' id='word_1_313' title='bbox 1477 2155 1648 2236; x_wconf 87' lang='lat' dir='ltr'><strong>scandala,</strong></span> <span class='ocrx_word' id='word_1_314' title='bbox 1678 2177 1761 2240; x_wconf 92' lang='lat' dir='ltr'><strong>quae</strong></span> <span class='ocrx_word' id='word_1_315' title='bbox 1790 2156 1972 2240; x_wconf 89' lang='lat' dir='ltr'><strong>plurimum</strong></span> <span class='ocrx_word' id='word_1_316' title='bbox 1993 2157 2056 2224; x_wconf 90' lang='lat' dir='ltr'><strong>hoo</strong></span> <span class='ocrx_word' id='word_1_317' title='bbox 2077 2166 2163 2224; x_wconf 89' lang='lat' dir='ltr'><strong>tem·</strong></span> 
     </span>
     <span class='ocr_line' id='line_1_24' title="bbox 147 2242 2163 2327; baseline 0.001 -18"><span class='ocrx_word' id='word_1_318' title='bbox 147 2243 184 2309; x_wconf 92' lang='lat' dir='ltr'><strong>in</strong></span> <span class='ocrx_word' id='word_1_319' title='bbox 205 2243 334 2327; x_wconf 86' lang='lat' dir='ltr'><strong>privato</strong></span> <span class='ocrx_word' id='word_1_320' title='bbox 354 2243 512 2326; x_wconf 91' lang='lat' dir='ltr'><strong>colloquio</strong></span> <span class='ocrx_word' id='word_1_321' title='bbox 532 2263 662 2308; x_wconf 91' lang='lat' dir='ltr'><strong>mecum</strong></span> <span class='ocrx_word' id='word_1_322' title='bbox 680 2244 840 2310; x_wconf 86' lang='lat' dir='ltr'><strong>disserere</strong></span> <span class='ocrx_word' id='word_1_323' title='bbox 862 2245 1008 2322; x_wconf 92' lang='lat' dir='ltr'><strong>memini,</strong></span> <span class='ocrx_word' id='word_1_324' title='bbox 1029 2264 1128 2326; x_wconf 89' lang='lat' dir='ltr'><strong>quam</strong></span> <span class='ocrx_word' id='word_1_325' title='bbox 1180 2262 1259 2324; x_wconf 90' lang='lat' dir='ltr'><strong>pore</strong></span> <span class='ocrx_word' id='word_1_326' title='bbox 1287 2243 1636 2326; x_wconf 85' lang='lat' dir='ltr'><strong>nocere-experimur,</strong></span> <span class='ocrx_word' id='word_1_327' title='bbox 1665 2242 1850 2326; x_wconf 84' lang='lat' dir='ltr'><strong>generatim</strong></span> <span class='ocrx_word' id='word_1_328' title='bbox 1876 2243 2040 2308; x_wconf 90' lang='lat' dir='ltr'><strong>recensui:</strong></span> <span class='ocrx_word' id='word_1_329' title='bbox 2074 2264 2163 2310; x_wconf 91' lang='lat' dir='ltr'><strong>nuno</strong></span> 
     </span>
     <span class='ocr_line' id='line_1_25' title="bbox 147 2327 2162 2408; baseline 0.001 -14"><span class='ocrx_word' id='word_1_330' title='bbox 147 2327 317 2394; x_wconf 86' lang='lat' dir='ltr'><strong>horrende</strong></span> <span class='ocrx_word' id='word_1_331' title='bbox 339 2333 413 2408; x_wconf 81' lang='lat' dir='ltr'><strong>[pag.</strong></span> <span class='ocrx_word' id='word_1_332' title='bbox 435 2335 509 2407; x_wconf 84' lang='lat'>106]</span> <span class='ocrx_word' id='word_1_333' title='bbox 537 2328 646 2394; x_wconf 90' lang='lat' dir='ltr'><strong>clades</strong></span> <span class='ocrx_word' id='word_1_334' title='bbox 675 2329 823 2395; x_wconf 88' lang='lat' dir='ltr'><strong>timenda</strong></span> <span class='ocrx_word' id='word_1_335' title='bbox 844 2331 942 2408; x_wconf 89' lang='lat' dir='ltr'><strong>foret,</strong></span> <span class='ocrx_word' id='word_1_336' title='bbox 972 2329 1039 2395; x_wconf 92' lang='lat' dir='ltr'><strong>nisi</strong></span> <span class='ocrx_word' id='word_1_337' title='bbox 1061 2328 1128 2394; x_wconf 91' lang='lat' dir='ltr'><strong>dis·</strong></span> <span class='ocrx_word' id='word_1_338' title='bbox 1180 2327 1325 2394; x_wconf 85' lang='lat' dir='ltr'><strong>breviter</strong></span> <span class='ocrx_word' id='word_1_339' title='bbox 1346 2327 1502 2394; x_wconf 92' lang='lat' dir='ltr'><strong>monendi</strong></span> <span class='ocrx_word' id='word_1_340' title='bbox 1530 2336 1609 2394; x_wconf 90' lang='lat' dir='ltr'><strong>sunt</strong></span> <span class='ocrx_word' id='word_1_341' title='bbox 1635 2349 1770 2393; x_wconf 88' lang='lat' dir='ltr'><strong>rursum</strong></span> <span class='ocrx_word' id='word_1_342' title='bbox 1797 2328 1858 2393; x_wconf 88' lang='lat' dir='ltr'><strong>filii</strong></span> <span class='ocrx_word' id='word_1_343' title='bbox 1876 2327 1942 2393; x_wconf 91' lang='lat' dir='ltr'><strong>Dei</strong></span> <span class='ocrx_word' id='word_1_344' title='bbox 1966 2348 2097 2408; x_wconf 90' lang='lat' dir='ltr'><strong>omnes,</strong></span> <span class='ocrx_word' id='word_1_345' title='bbox 2123 2337 2162 2395; x_wconf 90' lang='grc'><strong>61</strong></span> 
     </span>
     <span class='ocr_line' id='line_1_26' title="bbox 148 2412 2165 2498; baseline 0 -16"><span class='ocrx_word' id='word_1_346' title='bbox 148 2413 268 2482; x_wconf 90' lang='lat' dir='ltr'><strong>cordiis</strong></span> <span class='ocrx_word' id='word_1_347' title='bbox 295 2415 396 2479; x_wconf 82' lang='lat' dir='ltr'><strong>finem</strong></span> <span class='ocrx_word' id='word_1_348' title='bbox 424 2414 518 2479; x_wconf 88' lang='lat' dir='ltr'><strong>brevi</strong></span> <span class='ocrx_word' id='word_1_349' title='bbox 546 2422 775 2481; x_wconf 89' lang='lat' dir='ltr'><strong>statueremus.</strong></span> <span class='ocrx_word' id='word_1_350' title='bbox 826 2416 903 2481; x_wconf 89' lang='lat' dir='ltr'><strong>Huc</strong></span> <span class='ocrx_word' id='word_1_351' title='bbox 926 2423 1036 2480; x_wconf 88' lang='lat' dir='ltr'><strong>autem</strong></span> <span class='ocrx_word' id='word_1_352' title='bbox 1059 2422 1128 2479; x_wconf 89' lang='grc'><strong>1616</strong></span> <span class='ocrx_word' id='word_1_353' title='bbox 1180 2414 1322 2479; x_wconf 85' lang='grc'><strong>66166616</strong></span> <span class='ocrx_word' id='word_1_354' title='bbox 1350 2435 1369 2477; x_wconf 85' lang='grc'><strong>6</strong></span> <span class='ocrx_word' id='word_1_355' title='bbox 1402 2435 1456 2478; x_wconf 88' lang='grc'><strong>166</strong></span> <span class='ocrx_word' id='word_1_356' title='bbox 1481 2413 1634 2479; x_wconf 84' lang='lat' dir='ltr'><strong>remediis</strong></span> <span class='ocrx_word' id='word_1_357' title='bbox 1668 2413 1823 2480; x_wconf 86' lang='lat' dir='ltr'><strong>instructi</strong></span> <span class='ocrx_word' id='word_1_358' title='bbox 1850 2412 2022 2479; x_wconf 81' lang='lat' dir='ltr'><strong>Christum</strong></span> <span class='ocrx_word' id='word_1_359' title='bbox 2054 2416 2165 2498; x_wconf 88' lang='grc'><strong>661166</strong></span> 
     </span>
     <span class='ocr_line' id='line_1_27' title="bbox 147 2498 2166 2587; baseline 0.001 -21"><span class='ocrx_word' id='word_1_360' title='bbox 147 2499 306 2566; x_wconf 82' lang='lat' dir='ltr'><strong>tendebat</strong></span> <span class='ocrx_word' id='word_1_361' title='bbox 327 2501 445 2579; x_wconf 89' lang='lat' dir='ltr'><strong>oratio,</strong></span> <span class='ocrx_word' id='word_1_362' title='bbox 472 2501 545 2565; x_wconf 89' lang='lat' dir='ltr'><strong>fieri</strong></span> <span class='ocrx_word' id='word_1_363' title='bbox 576 2501 671 2566; x_wconf 89' lang='lat' dir='ltr'><strong>aliter</strong></span> <span class='ocrx_word' id='word_1_364' title='bbox 698 2523 764 2566; x_wconf 92' lang='lat' dir='ltr'><strong>non</strong></span> <span class='ocrx_word' id='word_1_365' title='bbox 792 2523 902 2587; x_wconf 89' lang='lat' dir='ltr'><strong>posse,</strong></span> <span class='ocrx_word' id='word_1_366' title='bbox 933 2502 960 2566; x_wconf 93' lang='lat' dir='ltr'><strong>si</strong></span> <span class='ocrx_word' id='word_1_367' title='bbox 982 2521 1128 2566; x_wconf 90' lang='lat' dir='ltr'><strong>essemus</strong></span> <span class='ocrx_word' id='word_1_368' title='bbox 1179 2519 1239 2582; x_wconf 89' lang='grc'><strong>616</strong></span> <span class='ocrx_word' id='word_1_369' title='bbox 1250 2498 1468 2565; x_wconf 87' lang='lat' dir='ltr'><strong>fundamento</strong></span> <span class='ocrx_word' id='word_1_370' title='bbox 1486 2500 1660 2579; x_wconf 89' lang='lat' dir='ltr'><strong>retineant,</strong></span> <span class='ocrx_word' id='word_1_371' title='bbox 1684 2520 1785 2582; x_wconf 90' lang='lat' dir='ltr'><strong>quam</strong></span> <span class='ocrx_word' id='word_1_372' title='bbox 1802 2500 1979 2565; x_wconf 88' lang='lat' dir='ltr'><strong>temerario</strong></span> <span class='ocrx_word' id='word_1_373' title='bbox 1998 2520 2166 2584; x_wconf 85' lang='lat' dir='ltr'><strong>pravoque</strong></span> 
     </span>
     <span class='ocr_line' id='line_1_28' title="bbox 147 2584 2168 2670; baseline 0 -19"><span class='ocrx_word' id='word_1_374' title='bbox 147 2585 307 2670; x_wconf 92' lang='lat' dir='ltr'><strong>propositi</strong></span> <span class='ocrx_word' id='word_1_375' title='bbox 326 2587 430 2651; x_wconf 90' lang='grc'><strong>666111</strong></span> <span class='ocrx_word' id='word_1_376' title='bbox 449 2586 529 2651; x_wconf 86' lang='lat' dir='ltr'><strong>adeo</strong></span> <span class='ocrx_word' id='word_1_377' title='bbox 549 2593 692 2669; x_wconf 87' lang='lat' dir='ltr'><strong>tenaces,</strong></span> <span class='ocrx_word' id='word_1_378' title='bbox 710 2589 790 2670; x_wconf 91' lang='lat' dir='ltr'><strong>quin</strong></span> <span class='ocrx_word' id='word_1_379' title='bbox 808 2587 942 2652; x_wconf 89' lang='lat' dir='ltr'><strong>tandem</strong></span> <span class='ocrx_word' id='word_1_380' title='bbox 968 2586 1010 2653; x_wconf 90' lang='lat' dir='ltr'><strong>ad</strong></span> <span class='ocrx_word' id='word_1_381' title='bbox 1036 2607 1128 2651; x_wconf 89' lang='lat' dir='ltr'><strong>arma</strong></span> <span class='ocrx_word' id='word_1_382' title='bbox 1180 2584 1319 2651; x_wconf 90' lang='lat' dir='ltr'><strong>incursu</strong></span> <span class='ocrx_word' id='word_1_383' title='bbox 1341 2585 1402 2650; x_wconf 90' lang='lat' dir='ltr'><strong>sibi</strong></span> <span class='ocrx_word' id='word_1_384' title='bbox 1425 2585 1549 2652; x_wconf 88' lang='lat' dir='ltr'><strong>faciant</strong></span> <span class='ocrx_word' id='word_1_385' title='bbox 1583 2584 1726 2669; x_wconf 89' lang='lat' dir='ltr'><strong>lapidem</strong></span> <span class='ocrx_word' id='word_1_386' title='bbox 1757 2585 1948 2650; x_wconf 89' lang='lat' dir='ltr'><strong>offensionis</strong></span> <span class='ocrx_word' id='word_1_387' title='bbox 1977 2592 2010 2650; x_wconf 90' lang='grc'><strong>61</strong></span> <span class='ocrx_word' id='word_1_388' title='bbox 2036 2593 2168 2668; x_wconf 88' lang='grc'><strong>6611661</strong></span> 
     </span>
     <span class='ocr_line' id='line_1_29' title="bbox 148 2669 2166 2755; baseline 0 -17"><span class='ocrx_word' id='word_1_389' title='bbox 148 2693 204 2738; x_wconf 87' lang='lat' dir='ltr'><strong>res</strong></span> <span class='ocrx_word' id='word_1_390' title='bbox 231 2673 369 2738; x_wconf 90' lang='lat' dir='ltr'><strong>veniret.</strong></span> <span class='ocrx_word' id='word_1_391' title='bbox 419 2671 507 2736; x_wconf 91' lang='lat' dir='ltr'><strong>Belli</strong></span> <span class='ocrx_word' id='word_1_392' title='bbox 538 2693 634 2755; x_wconf 89' lang='grc'><strong>66116</strong></span> <span class='ocrx_word' id='word_1_393' title='bbox 666 2694 735 2738; x_wconf 89' lang='grc'><strong>666</strong></span> <span class='ocrx_word' id='word_1_394' title='bbox 762 2674 865 2739; x_wconf 90' lang='lat' dir='ltr'><strong>alium</strong></span> <span class='ocrx_word' id='word_1_395' title='bbox 891 2674 961 2738; x_wconf 86' lang='grc'><strong>1616</strong></span> <span class='ocrx_word' id='word_1_396' title='bbox 990 2673 1127 2751; x_wconf 86' lang='lat' dir='ltr'><strong>exitum,</strong></span> <span class='ocrx_word' id='word_1_397' title='bbox 1182 2669 1336 2736; x_wconf 88' lang='lat' dir='ltr'><strong>scandali.</strong></span> <span class='ocrx_word' id='word_1_398' title='bbox 1382 2670 1474 2752; x_wconf 76' lang='lat' dir='ltr'><strong>Quin</strong></span> <span class='ocrx_word' id='word_1_399' title='bbox 1496 2671 1602 2737; x_wconf 89' lang='lat' dir='ltr'><strong>multa</strong></span> <span class='ocrx_word' id='word_1_400' title='bbox 1624 2670 1779 2736; x_wconf 89' lang='lat' dir='ltr'><strong>scandala</strong></span> <span class='ocrx_word' id='word_1_401' title='bbox 1807 2669 1945 2737; x_wconf 90' lang='lat' dir='ltr'><strong>subinde</strong></span> <span class='ocrx_word' id='word_1_402' title='bbox 1967 2670 2166 2755; x_wconf 87' lang='lat' dir='ltr'><strong>ingerantur</strong></span> 
     </span>
    </p>
   </div>
   <div class='ocr_carea' id='block_1_3' title="bbox 148 2755 2270 2843">
    <p class='ocr_par' dir='ltr' id='par_1_4' title="bbox 148 2755 2270 2843">
     <span class='ocr_line' id='line_1_30' title="bbox 148 2755 2270 2843; baseline 0.001 -20"><span class='ocrx_word' id='word_1_403' title='bbox 148 2776 249 2843; x_wconf 92' lang='lat' dir='ltr'><strong>quam</strong></span> <span class='ocrx_word' id='word_1_404' title='bbox 271 2765 310 2822; x_wconf 91' lang='lat' dir='ltr'><strong>ut</strong></span> <span class='ocrx_word' id='word_1_405' title='bbox 330 2756 426 2823; x_wconf 89' lang='lat' dir='ltr'><strong>bonis</strong></span> <span class='ocrx_word' id='word_1_406' title='bbox 447 2757 553 2824; x_wconf 88' lang='lat' dir='ltr'><strong>literis</strong></span> <span class='ocrx_word' id='word_1_407' title='bbox 576 2759 762 2839; x_wconf 81' lang='lat' dir='ltr'><strong>exstinctis,</strong></span> <span class='ocrx_word' id='word_1_408' title='bbox 791 2767 825 2825; x_wconf 90' lang='lat' dir='ltr'><strong>et</strong></span> <span class='ocrx_word' id='word_1_409' title='bbox 850 2759 992 2825; x_wconf 88' lang='lat' dir='ltr'><strong>barbara</strong></span> <span class='ocrx_word' id='word_1_410' title='bbox 1014 2759 1128 2825; x_wconf 90' lang='grc'><strong>66616-</strong></span> <span class='ocrx_word' id='word_1_411' title='bbox 1181 2755 1333 2823; x_wconf 86' lang='lat' dir='ltr'><strong>fidelibus</strong></span> <span class='ocrx_word' id='word_1_412' title='bbox 1355 2757 1392 2821; x_wconf 91' lang='lat' dir='ltr'><strong>in</strong></span> <span class='ocrx_word' id='word_1_413' title='bbox 1414 2755 1477 2822; x_wconf 90' lang='lat' dir='ltr'><strong>hoc</strong></span> <span class='ocrx_word' id='word_1_414' title='bbox 1498 2756 1640 2837; x_wconf 92' lang='lat' dir='ltr'><strong>mundo,</strong></span> <span class='ocrx_word' id='word_1_415' title='bbox 1668 2756 1742 2821; x_wconf 93' lang='lat' dir='ltr'><strong>fieri</strong></span> <span class='ocrx_word' id='word_1_416' title='bbox 1769 2777 1837 2822; x_wconf 91' lang='lat' dir='ltr'><strong>non</strong></span> <span class='ocrx_word' id='word_1_417' title='bbox 1858 2762 1976 2840; x_wconf 85' lang='grc'><strong>661661,</strong></span> <span class='ocrx_word' id='word_1_418' title='bbox 2006 2756 2165 2841; x_wconf 81' lang='lat' dir='ltr'><strong>aquibus</strong></span> <span class='ocrx_word' id='word_1_419' title='bbox 2266 2826 2270 2833; x_wconf 83' lang='grc'><strong>,</strong></span> 
     </span>
    </p>
   </div>
   <div class='ocr_carea' id='block_1_4' title="bbox 145 2841 2168 4816">
    <p class='ocr_par' dir='ltr' id='par_1_5' title="bbox 145 2841 2168 4733">
     <span class='ocr_line' id='line_1_31' title="bbox 147 2841 2167 2929; baseline -0 -18"><span class='ocrx_word' id='word_1_420' title='bbox 147 2845 242 2911; x_wconf 89' lang='grc'><strong>61666</strong></span> <span class='ocrx_word' id='word_1_421' title='bbox 262 2842 406 2922; x_wconf 88' lang='lat' dir='ltr'><strong>inducta,</strong></span> <span class='ocrx_word' id='word_1_422' title='bbox 428 2843 617 2909; x_wconf 87' lang='lat' dir='ltr'><strong>humanitas</strong></span> <span class='ocrx_word' id='word_1_423' title='bbox 637 2867 738 2929; x_wconf 91' lang='grc'><strong>61666</strong></span> <span class='ocrx_word' id='word_1_424' title='bbox 757 2848 830 2929; x_wconf 88' lang='grc'><strong>1666</strong></span> <span class='ocrx_word' id='word_1_425' title='bbox 851 2868 870 2911; x_wconf 89' lang='grc'><strong>6</strong></span> <span class='ocrx_word' id='word_1_426' title='bbox 890 2843 1013 2910; x_wconf 90' lang='lat' dir='ltr'><strong>mundo</strong></span> <span class='ocrx_word' id='word_1_427' title='bbox 1036 2843 1129 2910; x_wconf 91' lang='lat' dir='ltr'><strong>tolle-</strong></span> <span class='ocrx_word' id='word_1_428' title='bbox 1181 2862 1225 2907; x_wconf 92' lang='lat' dir='ltr'><strong>ne</strong></span> <span class='ocrx_word' id='word_1_429' title='bbox 1242 2842 1397 2910; x_wconf 85' lang='lat' dir='ltr'><strong>Ohristus</strong></span> <span class='ocrx_word' id='word_1_430' title='bbox 1418 2843 1551 2926; x_wconf 91' lang='lat' dir='ltr'><strong>quidem</strong></span> <span class='ocrx_word' id='word_1_431' title='bbox 1571 2843 1730 2909; x_wconf 89' lang='lat' dir='ltr'><strong>immunis</strong></span> <span class='ocrx_word' id='word_1_432' title='bbox 1751 2842 1822 2907; x_wconf 89' lang='grc'><strong>1611.</strong></span> <span class='ocrx_word' id='word_1_433' title='bbox 1855 2841 1929 2907; x_wconf 88' lang='grc'><strong>1616</strong></span> <span class='ocrx_word' id='word_1_434' title='bbox 1949 2843 2007 2910; x_wconf 83' lang='lat' dir='ltr'><strong>vix</strong></span> <span class='ocrx_word' id='word_1_435' title='bbox 2029 2864 2167 2926; x_wconf 87' lang='lat' dir='ltr'><strong>speran-</strong></span> 
     </span>
     <span class='ocr_line' id='line_1_32' title="bbox 147 2927 2167 3015; baseline 0 -21"><span class='ocrx_word' id='word_1_436' title='bbox 147 2936 251 2996; x_wconf 89' lang='lat' dir='ltr'><strong>retur.</strong></span> <span class='ocrx_word' id='word_1_437' title='bbox 295 2929 427 2994; x_wconf 89' lang='lat' dir='ltr'><strong>Horum</strong></span> <span class='ocrx_word' id='word_1_438' title='bbox 449 2930 611 2995; x_wconf 87' lang='lat' dir='ltr'><strong>malorum</strong></span> <span class='ocrx_word' id='word_1_439' title='bbox 634 2931 730 2997; x_wconf 89' lang='lat' dir='ltr'><strong>sicuti</strong></span> <span class='ocrx_word' id='word_1_440' title='bbox 752 2932 849 3015; x_wconf 89' lang='lat' dir='ltr'><strong>culpa</strong></span> <span class='ocrx_word' id='word_1_441' title='bbox 875 2933 912 2997; x_wconf 88' lang='lat' dir='ltr'><strong>in</strong></span> <span class='ocrx_word' id='word_1_442' title='bbox 933 2930 1028 2997; x_wconf 92' lang='lat' dir='ltr'><strong>nobis</strong></span> <span class='ocrx_word' id='word_1_443' title='bbox 1050 2930 1130 2996; x_wconf 88' lang='lat' dir='ltr'><strong>hac·</strong></span> <span class='ocrx_word' id='word_1_444' title='bbox 1183 2927 1263 2993; x_wconf 92' lang='lat' dir='ltr'><strong>dum</strong></span> <span class='ocrx_word' id='word_1_445' title='bbox 1284 2936 1343 3008; x_wconf 86' lang='lat' dir='ltr'><strong>eet,</strong></span> <span class='ocrx_word' id='word_1_446' title='bbox 1365 2937 1404 2994; x_wconf 93' lang='lat' dir='ltr'><strong>ut</strong></span> <span class='ocrx_word' id='word_1_447' title='bbox 1424 2950 1560 3013; x_wconf 89' lang='lat' dir='ltr'><strong>passum</strong></span> <span class='ocrx_word' id='word_1_448' title='bbox 1581 2950 1686 2994; x_wconf 88' lang='lat' dir='ltr'><strong>unum</strong></span> <span class='ocrx_word' id='word_1_449' title='bbox 1708 2927 1893 3005; x_wconf 89' lang='lat' dir='ltr'><strong>conficiant,</strong></span> <span class='ocrx_word' id='word_1_450' title='bbox 1926 2928 2007 3011; x_wconf 90' lang='lat' dir='ltr'><strong>quin</strong></span> <span class='ocrx_word' id='word_1_451' title='bbox 2029 2927 2167 2995; x_wconf 87' lang='lat' dir='ltr'><strong>scanda-</strong></span> 
     </span>
     <span class='ocr_line' id='line_1_33' title="bbox 147 3013 2167 3099; baseline 0 -18"><span class='ocrx_word' id='word_1_452' title='bbox 147 3021 251 3094; x_wconf 89' lang='lat' dir='ltr'><strong>reret,</strong></span> <span class='ocrx_word' id='word_1_453' title='bbox 282 3015 331 3080; x_wconf 90' lang='lat' dir='ltr'><strong>ita</strong></span> <span class='ocrx_word' id='word_1_454' title='bbox 359 3014 564 3082; x_wconf 87' lang='lat' dir='ltr'><strong>subeundam</strong></span> <span class='ocrx_word' id='word_1_455' title='bbox 593 3017 753 3083; x_wconf 84' lang='lat' dir='ltr'><strong>invidiam</strong></span> <span class='ocrx_word' id='word_1_456' title='bbox 782 3039 863 3084; x_wconf 91' lang='lat' dir='ltr'><strong>esse.</strong></span> <span class='ocrx_word' id='word_1_457' title='bbox 909 3016 1130 3098; x_wconf 78' lang='lat' dir='ltr'><strong>Quinetiam</strong></span> <span class='ocrx_word' id='word_1_458' title='bbox 1181 3013 1253 3079; x_wconf 92' lang='lat' dir='ltr'><strong>lum</strong></span> <span class='ocrx_word' id='word_1_459' title='bbox 1275 3013 1406 3099; x_wconf 92' lang='lat' dir='ltr'><strong>aliquod</strong></span> <span class='ocrx_word' id='word_1_460' title='bbox 1428 3015 1560 3082; x_wconf 89' lang='lat' dir='ltr'><strong>obiiciat</strong></span> <span class='ocrx_word' id='word_1_461' title='bbox 1577 3013 1691 3082; x_wconf 82' lang='lat' dir='ltr'><strong>Satan.</strong></span> <span class='ocrx_word' id='word_1_462' title='bbox 1725 3014 1779 3078; x_wconf 93' lang='lat' dir='ltr'><strong>Ita</strong></span> <span class='ocrx_word' id='word_1_463' title='bbox 1800 3035 1860 3097; x_wconf 90' lang='lat' dir='ltr'><strong>per</strong></span> <span class='ocrx_word' id='word_1_464' title='bbox 1875 3014 2050 3079; x_wconf 86' lang='lat' dir='ltr'><strong>innumera</strong></span> <span class='ocrx_word' id='word_1_465' title='bbox 2071 3036 2167 3082; x_wconf 89' lang='lat' dir='ltr'><strong>scan-</strong></span> 
     </span>
     <span class='ocr_line' id='line_1_34' title="bbox 145 3097 2166 3187; baseline 0 -20"><span class='ocrx_word' id='word_1_466' title='bbox 145 3101 229 3167; x_wconf 89' lang='lat' dir='ltr'><strong>haec</strong></span> <span class='ocrx_word' id='word_1_467' title='bbox 256 3101 332 3183; x_wconf 91' lang='lat' dir='ltr'><strong>ipsa</strong></span> <span class='ocrx_word' id='word_1_468' title='bbox 368 3102 498 3185; x_wconf 79' lang='lat' dir='ltr'><strong>religio,</strong></span> <span class='ocrx_word' id='word_1_469' title='bbox 538 3102 680 3182; x_wconf 87' lang='lat' dir='ltr'><strong>dicebat,</strong></span> <span class='ocrx_word' id='word_1_470' title='bbox 719 3125 779 3187; x_wconf 90' lang='grc'><strong>616</strong></span> <span class='ocrx_word' id='word_1_471' title='bbox 812 3124 879 3186; x_wconf 91' lang='lat' dir='ltr'><strong>qua</strong></span> <span class='ocrx_word' id='word_1_472' title='bbox 909 3111 979 3167; x_wconf 90' lang='lat' dir='ltr'><strong>tam</strong></span> <span class='ocrx_word' id='word_1_473' title='bbox 1012 3103 1131 3168; x_wconf 88' lang='lat' dir='ltr'><strong>acriter</strong></span> <span class='ocrx_word' id='word_1_474' title='bbox 1184 3097 1260 3164; x_wconf 89' lang='lat' dir='ltr'><strong>dela</strong></span> <span class='ocrx_word' id='word_1_475' title='bbox 1282 3099 1518 3167; x_wconf 90' lang='lat' dir='ltr'><strong>ambulandum</strong></span> <span class='ocrx_word' id='word_1_476' title='bbox 1544 3100 1625 3184; x_wconf 90' lang='lat' dir='ltr'><strong>ipsis</strong></span> <span class='ocrx_word' id='word_1_477' title='bbox 1647 3107 1706 3167; x_wconf 92' lang='lat' dir='ltr'><strong>est.</strong></span> <span class='ocrx_word' id='word_1_478' title='bbox 1751 3097 1820 3167; x_wconf 79' lang='lat' dir='ltr'><strong>Sed</strong></span> <span class='ocrx_word' id='word_1_479' title='bbox 1842 3101 2057 3184; x_wconf 77' lang='lat' dir='ltr'><strong>quantumvis</strong></span> <span class='ocrx_word' id='word_1_480' title='bbox 2078 3101 2166 3168; x_wconf 93' lang='lat' dir='ltr'><strong>mul·</strong></span> 
     </span>
     <span class='ocr_line' id='line_1_35' title="bbox 146 3185 2166 3272; baseline 0.002 -20"><span class='ocrx_word' id='word_1_481' title='bbox 146 3187 319 3272; x_wconf 77' lang='lat' dir='ltr'><strong>pugnatis,</strong></span> <span class='ocrx_word' id='word_1_482' title='bbox 354 3187 452 3252; x_wconf 90' lang='lat' dir='ltr'><strong>simul</strong></span> <span class='ocrx_word' id='word_1_483' title='bbox 480 3209 555 3254; x_wconf 91' lang='lat' dir='ltr'><strong>cum</strong></span> <span class='ocrx_word' id='word_1_484' title='bbox 583 3188 689 3254; x_wconf 88' lang='lat' dir='ltr'><strong>literis</strong></span> <span class='ocrx_word' id='word_1_485' title='bbox 710 3189 853 3255; x_wconf 90' lang='lat' dir='ltr'><strong>intereat</strong></span> <span class='ocrx_word' id='word_1_486' title='bbox 874 3208 1008 3255; x_wconf 89' lang='lat' dir='ltr'><strong>necesse</strong></span> <span class='ocrx_word' id='word_1_487' title='bbox 1029 3194 1089 3253; x_wconf 92' lang='grc'><strong>661.</strong></span> <span class='ocrx_word' id='word_1_488' title='bbox 1104 3187 1131 3272; x_wconf 92' lang='lat'><strong>¹)</strong></span> <span class='ocrx_word' id='word_1_489' title='bbox 1184 3185 1288 3269; x_wconf 89' lang='lat' dir='ltr'><strong>tiplex</strong></span> <span class='ocrx_word' id='word_1_490' title='bbox 1310 3187 1354 3251; x_wconf 92' lang='lat' dir='ltr'><strong>sit</strong></span> <span class='ocrx_word' id='word_1_491' title='bbox 1374 3188 1519 3253; x_wconf 84' lang='lat' dir='ltr'><strong>varietas</strong></span> <span class='ocrx_word' id='word_1_492' title='bbox 1541 3195 1576 3253; x_wconf 89' lang='lat' dir='ltr'><strong>ct</strong></span> <span class='ocrx_word' id='word_1_493' title='bbox 1598 3186 1701 3253; x_wconf 87' lang='lat' dir='ltr'><strong>densa</strong></span> <span class='ocrx_word' id='word_1_494' title='bbox 1722 3186 1906 3271; x_wconf 85' lang='lat' dir='ltr'><strong>congeries,</strong></span> <span class='ocrx_word' id='word_1_495' title='bbox 1934 3207 2032 3252; x_wconf 91' lang='lat' dir='ltr'><strong>nemo</strong></span> <span class='ocrx_word' id='word_1_496' title='bbox 2052 3194 2166 3257; x_wconf 85' lang='lat' dir='ltr'><strong>tamen</strong></span> 
     </span>
     <span class='ocr_line' id='line_1_36' title="bbox 147 3271 2167 3356; baseline 0.002 -19"><span class='ocrx_word' id='word_1_497' title='bbox 147 3271 247 3354; x_wconf 78' lang='lat' dir='ltr'><strong>Quod</strong></span> <span class='ocrx_word' id='word_1_498' title='bbox 269 3279 347 3339; x_wconf 91' lang='lat' dir='ltr'><strong>tunc</strong></span> <span class='ocrx_word' id='word_1_499' title='bbox 376 3273 435 3337; x_wconf 92' lang='lat' dir='ltr'><strong>uni</strong></span> <span class='ocrx_word' id='word_1_500' title='bbox 463 3273 632 3356; x_wconf 87' lang='lat' dir='ltr'><strong>respondi,</strong></span> <span class='ocrx_word' id='word_1_501' title='bbox 665 3295 779 3341; x_wconf 87' lang='lat' dir='ltr'><strong>omnes</strong></span> <span class='ocrx_word' id='word_1_502' title='bbox 809 3275 872 3340; x_wconf 90' lang='lat' dir='ltr'><strong>sibi</strong></span> <span class='ocrx_word' id='word_1_503' title='bbox 900 3273 1024 3339; x_wconf 90' lang='lat' dir='ltr'><strong>dictum</strong></span> <span class='ocrx_word' id='word_1_504' title='bbox 1047 3272 1131 3339; x_wconf 89' lang='lat' dir='ltr'><strong>acci·</strong></span> <span class='ocrx_word' id='word_1_505' title='bbox 1185 3272 1248 3337; x_wconf 92' lang='lat' dir='ltr'><strong>erit</strong></span> <span class='ocrx_word' id='word_1_506' title='bbox 1270 3271 1496 3354; x_wconf 79' lang='lat' dir='ltr'><strong>Christianus,</strong></span> <span class='ocrx_word' id='word_1_507' title='bbox 1517 3272 1583 3338; x_wconf 89' lang='grc'><strong>6161</strong></span> <span class='ocrx_word' id='word_1_508' title='bbox 1604 3273 1661 3356; x_wconf 91' lang='lat' dir='ltr'><strong>qui</strong></span> <span class='ocrx_word' id='word_1_509' title='bbox 1685 3272 1834 3356; x_wconf 89' lang='lat' dir='ltr'><strong>superior</strong></span> <span class='ocrx_word' id='word_1_510' title='bbox 1855 3271 1981 3341; x_wconf 84' lang='lat' dir='ltr'><strong>evadet.</strong></span> <span class='ocrx_word' id='word_1_511' title='bbox 2024 3273 2167 3342; x_wconf 88' lang='lat' dir='ltr'><strong>Petrum</strong></span> 
     </span>
     <span class='ocr_line' id='line_1_37' title="bbox 146 3355 2168 3444; baseline 0.002 -21"><span class='ocrx_word' id='word_1_512' title='bbox 146 3359 252 3441; x_wconf 90' lang='lat' dir='ltr'><strong>piant</strong></span> <span class='ocrx_word' id='word_1_513' title='bbox 297 3358 366 3424; x_wconf 92' lang='lat' dir='ltr'><strong>Nos</strong></span> <span class='ocrx_word' id='word_1_514' title='bbox 388 3366 486 3437; x_wconf 91' lang='lat' dir='ltr'><strong>certe,</strong></span> <span class='ocrx_word' id='word_1_515' title='bbox 509 3380 617 3442; x_wconf 89' lang='lat' dir='ltr'><strong>neque</strong></span> <span class='ocrx_word' id='word_1_516' title='bbox 639 3368 707 3426; x_wconf 89' lang='lat' dir='ltr'><strong>tam</strong></span> <span class='ocrx_word' id='word_1_517' title='bbox 730 3382 843 3426; x_wconf 89' lang='lat' dir='ltr'><strong>sumus</strong></span> <span class='ocrx_word' id='word_1_518' title='bbox 867 3359 1028 3438; x_wconf 88' lang='lat' dir='ltr'><strong>socordes,</strong></span> <span class='ocrx_word' id='word_1_519' title='bbox 1051 3359 1132 3442; x_wconf 91' lang='lat' dir='ltr'><strong>quin</strong></span> <span class='ocrx_word' id='word_1_520' title='bbox 1184 3355 1339 3424; x_wconf 83' lang='lat' dir='ltr'><strong>Ohristus</strong></span> <span class='ocrx_word' id='word_1_521' title='bbox 1367 3357 1439 3442; x_wconf 91' lang='lat' dir='ltr'><strong>ipse</strong></span> <span class='ocrx_word' id='word_1_522' title='bbox 1472 3360 1535 3425; x_wconf 86' lang='lat' dir='ltr'><strong>sibi</strong></span> <span class='ocrx_word' id='word_1_523' title='bbox 1562 3357 1755 3424; x_wconf 89' lang='lat' dir='ltr'><strong>scandalum</strong></span> <span class='ocrx_word' id='word_1_524' title='bbox 1790 3379 1862 3424; x_wconf 89' lang='lat' dir='ltr'><strong>esse</strong></span> <span class='ocrx_word' id='word_1_525' title='bbox 1890 3357 1983 3438; x_wconf 90' lang='lat' dir='ltr'><strong>dicit,</strong></span> <span class='ocrx_word' id='word_1_526' title='bbox 2013 3380 2116 3444; x_wconf 91' lang='lat' dir='ltr'><strong>quum</strong></span> <span class='ocrx_word' id='word_1_527' title='bbox 2148 3382 2168 3427; x_wconf 90' lang='lat' dir='ltr'><strong>a</strong></span> 
     </span>
     <span class='ocr_line' id='line_1_38' title="bbox 145 3440 2165 3530; baseline 0.002 -21"><span class='ocrx_word' id='word_1_528' title='bbox 145 3443 242 3510; x_wconf 89' lang='lat' dir='ltr'><strong>nobis</strong></span> <span class='ocrx_word' id='word_1_529' title='bbox 270 3444 305 3508; x_wconf 91' lang='lat' dir='ltr'><strong>in</strong></span> <span class='ocrx_word' id='word_1_530' title='bbox 332 3452 478 3510; x_wconf 89' lang='lat' dir='ltr'><strong>mentem</strong></span> <span class='ocrx_word' id='word_1_531' title='bbox 510 3446 649 3510; x_wconf 83' lang='lat' dir='ltr'><strong>veniant</strong></span> <span class='ocrx_word' id='word_1_532' title='bbox 676 3466 891 3530; x_wconf 89' lang='lat' dir='ltr'><strong>quaecunque</strong></span> <span class='ocrx_word' id='word_1_533' title='bbox 905 3440 1133 3511; x_wconf 77' lang='lat' dir='ltr'><strong>&#39;machinatur</strong></span> <span class='ocrx_word' id='word_1_534' title='bbox 1185 3442 1355 3510; x_wconf 88' lang='lat' dir='ltr'><strong>subeunde</strong></span> <span class='ocrx_word' id='word_1_535' title='bbox 1376 3451 1579 3511; x_wconf 87' lang='grc'><strong>1661166661</strong></span> <span class='ocrx_word' id='word_1_536' title='bbox 1601 3464 1757 3512; x_wconf 84' lang='lat' dir='ltr'><strong>revocare</strong></span> <span class='ocrx_word' id='word_1_537' title='bbox 1785 3451 1900 3510; x_wconf 87' lang='lat' dir='ltr'><strong>tentat</strong></span> <span class='ocrx_word' id='word_1_538' title='bbox 1945 3443 2015 3512; x_wconf 82' lang='lat' dir='ltr'><strong>Sed</strong></span> <span class='ocrx_word' id='word_1_539' title='bbox 2037 3467 2080 3513; x_wconf 91' lang='lat' dir='ltr'><strong>an</strong></span> <span class='ocrx_word' id='word_1_540' title='bbox 2101 3448 2165 3514; x_wconf 91' lang='lat' dir='ltr'><strong>im-</strong></span> 
     </span>
     <span class='ocr_line' id='line_1_39' title="bbox 147 3528 2167 3616; baseline 0.002 -20"><span class='ocrx_word' id='word_1_541' title='bbox 147 3528 270 3596; x_wconf 63' lang='grc'><strong>8611116</strong></span> <span class='ocrx_word' id='word_1_542' title='bbox 309 3551 416 3614; x_wconf 90' lang='lat' dir='ltr'><strong>noque</strong></span> <span class='ocrx_word' id='word_1_543' title='bbox 450 3537 520 3595; x_wconf 88' lang='lat' dir='ltr'><strong>tam</strong></span> <span class='ocrx_word' id='word_1_544' title='bbox 558 3532 619 3597; x_wconf 92' lang='grc'><strong>1611</strong></span> <span class='ocrx_word' id='word_1_545' title='bbox 654 3540 688 3598; x_wconf 91' lang='grc'><strong>61</strong></span> <span class='ocrx_word' id='word_1_546' title='bbox 720 3532 910 3610; x_wconf 87' lang='grc'><strong>1611616661,</strong></span> <span class='ocrx_word' id='word_1_547' title='bbox 949 3538 987 3597; x_wconf 92' lang='grc'><strong>61</strong></span> <span class='ocrx_word' id='word_1_548' title='bbox 1018 3551 1132 3597; x_wconf 89' lang='grc'><strong>666616</strong></span> <span class='ocrx_word' id='word_1_549' title='bbox 1184 3529 1316 3613; x_wconf 89' lang='lat' dir='ltr'><strong>peditus</strong></span> <span class='ocrx_word' id='word_1_550' title='bbox 1338 3529 1493 3597; x_wconf 86' lang='lat' dir='ltr'><strong>scandalo</strong></span> <span class='ocrx_word' id='word_1_551' title='bbox 1520 3531 1661 3616; x_wconf 80' lang='lat' dir='ltr'><strong>gradum</strong></span> <span class='ocrx_word' id='word_1_552' title='bbox 1688 3529 1812 3596; x_wconf 86' lang='lat' dir='ltr'><strong>refert?</strong></span> <span class='ocrx_word' id='word_1_553' title='bbox 1858 3529 1950 3612; x_wconf 78' lang='lat' dir='ltr'><strong>Quin</strong></span> <span class='ocrx_word' id='word_1_554' title='bbox 1971 3533 2080 3615; x_wconf 90' lang='lat' dir='ltr'><strong>potius</strong></span> <span class='ocrx_word' id='word_1_555' title='bbox 2102 3531 2167 3601; x_wconf 80' lang='lat' dir='ltr'><strong>Sa-</strong></span> 
     </span>
     <span class='ocr_line' id='line_1_40' title="bbox 147 3615 2167 3702; baseline 0.003 -22"><span class='ocrx_word' id='word_1_556' title='bbox 147 3615 366 3700; x_wconf 79' lang='lat' dir='ltr'><strong>negligamus.</strong></span> <span class='ocrx_word' id='word_1_557' title='bbox 410 3617 490 3682; x_wconf 90' lang='lat' dir='ltr'><strong>Paci</strong></span> <span class='ocrx_word' id='word_1_558' title='bbox 514 3624 547 3682; x_wconf 90' lang='lat' dir='ltr'><strong>et</strong></span> <span class='ocrx_word' id='word_1_559' title='bbox 575 3618 642 3683; x_wconf 92' lang='grc'><strong>6116</strong></span> <span class='ocrx_word' id='word_1_560' title='bbox 669 3640 736 3684; x_wconf 90' lang='grc'><strong>666</strong></span> <span class='ocrx_word' id='word_1_561' title='bbox 757 3617 855 3684; x_wconf 92' lang='lat' dir='ltr'><strong>modo</strong></span> <span class='ocrx_word' id='word_1_562' title='bbox 883 3618 1033 3702; x_wconf 90' lang='lat' dir='ltr'><strong>cupimus</strong></span> <span class='ocrx_word' id='word_1_563' title='bbox 1055 3638 1132 3683; x_wconf 90' lang='lat' dir='ltr'><strong>con·</strong></span> <span class='ocrx_word' id='word_1_564' title='bbox 1184 3623 1299 3681; x_wconf 91' lang='lat' dir='ltr'><strong>tanam</strong></span> <span class='ocrx_word' id='word_1_565' title='bbox 1319 3617 1357 3681; x_wconf 92' lang='grc'><strong>16</strong></span> <span class='ocrx_word' id='word_1_566' title='bbox 1379 3617 1480 3683; x_wconf 90' lang='lat' dir='ltr'><strong>Petro</strong></span> <span class='ocrx_word' id='word_1_567' title='bbox 1500 3616 1775 3695; x_wconf 87' lang='lat' dir='ltr'><strong>animadvertens,</strong></span> <span class='ocrx_word' id='word_1_568' title='bbox 1807 3617 1968 3683; x_wconf 89' lang='lat' dir='ltr'><strong>facessere</strong></span> <span class='ocrx_word' id='word_1_569' title='bbox 1990 3618 2054 3686; x_wconf 90' lang='lat' dir='ltr'><strong>alio</strong></span> <span class='ocrx_word' id='word_1_570' title='bbox 2076 3619 2167 3688; x_wconf 90' lang='lat' dir='ltr'><strong>iubet</strong></span> 
     </span>
     <span class='ocr_line' id='line_1_41' title="bbox 148 3699 2166 3787; baseline 0.003 -20"><span class='ocrx_word' id='word_1_571' title='bbox 148 3701 290 3779; x_wconf 90' lang='lat' dir='ltr'><strong>sultum,</strong></span> <span class='ocrx_word' id='word_1_572' title='bbox 331 3699 390 3766; x_wconf 89' lang='lat' dir='ltr'><strong>sed</strong></span> <span class='ocrx_word' id='word_1_573' title='bbox 422 3710 582 3785; x_wconf 89' lang='lat' dir='ltr'><strong>quantum</strong></span> <span class='ocrx_word' id='word_1_574' title='bbox 621 3705 657 3768; x_wconf 91' lang='lat' dir='ltr'><strong>in</strong></span> <span class='ocrx_word' id='word_1_575' title='bbox 698 3705 793 3771; x_wconf 90' lang='lat' dir='ltr'><strong>nobis</strong></span> <span class='ocrx_word' id='word_1_576' title='bbox 833 3711 884 3770; x_wconf 91' lang='grc'><strong>661</strong></span> <span class='ocrx_word' id='word_1_577' title='bbox 919 3703 1130 3771; x_wconf 91' lang='grc'><strong>66666111666.</strong></span> <span class='ocrx_word' id='word_1_578' title='bbox 1186 3701 1321 3784; x_wconf 86' lang='lat' dir='ltr'><strong>(Matth.</strong></span> <span class='ocrx_word' id='word_1_579' title='bbox 1344 3707 1393 3782; x_wconf 86' lang='grc'><strong>16,</strong></span> <span class='ocrx_word' id='word_1_580' title='bbox 1412 3706 1477 3786; x_wconf 85' lang='grc'><strong>23).</strong></span> <span class='ocrx_word' id='word_1_581' title='bbox 1522 3703 1570 3771; x_wconf 87' lang='lat' dir='ltr'><strong>Ut</strong></span> <span class='ocrx_word' id='word_1_582' title='bbox 1592 3723 1767 3770; x_wconf 88' lang='lat' dir='ltr'><strong>commune</strong></span> <span class='ocrx_word' id='word_1_583' title='bbox 1792 3703 1887 3769; x_wconf 91' lang='lat' dir='ltr'><strong>nobis</strong></span> <span class='ocrx_word' id='word_1_584' title='bbox 1905 3725 1981 3770; x_wconf 90' lang='lat' dir='ltr'><strong>cum</strong></span> <span class='ocrx_word' id='word_1_585' title='bbox 2003 3705 2074 3787; x_wconf 91' lang='grc'><strong>1666</strong></span> <span class='ocrx_word' id='word_1_586' title='bbox 2096 3706 2166 3773; x_wconf 90' lang='grc'><strong>1616</strong></span> 
     </span>
     <span class='ocr_line' id='line_1_42' title="bbox 148 3785 2167 3873; baseline 0.002 -21"><span class='ocrx_word' id='word_1_587' title='bbox 148 3785 288 3853; x_wconf 89' lang='lat' dir='ltr'><strong>Ordinis</strong></span> <span class='ocrx_word' id='word_1_588' title='bbox 307 3798 341 3852; x_wconf 90' lang='lat' dir='ltr'><strong>et</strong></span> <span class='ocrx_word' id='word_1_589' title='bbox 362 3788 496 3871; x_wconf 90' lang='lat' dir='ltr'><strong>politiae</strong></span> <span class='ocrx_word' id='word_1_590' title='bbox 518 3810 585 3853; x_wconf 90' lang='lat' dir='ltr'><strong>non</strong></span> <span class='ocrx_word' id='word_1_591' title='bbox 607 3791 718 3856; x_wconf 90' lang='lat' dir='ltr'><strong>minus</strong></span> <span class='ocrx_word' id='word_1_592' title='bbox 741 3811 855 3856; x_wconf 91' lang='lat' dir='ltr'><strong>sumus</strong></span> <span class='ocrx_word' id='word_1_593' title='bbox 878 3788 1017 3856; x_wconf 85' lang='lat' dir='ltr'><strong>studiosi</strong></span> <span class='ocrx_word' id='word_1_594' title='bbox 1034 3809 1133 3873; x_wconf 89' lang='lat' dir='ltr'><strong>quam</strong></span> <span class='ocrx_word' id='word_1_595' title='bbox 1185 3794 1353 3854; x_wconf 90' lang='lat' dir='ltr'><strong>certamen</strong></span> <span class='ocrx_word' id='word_1_596' title='bbox 1379 3790 1537 3869; x_wconf 89' lang='lat' dir='ltr'><strong>sciamus,</strong></span> <span class='ocrx_word' id='word_1_597' title='bbox 1570 3790 1607 3855; x_wconf 92' lang='lat' dir='ltr'><strong>in</strong></span> <span class='ocrx_word' id='word_1_598' title='bbox 1632 3809 1754 3873; x_wconf 77' lang='lat' dir='ltr'><strong>genere</strong></span> <span class='ocrx_word' id='word_1_599' title='bbox 1782 3791 1995 3872; x_wconf 90' lang='lat' dir='ltr'><strong>pronunciat,</strong></span> <span class='ocrx_word' id='word_1_600' title='bbox 2033 3810 2167 3857; x_wconf 87' lang='lat' dir='ltr'><strong>necesse</strong></span> 
     </span>
     <span class='ocr_line' id='line_1_43' title="bbox 148 3868 2167 3960; baseline 0.002 -23"><span class='ocrx_word' id='word_1_601' title='bbox 148 3873 206 3957; x_wconf 93' lang='lat' dir='ltr'><strong>qui</strong></span> <span class='ocrx_word' id='word_1_602' title='bbox 228 3873 381 3938; x_wconf 88' lang='lat' dir='ltr'><strong>maxime.</strong></span> <span class='ocrx_word' id='word_1_603' title='bbox 426 3868 617 3939; x_wconf 86' lang='lat' dir='ltr'><strong>Literarum</strong></span> <span class='ocrx_word' id='word_1_604' title='bbox 640 3886 763 3958; x_wconf 91' lang='lat' dir='ltr'><strong>quanta</strong></span> <span class='ocrx_word' id='word_1_605' title='bbox 784 3898 844 3943; x_wconf 92' lang='grc'><strong>666</strong></span> <span class='ocrx_word' id='word_1_606' title='bbox 866 3896 946 3942; x_wconf 87' lang='grc'><strong>6616</strong></span> <span class='ocrx_word' id='word_1_607' title='bbox 968 3875 1131 3954; x_wconf 88' lang='lat' dir='ltr'><strong>sollicitet,</strong></span> <span class='ocrx_word' id='word_1_608' title='bbox 1185 3873 1934 3960; x_wconf 70' lang='grc' dir='ltr'><strong>66666166616616666116161Μ61111.18,7).</strong></span> <span class='ocrx_word' id='word_1_609' title='bbox 1968 3873 2037 3940; x_wconf 78' lang='lat' dir='ltr'><strong>Sed</strong></span> <span class='ocrx_word' id='word_1_610' title='bbox 2054 3897 2167 3958; x_wconf 90' lang='lat' dir='ltr'><strong>quem-</strong></span> 
     </span>
     <span class='ocr_line' id='line_1_44' title="bbox 147 3958 2163 4046; baseline 0.001 -21"><span class='ocrx_word' id='word_1_611' title='bbox 147 3958 261 4025; x_wconf 76' lang='lat' dir='ltr'><strong>verbis</strong></span> <span class='ocrx_word' id='word_1_612' title='bbox 286 3958 476 4042; x_wconf 89' lang='lat' dir='ltr'><strong>praedicare</strong></span> <span class='ocrx_word' id='word_1_613' title='bbox 505 3960 589 4024; x_wconf 91' lang='lat' dir='ltr'><strong>nihil</strong></span> <span class='ocrx_word' id='word_1_614' title='bbox 616 3983 699 4046; x_wconf 88' lang='lat' dir='ltr'><strong>opus</strong></span> <span class='ocrx_word' id='word_1_615' title='bbox 722 3970 780 4027; x_wconf 91' lang='lat' dir='ltr'><strong>est.</strong></span> <span class='ocrx_word' id='word_1_616' title='bbox 826 3961 894 4029; x_wconf 82' lang='lat' dir='ltr'><strong>Sed</strong></span> <span class='ocrx_word' id='word_1_617' title='bbox 915 3982 1019 4045; x_wconf 91' lang='lat' dir='ltr'><strong>quum</strong></span> <span class='ocrx_word' id='word_1_618' title='bbox 1039 3960 1134 4026; x_wconf 91' lang='lat' dir='ltr'><strong>nulla</strong></span> <span class='ocrx_word' id='word_1_619' title='bbox 1186 3959 1364 4025; x_wconf 91' lang='lat' dir='ltr'><strong>admodum</strong></span> <span class='ocrx_word' id='word_1_620' title='bbox 1389 3981 1465 4026; x_wconf 90' lang='lat' dir='ltr'><strong>suos</strong></span> <span class='ocrx_word' id='word_1_621' title='bbox 1486 3961 1684 4045; x_wconf 90' lang='lat' dir='ltr'><strong>pronunciat</strong></span> <span class='ocrx_word' id='word_1_622' title='bbox 1710 3981 1880 4044; x_wconf 90' lang='lat' dir='ltr'><strong>nunqnam</strong></span> <span class='ocrx_word' id='word_1_623' title='bbox 1907 3962 1977 4024; x_wconf 87' lang='lat' dir='ltr'><strong>fore</strong></span> <span class='ocrx_word' id='word_1_624' title='bbox 1998 3960 2163 4028; x_wconf 87' lang='lat' dir='ltr'><strong>scandalo·</strong></span> 
     </span>
     <span class='ocr_line' id='line_1_45' title="bbox 148 4043 2164 4131; baseline 0.001 -21"><span class='ocrx_word' id='word_1_625' title='bbox 148 4043 341 4127; x_wconf 82' lang='lat' dir='ltr'><strong>exceptione</strong></span> <span class='ocrx_word' id='word_1_626' title='bbox 366 4048 514 4128; x_wconf 89' lang='lat' dir='ltr'><strong>opposita</strong></span> <span class='ocrx_word' id='word_1_627' title='bbox 542 4048 751 4131; x_wconf 83' lang='lat' dir='ltr'><strong>evangelium</strong></span> <span class='ocrx_word' id='word_1_628' title='bbox 775 4047 957 4131; x_wconf 90' lang='lat' dir='ltr'><strong>praedicari</strong></span> <span class='ocrx_word' id='word_1_629' title='bbox 979 4047 1133 4113; x_wconf 77' lang='lat' dir='ltr'><strong>Christus</strong></span> <span class='ocrx_word' id='word_1_630' title='bbox 1185 4066 1262 4110; x_wconf 92' lang='lat' dir='ltr'><strong>rum</strong></span> <span class='ocrx_word' id='word_1_631' title='bbox 1283 4046 1458 4126; x_wconf 91' lang='lat' dir='ltr'><strong>immunes,</strong></span> <span class='ocrx_word' id='word_1_632' title='bbox 1480 4047 1528 4112; x_wconf 89' lang='grc'><strong>116</strong></span> <span class='ocrx_word' id='word_1_633' title='bbox 1549 4047 1676 4112; x_wconf 91' lang='lat' dir='ltr'><strong>nullam</strong></span> <span class='ocrx_word' id='word_1_634' title='bbox 1698 4045 1842 4113; x_wconf 88' lang='lat' dir='ltr'><strong>scandali</strong></span> <span class='ocrx_word' id='word_1_635' title='bbox 1865 4066 1998 4111; x_wconf 90' lang='lat' dir='ltr'><strong>causam</strong></span> <span class='ocrx_word' id='word_1_636' title='bbox 2020 4055 2164 4113; x_wconf 90' lang='lat' dir='ltr'><strong>excusat.</strong></span> 
     </span>
     <span class='ocr_line' id='line_1_46' title="bbox 148 4130 2165 4215; baseline 0.001 -21"><span class='ocrx_word' id='word_1_637' title='bbox 148 4130 295 4195; x_wconf 87' lang='lat' dir='ltr'><strong>iusserit:</strong></span> <span class='ocrx_word' id='word_1_638' title='bbox 320 4132 507 4215; x_wconf 90' lang='lat' dir='ltr'><strong>quicunque</strong></span> <span class='ocrx_word' id='word_1_639' title='bbox 529 4143 686 4215; x_wconf 90' lang='lat' dir='ltr'><strong>sequatur</strong></span> <span class='ocrx_word' id='word_1_640' title='bbox 708 4142 855 4214; x_wconf 85' lang='lat' dir='ltr'><strong>eventus,</strong></span> <span class='ocrx_word' id='word_1_641' title='bbox 878 4133 956 4199; x_wconf 90' lang='lat' dir='ltr'><strong>huic</strong></span> <span class='ocrx_word' id='word_1_642' title='bbox 977 4131 1133 4197; x_wconf 88' lang='lat' dir='ltr'><strong>mandato</strong></span> <span class='ocrx_word' id='word_1_643' title='bbox 1187 4135 1262 4209; x_wconf 78' lang='lat' dir='ltr'><strong>[pag.</strong></span> <span class='ocrx_word' id='word_1_644' title='bbox 1284 4136 1357 4211; x_wconf 82' lang='lat'>108]</span> <span class='ocrx_word' id='word_1_645' title='bbox 1381 4130 1494 4214; x_wconf 81' lang='lat' dir='ltr'><strong>Quum</strong></span> <span class='ocrx_word' id='word_1_646' title='bbox 1516 4133 1605 4199; x_wconf 89' lang='lat' dir='ltr'><strong>enim</strong></span> <span class='ocrx_word' id='word_1_647' title='bbox 1626 4133 1719 4197; x_wconf 89' lang='lat' dir='ltr'><strong>iubet</strong></span> <span class='ocrx_word' id='word_1_648' title='bbox 1748 4131 1879 4196; x_wconf 91' lang='grc'><strong>6661616</strong></span> <span class='ocrx_word' id='word_1_649' title='bbox 1907 4130 2063 4196; x_wconf 86' lang='lat' dir='ltr'><strong>dextrum</strong></span> <span class='ocrx_word' id='word_1_650' title='bbox 2084 4135 2165 4213; x_wconf 88' lang='lat' dir='ltr'><strong>erui,</strong></span> 
     </span>
     <span class='ocr_line' id='line_1_47' title="bbox 148 4215 2166 4301; baseline 0.002 -21"><span class='ocrx_word' id='word_1_651' title='bbox 148 4215 332 4300; x_wconf 89' lang='lat' dir='ltr'><strong>parendum</strong></span> <span class='ocrx_word' id='word_1_652' title='bbox 355 4226 415 4282; x_wconf 91' lang='lat' dir='ltr'><strong>est.</strong></span> <span class='ocrx_word' id='word_1_653' title='bbox 460 4217 660 4301; x_wconf 79' lang='lat' dir='ltr'><strong>Quanquam</strong></span> <span class='ocrx_word' id='word_1_654' title='bbox 686 4219 827 4285; x_wconf 89' lang='lat' dir='ltr'><strong>nimium</strong></span> <span class='ocrx_word' id='word_1_655' title='bbox 854 4218 916 4284; x_wconf 92' lang='lat' dir='ltr'><strong>sibi</strong></span> <span class='ocrx_word' id='word_1_656' title='bbox 938 4217 1132 4300; x_wconf 75' lang='lat' dir='ltr'><strong>arrogant2)</strong></span> <span class='ocrx_word' id='word_1_657' title='bbox 1186 4216 1215 4280; x_wconf 92' lang='lat' dir='ltr'><strong>si</strong></span> <span class='ocrx_word' id='word_1_658' title='bbox 1236 4237 1334 4300; x_wconf 93' lang='lat' dir='ltr'><strong>quem</strong></span> <span class='ocrx_word' id='word_1_659' title='bbox 1355 4218 1440 4285; x_wconf 88' lang='lat' dir='ltr'><strong>forte</strong></span> <span class='ocrx_word' id='word_1_660' title='bbox 1463 4217 1662 4285; x_wconf 82' lang='lat' dir='ltr'><strong>scandalizet</strong></span> <span class='ocrx_word' id='word_1_661' title='bbox 1684 4218 1801 4301; x_wconf 88' lang='lat' dir='ltr'><strong>(Marc.</strong></span> <span class='ocrx_word' id='word_1_662' title='bbox 1822 4223 1851 4294; x_wconf 88' lang='lat'><strong>9,</strong></span> <span class='ocrx_word' id='word_1_663' title='bbox 1873 4218 1946 4298; x_wconf 85' lang='grc'><strong>47),</strong></span> <span class='ocrx_word' id='word_1_664' title='bbox 1973 4217 2058 4281; x_wconf 92' lang='lat' dir='ltr'><strong>nihil</strong></span> <span class='ocrx_word' id='word_1_665' title='bbox 2080 4220 2166 4284; x_wconf 86' lang='lat' dir='ltr'><strong>tanti</strong></span> 
     </span>
     <span class='ocr_line' id='line_1_48' title="bbox 148 4299 2166 4388; baseline 0.002 -23"><span class='ocrx_word' id='word_1_666' title='bbox 148 4301 315 4380; x_wconf 87' lang='lat' dir='ltr'><strong>homines,</strong></span> <span class='ocrx_word' id='word_1_667' title='bbox 349 4304 377 4366; x_wconf 90' lang='lat' dir='ltr'><strong>si</strong></span> <span class='ocrx_word' id='word_1_668' title='bbox 404 4303 575 4369; x_wconf 89' lang='lat' dir='ltr'><strong>meliorem</strong></span> <span class='ocrx_word' id='word_1_669' title='bbox 605 4325 647 4369; x_wconf 86' lang='lat' dir='ltr'><strong>ex</strong></span> <span class='ocrx_word' id='word_1_670' title='bbox 669 4305 811 4388; x_wconf 91' lang='lat' dir='ltr'><strong>propriis</strong></span> <span class='ocrx_word' id='word_1_671' title='bbox 840 4303 999 4383; x_wconf 91' lang='lat' dir='ltr'><strong>consiliis,</strong></span> <span class='ocrx_word' id='word_1_672' title='bbox 1034 4323 1133 4385; x_wconf 92' lang='lat' dir='ltr'><strong>quam</strong></span> <span class='ocrx_word' id='word_1_673' title='bbox 1187 4322 1259 4368; x_wconf 89' lang='lat' dir='ltr'><strong>esse</strong></span> <span class='ocrx_word' id='word_1_674' title='bbox 1281 4299 1444 4382; x_wconf 87' lang='lat' dir='ltr'><strong>admonet,</strong></span> <span class='ocrx_word' id='word_1_675' title='bbox 1467 4305 1559 4370; x_wconf 91' lang='lat' dir='ltr'><strong>cuius</strong></span> <span class='ocrx_word' id='word_1_676' title='bbox 1581 4312 1733 4386; x_wconf 88' lang='lat' dir='ltr'><strong>respectu</strong></span> <span class='ocrx_word' id='word_1_677' title='bbox 1754 4323 1814 4369; x_wconf 91' lang='grc'><strong>666</strong></span> <span class='ocrx_word' id='word_1_678' title='bbox 1837 4323 1857 4366; x_wconf 91' lang='lat' dir='ltr'><strong>a</strong></span> <span class='ocrx_word' id='word_1_679' title='bbox 1878 4321 1933 4367; x_wconf 92' lang='lat' dir='ltr'><strong>sco</strong></span> <span class='ocrx_word' id='word_1_680' title='bbox 1997 4303 2166 4371; x_wconf 88' lang='lat' dir='ltr'><strong>tantillum</strong></span> 
     </span>
     <span class='ocr_line' id='line_1_49' title="bbox 149 4384 2166 4474; baseline 0.001 -21"><span class='ocrx_word' id='word_1_681' title='bbox 149 4409 191 4453; x_wconf 88' lang='lat' dir='ltr'><strong>ex</strong></span> <span class='ocrx_word' id='word_1_682' title='bbox 202 4388 332 4453; x_wconf 87' lang='grc'><strong>1611666</strong></span> <span class='ocrx_word' id='word_1_683' title='bbox 346 4388 408 4454; x_wconf 92' lang='lat' dir='ltr'><strong>sibi</strong></span> <span class='ocrx_word' id='word_1_684' title='bbox 430 4390 533 4454; x_wconf 91' lang='lat' dir='ltr'><strong>aDeo</strong></span> <span class='ocrx_word' id='word_1_685' title='bbox 556 4392 756 4474; x_wconf 87' lang='lat' dir='ltr'><strong>praescripta</strong></span> <span class='ocrx_word' id='word_1_686' title='bbox 778 4410 967 4456; x_wconf 88' lang='lat' dir='ltr'><strong>successum</strong></span> <span class='ocrx_word' id='word_1_687' title='bbox 988 4395 1132 4471; x_wconf 92' lang='grc'><strong>6661661.</strong></span> <span class='ocrx_word' id='word_1_688' title='bbox 1186 4384 1304 4453; x_wconf 89' lang='lat' dir='ltr'><strong>deduci</strong></span> <span class='ocrx_word' id='word_1_689' title='bbox 1325 4398 1483 4474; x_wconf 90' lang='lat' dir='ltr'><strong>oporteat.</strong></span> <span class='ocrx_word' id='word_1_690' title='bbox 1516 4389 1555 4456; x_wconf 76' lang='lat' dir='ltr'><strong>si</strong></span> <span class='ocrx_word' id='word_1_691' title='bbox 1577 4388 1619 4454; x_wconf 90' lang='lat' dir='ltr'><strong>ad</strong></span> <span class='ocrx_word' id='word_1_692' title='bbox 1641 4387 1788 4454; x_wconf 84' lang='lat' dir='ltr'><strong>cavenda</strong></span> <span class='ocrx_word' id='word_1_693' title='bbox 1808 4385 1964 4453; x_wconf 87' lang='lat' dir='ltr'><strong>scandaa</strong></span> <span class='ocrx_word' id='word_1_694' title='bbox 1985 4395 2055 4453; x_wconf 85' lang='lat' dir='ltr'><strong>tarn</strong></span> <span class='ocrx_word' id='word_1_695' title='bbox 2077 4410 2166 4456; x_wconf 89' lang='grc'><strong>6666-</strong></span> 
     </span>
     <span class='ocr_line' id='line_1_50' title="bbox 151 4471 2166 4559; baseline 0.002 -22"><span class='ocrx_word' id='word_1_696' title='bbox 151 4471 244 4554; x_wconf 81' lang='lat' dir='ltr'><strong>Quid</strong></span> <span class='ocrx_word' id='word_1_697' title='bbox 267 4474 376 4538; x_wconf 88' lang='lat' dir='ltr'><strong>enim?</strong></span> <span class='ocrx_word' id='word_1_698' title='bbox 422 4476 477 4540; x_wconf 87' lang='lat' dir='ltr'><strong>An</strong></span> <span class='ocrx_word' id='word_1_699' title='bbox 496 4474 610 4541; x_wconf 92' lang='lat' dir='ltr'><strong>Deum</strong></span> <span class='ocrx_word' id='word_1_700' title='bbox 637 4497 770 4543; x_wconf 87' lang='lat' dir='ltr'><strong>caecum</strong></span> <span class='ocrx_word' id='word_1_701' title='bbox 797 4484 831 4542; x_wconf 91' lang='grc'><strong>61</strong></span> <span class='ocrx_word' id='word_1_702' title='bbox 858 4477 1030 4540; x_wconf 90' lang='lat' dir='ltr'><strong>incautum</strong></span> <span class='ocrx_word' id='word_1_703' title='bbox 1060 4493 1134 4538; x_wconf 88' lang='lat' dir='ltr'><strong>esse</strong></span> <span class='ocrx_word' id='word_1_704' title='bbox 1186 4494 1262 4538; x_wconf 89' lang='grc'><strong>6166</strong></span> <span class='ocrx_word' id='word_1_705' title='bbox 1284 4474 1399 4554; x_wconf 91' lang='lat' dir='ltr'><strong>seduli,</strong></span> <span class='ocrx_word' id='word_1_706' title='bbox 1427 4484 1465 4540; x_wconf 92' lang='lat' dir='ltr'><strong>ut</strong></span> <span class='ocrx_word' id='word_1_707' title='bbox 1486 4497 1527 4542; x_wconf 92' lang='grc'><strong>66</strong></span> <span class='ocrx_word' id='word_1_708' title='bbox 1550 4474 1690 4558; x_wconf 87' lang='grc'><strong>61661116</strong></span> <span class='ocrx_word' id='word_1_709' title='bbox 1712 4471 1844 4556; x_wconf 89' lang='lat' dir='ltr'><strong>quidem</strong></span> <span class='ocrx_word' id='word_1_710' title='bbox 1866 4473 1969 4539; x_wconf 90' lang='lat' dir='ltr'><strong>oculis</strong></span> <span class='ocrx_word' id='word_1_711' title='bbox 1991 4475 2166 4559; x_wconf 90' lang='lat' dir='ltr'><strong>quisquam</strong></span> 
     </span>
     <span class='ocr_line' id='line_1_51' title="bbox 149 4558 2165 4644; baseline 0.002 -20"><span class='ocrx_word' id='word_1_712' title='bbox 149 4560 296 4643; x_wconf 81' lang='lat' dir='ltr'><strong>fingunt,</strong></span> <span class='ocrx_word' id='word_1_713' title='bbox 325 4562 381 4644; x_wconf 94' lang='lat' dir='ltr'><strong>qui</strong></span> <span class='ocrx_word' id='word_1_714' title='bbox 409 4561 581 4627; x_wconf 89' lang='lat' dir='ltr'><strong>ecclesiam</strong></span> <span class='ocrx_word' id='word_1_715' title='bbox 602 4584 697 4628; x_wconf 90' lang='lat' dir='ltr'><strong>snam</strong></span> <span class='ocrx_word' id='word_1_716' title='bbox 722 4560 961 4628; x_wconf 82' lang='lat' dir='ltr'><strong>inconsiderate</strong></span> <span class='ocrx_word' id='word_1_717' title='bbox 981 4559 1136 4644; x_wconf 91' lang='lat' dir='ltr'><strong>periculis</strong></span> <span class='ocrx_word' id='word_1_718' title='bbox 1186 4566 1337 4625; x_wconf 89' lang='lat' dir='ltr'><strong>nostrum</strong></span> <span class='ocrx_word' id='word_1_719' title='bbox 1363 4569 1526 4644; x_wconf 89' lang='lat' dir='ltr'><strong>parceret:</strong></span> <span class='ocrx_word' id='word_1_720' title='bbox 1559 4559 1644 4626; x_wconf 92' lang='lat' dir='ltr'><strong>nihil</strong></span> <span class='ocrx_word' id='word_1_721' title='bbox 1666 4580 1747 4643; x_wconf 90' lang='grc'><strong>6666</strong></span> <span class='ocrx_word' id='word_1_722' title='bbox 1775 4558 1906 4636; x_wconf 88' lang='lat' dir='ltr'><strong>fuisset,</strong></span> <span class='ocrx_word' id='word_1_723' title='bbox 1934 4580 1988 4625; x_wconf 92' lang='lat' dir='ltr'><strong>me</strong></span> <span class='ocrx_word' id='word_1_724' title='bbox 2015 4561 2051 4624; x_wconf 93' lang='grc'><strong>16</strong></span> <span class='ocrx_word' id='word_1_725' title='bbox 2074 4583 2165 4628; x_wconf 91' lang='grc'><strong>6616-</strong></span> 
     </span>
     <span class='ocr_line' id='line_1_52' title="bbox 150 4644 2166 4733; baseline 0.002 -25"><span class='ocrx_word' id='word_1_726' title='bbox 150 4645 318 4727; x_wconf 86' lang='lat' dir='ltr'><strong>exponat?</strong></span> <span class='ocrx_word' id='word_1_727' title='bbox 369 4644 443 4712; x_wconf 83' lang='grc'><strong>1166</strong></span> <span class='ocrx_word' id='word_1_728' title='bbox 476 4669 579 4731; x_wconf 82' lang='grc'><strong>66616</strong></span> <span class='ocrx_word' id='word_1_729' title='bbox 606 4650 750 4733; x_wconf 90' lang='grc'><strong>66116166</strong></span> <span class='ocrx_word' id='word_1_730' title='bbox 777 4649 819 4713; x_wconf 89' lang='grc'><strong>611</strong></span> <span class='ocrx_word' id='word_1_731' title='bbox 847 4667 961 4712; x_wconf 89' lang='grc'><strong>161661</strong></span> <span class='ocrx_word' id='word_1_732' title='bbox 987 4646 1134 4712; x_wconf 91' lang='grc'><strong>66161661</strong></span> <span class='ocrx_word' id='word_1_733' title='bbox 1186 4644 1306 4711; x_wconf 84' lang='lat' dir='ltr'><strong>liendia</strong></span> <span class='ocrx_word' id='word_1_734' title='bbox 1329 4646 1492 4713; x_wconf 89' lang='lat' dir='ltr'><strong>scandalis</strong></span> <span class='ocrx_word' id='word_1_735' title='bbox 1513 4654 1643 4712; x_wconf 90' lang='lat' dir='ltr'><strong>tantum</strong></span> <span class='ocrx_word' id='word_1_736' title='bbox 1663 4665 1780 4728; x_wconf 88' lang='grc'><strong>666166</strong></span> <span class='ocrx_word' id='word_1_737' title='bbox 1802 4645 1977 4709; x_wconf 89' lang='grc'><strong>166616616.</strong></span> <span class='ocrx_word' id='word_1_738' title='bbox 2011 4646 2166 4713; x_wconf 86' lang='lat' dir='ltr'><strong>Arduum</strong></span> 
     </span>
    </p>

    <p class='ocr_par' dir='ltr' id='par_1_6' title="bbox 1185 4731 2166 4816">
     <span class='ocr_line' id='line_1_53' title="bbox 1185 4731 2166 4816; baseline -0.001 -17"><span class='ocrx_word' id='word_1_739' title='bbox 1185 4733 1305 4810; x_wconf 78' lang='lat' dir='ltr'><strong>fateor,</strong></span> <span class='ocrx_word' id='word_1_740' title='bbox 1334 4740 1367 4797; x_wconf 91' lang='grc'><strong>61</strong></span> <span class='ocrx_word' id='word_1_741' title='bbox 1396 4754 1497 4816; x_wconf 89' lang='grc'><strong>66616</strong></span> <span class='ocrx_word' id='word_1_742' title='bbox 1523 4733 1612 4799; x_wconf 86' lang='lat' dir='ltr'><strong>vires</strong></span> <span class='ocrx_word' id='word_1_743' title='bbox 1638 4737 1769 4796; x_wconf 87' lang='grc'><strong>6661166</strong></span> <span class='ocrx_word' id='word_1_744' title='bbox 1797 4735 1982 4810; x_wconf 90' lang='grc'><strong>661161666,</strong></span> <span class='ocrx_word' id='word_1_745' title='bbox 2012 4731 2070 4798; x_wconf 89' lang='lat' dir='ltr'><strong>sed</strong></span> <span class='ocrx_word' id='word_1_746' title='bbox 2097 4755 2166 4800; x_wconf 92' lang='grc'><strong>666</strong></span> 
     </span>
    </p>
   </div>
   <div class='ocr_carea' id='block_1_5' title="bbox 152 4836 358 4844">
    <p class='ocr_par' dir='ltr' id='par_1_7' title="bbox 152 4836 358 4844">
     <span class='ocr_line' id='line_1_54' title="bbox 152 4836 358 4844; baseline 0 0"><span class='ocrx_word' id='word_1_747' title='bbox 152 4836 358 4844; x_wconf 43' lang='grc' dir='ltr'><strong>...α’-</strong></span> 
     </span>
    </p>
   </div>
   <div class='ocr_carea' id='block_1_6' title="bbox 1186 4924 1391 4933">
    <p class='ocr_par' dir='ltr' id='par_1_8' title="bbox 1186 4924 1391 4933">
     <span class='ocr_line' id='line_1_55' title="bbox 1186 4924 1391 4933; baseline -0.005 0"><span class='ocrx_word' id='word_1_748' title='bbox 1186 4924 1391 4933; x_wconf 47' lang='grc' dir='ltr'><strong>...φ--ι-</strong></span> 
     </span>
    </p>
   </div>
   <div class='ocr_carea' id='block_1_7' title="bbox 152 4953 2166 5161">
    <p class='ocr_par' dir='ltr' id='par_1_9' title="bbox 152 4953 2166 5161">
     <span class='ocr_line' id='line_1_56' title="bbox 221 4953 1133 5026; baseline 0.002 -19"><span class='ocrx_word' id='word_1_749' title='bbox 221 4955 252 5019; x_wconf 87' lang='grc'><strong>1)</strong></span> <span class='ocrx_word' id='word_1_750' title='bbox 270 4953 343 5008; x_wconf 78' lang='lat' dir='ltr'><strong>Add.</strong></span> <span class='ocrx_word' id='word_1_751' title='bbox 364 4953 437 5010; x_wconf 87' lang='lat' dir='ltr'><strong>C’est</strong></span> <span class='ocrx_word' id='word_1_752' title='bbox 460 4953 584 5009; x_wconf 83' lang='lat' dir='ltr'><strong>l&#39;artifice</strong></span> <span class='ocrx_word' id='word_1_753' title='bbox 608 4973 732 5011; x_wconf 88' lang='grc'><strong>66166166</strong></span> <span class='ocrx_word' id='word_1_754' title='bbox 754 4955 848 5025; x_wconf 88' lang='lat' dir='ltr'><strong>qu’ont</strong></span> <span class='ocrx_word' id='word_1_755' title='bbox 871 4955 950 5012; x_wconf 87' lang='lat' dir='ltr'><strong>telles</strong></span> <span class='ocrx_word' id='word_1_756' title='bbox 975 4971 1041 5026; x_wconf 78' lang='lat' dir='ltr'><strong>gens</strong></span> <span class='ocrx_word' id='word_1_757' title='bbox 1063 4970 1133 5024; x_wconf 89' lang='lat' dir='ltr'><strong>pour</strong></span> 
     </span>
     <span class='ocr_line' id='line_1_57' title="bbox 152 5020 2166 5092; baseline 0.003 -19"><span class='ocrx_word' id='word_1_758' title='bbox 152 5023 260 5078; x_wconf 76' lang='lat' dir='ltr'><strong>amollir-</strong></span> <span class='ocrx_word' id='word_1_759' title='bbox 278 5040 347 5078; x_wconf 81' lang='lat' dir='ltr'><strong>ceux</strong></span> <span class='ocrx_word' id='word_1_760' title='bbox 364 5025 409 5092; x_wconf 88' lang='lat' dir='ltr'><strong>qui</strong></span> <span class='ocrx_word' id='word_1_761' title='bbox 428 5022 547 5077; x_wconf 82' lang='lat' dir='ltr'><strong>desirent</strong></span> <span class='ocrx_word' id='word_1_762' title='bbox 564 5023 597 5078; x_wconf 90' lang='lat' dir='ltr'><strong>de</strong></span> <span class='ocrx_word' id='word_1_763' title='bbox 616 5026 701 5079; x_wconf 81' lang='lat' dir='ltr'><strong>servir</strong></span> <span class='ocrx_word' id='word_1_764' title='bbox 718 5024 878 5081; x_wconf 84' lang='lat' dir='ltr'><strong>rondement</strong></span> <span class='ocrx_word' id='word_1_765' title='bbox 895 5024 1008 5081; x_wconf 69' lang='grc'><strong>111166.</strong></span> <span class='ocrx_word' id='word_1_766' title='bbox 1255 5021 1375 5090; x_wconf 77' lang='lat' dir='ltr'><strong>1)Add.</strong></span> <span class='ocrx_word' id='word_1_767' title='bbox 1399 5021 1440 5075; x_wconf 88' lang='lat' dir='ltr'><strong>On</strong></span> <span class='ocrx_word' id='word_1_768' title='bbox 1463 5022 1520 5076; x_wconf 83' lang='lat' dir='ltr'><strong>volt</strong></span> <span class='ocrx_word' id='word_1_769' title='bbox 1542 5037 1575 5076; x_wconf 84' lang='lat' dir='ltr'><strong>en</strong></span> <span class='ocrx_word' id='word_1_770' title='bbox 1599 5021 1659 5077; x_wconf 79' lang='lat' dir='ltr'><strong>cela</strong></span> <span class='ocrx_word' id='word_1_771' title='bbox 1681 5020 1771 5090; x_wconf 81' lang='lat' dir='ltr'><strong>quelle</strong></span> <span class='ocrx_word' id='word_1_772' title='bbox 1797 5027 1842 5077; x_wconf 81' lang='lat' dir='ltr'><strong>cst</strong></span> <span class='ocrx_word' id='word_1_773' title='bbox 1864 5020 2093 5079; x_wconf 79' lang='lat' dir='ltr'><strong>l’outrecuidttnce</strong></span> <span class='ocrx_word' id='word_1_774' title='bbox 2116 5022 2166 5080; x_wconf 73' lang='lat' dir='ltr'><strong>deu</strong></span> 
     </span>
     <span class='ocr_line' id='line_1_58' title="bbox 219 5089 2095 5161; baseline 0.001 -16"><span class='ocrx_word' id='word_1_775' title='bbox 219 5090 250 5159; x_wconf 76' lang='grc'><strong>1)</strong></span> <span class='ocrx_word' id='word_1_776' title='bbox 268 5092 561 5161; x_wconf 81' lang='grc'><strong>666666116661666.</strong></span> <span class='ocrx_word' id='word_1_777' title='bbox 1184 5092 1305 5147; x_wconf 84' lang='lat' dir='ltr'><strong>hommes</strong></span> <span class='ocrx_word' id='word_1_778' title='bbox 1323 5089 1413 5160; x_wconf 87' lang='lat' dir='ltr'><strong>quand</strong></span> <span class='ocrx_word' id='word_1_779' title='bbox 1431 5090 1464 5145; x_wconf 90' lang='grc'><strong>116</strong></span> <span class='ocrx_word' id='word_1_780' title='bbox 1481 5105 1516 5145; x_wconf 89' lang='grc'><strong>66</strong></span> <span class='ocrx_word' id='word_1_781' title='bbox 1534 5105 1564 5145; x_wconf 88' lang='grc'><strong>66</strong></span> <span class='ocrx_word' id='word_1_782' title='bbox 1581 5096 1740 5146; x_wconf 63' lang='lat' dir='ltr'><strong>conantem</strong></span> <span class='ocrx_word' id='word_1_783' title='bbox 1756 5091 1835 5159; x_wconf 90' lang='lat' dir='ltr'><strong>point</strong></span> <span class='ocrx_word' id='word_1_784' title='bbox 1852 5090 1886 5147; x_wconf 89' lang='lat' dir='ltr'><strong>de</strong></span> <span class='ocrx_word' id='word_1_785' title='bbox 1904 5091 1963 5146; x_wconf 89' lang='grc'><strong>1661</strong></span> <span class='ocrx_word' id='word_1_786' title='bbox 1981 5106 2095 5146; x_wconf 85' lang='lat' dir='ltr'><strong>mesura</strong></span> 
     </span>
    </p>
   </div>
   <div class='ocr_carea' id='block_1_8' title="bbox 257 5175 1959 5245">
    <p class='ocr_par' dir='ltr' id='par_1_10' title="bbox 257 5175 1959 5245">
     <span class='ocr_line' id='line_1_59' title="bbox 257 5175 1959 5245; baseline -0.003 -12"><span class='ocrx_word' id='word_1_787' title='bbox 257 5177 369 5234; x_wconf 75' lang='lat' dir='ltr'><strong>Calvisi</strong></span> <span class='ocrx_word' id='word_1_788' title='bbox 381 5192 473 5245; x_wconf 80' lang='lat' dir='ltr'><strong>opero.</strong></span> <span class='ocrx_word' id='word_1_789' title='bbox 514 5177 570 5232; x_wconf 86' lang='lat' dir='ltr'><strong>Vol.</strong></span> <span class='ocrx_word' id='word_1_790' title='bbox 594 5176 681 5232; x_wconf 82' lang='lat' dir='ltr'><strong>VIII.</strong></span> <span class='ocrx_word' id='word_1_791' title='bbox 1941 5175 1959 5228; x_wconf 87' lang='grc'><strong>6</strong></span> 
     </span>
    </p>
   </div>
   <div class='ocr_carea' id='block_1_9' title="bbox 0 0 2322 5892">
    <p class='ocr_par' dir='ltr' id='par_1_11' title="bbox 0 0 2322 5892">
     <span class='ocr_line' id='line_1_60' title="bbox 0 0 2322 5892; baseline 0 0"><span class='ocrx_word' id='word_1_792' title='bbox 0 0 2322 5892; x_wconf 95' lang='lat' dir='ltr'><strong> </strong></span> 
     </span>
    </p>
   </div>
  </div>
 </body>
</html>
