4620 5894
177 222 241 286 aar
735 216 882 285 riom
902 216 967 284 m
990 215 1258 287 canonino
1281 217 1381 287 oon
1402 217 1634 289 scnonns.
1961 172 1965 179 ’
2127 225 2195 311 aes

177 410 328 580 ῗὲφοέιηι
351 411 459 560 W
487 406 618 559 {Duell}
633 407 677 472 sit
703 405 800 473 bocer
818 426 880 490 per
907 410 1033 473 oeterm
1059 406 1193 474 8888888.
1238 407 1350 475 Amen.
1395 407 1517 476 Datum
1541 408 1663 478 Romae
1689 410 1777 493 apoc
1800 409 1834 476 S.
1857 409 2019 494 Marcam,
2049 409 2192 482 XXIV.

305 517 327 574 b
391 543 397 557 ·
457 542 463 557 ·
614 543 621 558 ·
1207 561 1215 573 .

176 667 320 733 habetur
340 665 433 731 ratio.
479 663 690 742 Germaniae,
712 663 858 745 inquam,
881 663 943 731 hoc
963 685 1086 731 novum
1107 672 1158 731 est
1210 665 1253 731 sit
1277 663 1335 730 tibi
1362 665 1452 731 utile.
1498 665 1645 749 Quodsi
1672 669 1881 734 acommuni
1903 668 2105 737 Germaniae
2127 693 2194 738 usu

177 772 217 818 ao
237 751 396 829 insolens,
420 749 605 816 rescindere
626 748 803 833 promissa,
826 770 848 814 a
867 748 935 815 fide
957 750 1057 816 semel
1081 749 1158 816 data
1210 750 1375 829 abhorret,
1398 751 1485 835 quod
1507 752 1697 835 promiseris
1718 752 1903 838 pronihilo
1927 755 2056 836 ducere,
2078 764 2118 823 ut
2138 777 2194 824 re·

177 837 319 916 resilire,
348 836 433 902 nihil
461 834 583 902 habere
605 835 693 901 firmi
715 856 776 902 neo
797 834 879 916 rati,
908 835 974 901 nisi
996 842 1158 920 quantum
1182 803 1186 920 l
1210 843 1331 904 8888888
1349 858 1451 922 quum
1464 837 1577 918 libeat,
1595 839 2190 926 aansarispersonaquidalienius?

958 1177 1406 1247 OONOLUSIO.

264 1359 338 1435 [pag.
357 1358 413 1432 88]
436 1352 531 1417 Finis
551 1357 610 1430 est,
635 1356 673 1416 ut
694 1349 853 1434 quidquid
869 1370 946 1415 cum
961 1351 1155 1416 Protestan·
1208 1373 1228 1417 a
1250 1350 1402 1417 carnifice
1429 1351 1471 1418 ad
1498 1360 1637 1419 mortem
1660 1353 1747 1436 rapi,
1777 1373 1815 1418 ac
1841 1361 1911 1419 tam
1932 1359 2007 1435 [pag.
2031 1360 2086 1436 87]
2114 1357 2193 1423 bar·

178 1441 266 1508 tibus
293 1446 409 1523 pactus
437 1437 538 1504 fuerit
571 1439 763 1520 imperator,
792 1437 1007 1521 transegerit,
1034 1438 1155 1503 consti·
1208 1437 1307 1503 barae
1323 1438 1523 1504 immanitati
1538 1459 1600 1522 pro
1616 1438 1705 1507 virili
1721 1438 1952 1520 intercederet,
1974 1442 2192 1525 compositum

176 1526 291 1606 tuerit,
312 1526 446 1591 irritum
467 1525 510 1590 sit
531 1545 568 1590 ac
590 1524 697 1588 inane.
743 1523 791 1588 At
812 1520 876 1588 fide
897 1522 986 1588 inter
1006 1522 1156 1589 homines
1209 1546 1229 1589 a
1251 1523 1374 1590 sanetis
1390 1524 1539 1607 patribus
1560 1525 1624 1591 fnit
1642 1525 1821 1606 decretum,
1844 1547 1911 1591 non
1927 1548 1999 1593 esse
2016 1527 2193 1596 haereticis

177 1613 263 1680 nihil
298 1613 456 1678 sanctius.
506 1607 643 1676 Pridem
676 1607 846 1676 decretum
880 1616 944 1688 est,
979 1630 1046 1675 non
1085 1630 1156 1675 esse
1209 1608 1406 1676 servandam
1427 1610 1536 1676 fidem.
1582 1610 1656 1693 Quo
1678 1609 1816 1676 liberata
1837 1611 1929 1677 omni
1950 1612 2110 1763 religione
2127 1614 2194 1680 fuit

175 1699 352 1766 haereticis
385 1695 582 1764 servandam
608 1694 723 1761 fidem:
757 1694 835 1778 quid
864 1695 892 1760 si
925 1695 1157 1779 interpositum
1210 1694 1361 1761 Caesaris
1389 1697 1607 1776 conscientia,
1637 1697 1708 1763 eius
1731 1704 1842 1763 autem
1864 1718 2007 1763 vereeun
2032 1698 2063 1765 'a
2085 1706 2119 1765 et
2141 1701 2193 1767 in-

175 1787 221 1851 sit
247 1782 498 1851 iusiurandum?
544 1781 649 1863 Quasi
677 1802 757 1847 vero
784 1803 851 1847 non
879 1781 923 1846 sit
941 1781 1156 1864 pontificium,
1210 1781 1362 1866 genuitas
1385 1779 1493 1848 derisa
1514 1791 1573 1862 est,
1596 1782 1683 1866 quod
1705 1783 1768 1849 sibi
1791 1805 1810 1849 a
1832 1783 1973 1850 violatae
1995 1791 2054 1850 aut
2071 1785 2195 1852 saltem

175 1876 382 1938 sacramento
402 1869 539 1948 solvere,
562 1867 689 1950 quoties
710 1868 821 1932 visum
842 1874 900 1932 est.
945 1867 1004 1932 Ius
1023 1874 1075 1933 est
1094 1868 1157 1931 im·
1210 1867 1380 1951 neglectae
1413 1867 1490 1934 fidei
1521 1869 1641 1952 probro
1670 1868 1778 1935 adhuc
1814 1876 1993 1936 metueret:
2034 1869 2093 1937 sed
2127 1871 2195 1938 alia

175 1957 260 2042 perii
287 1961 485 2039 perpetuum
507 1976 545 2021 ao
567 1953 765 2032 inviolabile,
787 1963 825 2018 ut
847 1953 1017 2036 promissis
1039 1959 1155 2019 stetur.
1209 1959 1359 2019 nuncest
1381 1961 1480 2018 aetas.
1514 1953 1660 2020 Mundus
1672 1955 1728 2038 qui
1750 1961 1828 2021 tunc
1839 1975 1956 2022 caecus
1975 1963 2055 2036 erat,
2078 1958 2194 2024 oeulos

177 2041 268 2126 Quid
290 2042 381 2108 tum?
406 2061 515 2107 annon
543 2039 672 2124 legibus
693 2039 841 2122 superior
863 2045 913 2106 est
933 2038 1039 2122 papa?
1084 2038 1157 2104 Imo
1210 2039 1347 2122 aperuit.
1392 2037 1531 2105 Rosidet
1550 2040 1732 2106 etiamnum
1753 2041 1930 2108 inanimis
1947 2042 2196 2110 Germanorum

198 2129 256 2195 uid
282 2127 333 2193 illi
358 2149 434 2195 oum
460 2125 611 2211 legibus?
656 2127 703 2190 At
729 2125 901 2191 maiestate
927 2125 1080 2192 (lassaris
1106 2126 1157 2190 in-
1209 2132 1322 2190 tantae
1343 2124 1508 2191 foeditatis
1531 2126 1723 2206 recordatio,
1747 2148 1831 2210 quae
1853 2149 1908 2193 eos
1925 2129 2005 2194 sat-is
2026 2126 2192 2209 admonet,

205 2213 493 2300 'gnumadeoreto
505 2217 579 2292 [pag.
599 2216 654 2291 86]
672 2209 850 2278 discedere.
884 2209 975 2278 Satis
994 2217 1053 2289 est,
1068 2209 1158 2294 quod
1210 2233 1253 2276 ne
1274 2232 1310 2277 se
1332 2211 1472 2295 amplius
1495 2211 1757 2278 Romanensium
1783 2213 1941 2296 perfidiae
1968 2213 2104 2281 comites
2135 2215 2194 2280 ad-

177 2302 283 2367 omnis
311 2298 481 2384 turpitudo
513 2319 617 2382 papae
650 2298 825 2364 sanctitate
857 2295 1066 2381 abstergitur.
1111 2298 1158 2362 At
1209 2298 1359 2381 iungant.
1403 2297 1606 2364 Praesertim
1627 2319 1707 2364 vero
1725 2299 1753 2364 is
1772 2306 1822 2364 est
1840 2299 1970 2378 (laesar,
1994 2300 2052 2383 qui
2070 2301 2196 2366 famam

177 2389 364 2454 confectum
392 2392 443 2452 est
469 2384 621 2468 diploma.
667 2382 772 2464 Quasi
804 2403 884 2450 vero
912 2403 980 2448 non
1006 2383 1158 2449 omnibus
1211 2382 1470 2467 dignitatemque
1504 2404 1598 2449 suam
1633 2391 1673 2449 ut
1696 2383 1854 2450 Frenesio
1881 2385 2048 2468 mancipet
2074 2385 2196 2454 adduci

178 2472 366 2556 diplomatis
395 2470 565 2537 abolendis
592 2492 659 2536 una
686 2489 791 2553 papae
816 2469 978 2536 absolutio
1005 2469 1156 2535 sufficiat
1212 2474 1286 2550 [pag.
1306 2474 1360 2549 88]
1383 2489 1555 2554 nunquam
1576 2470 1705 2552 poterit
1751 2469 1877 2550 Scitnr,
1907 2472 2034 2555 quoties
2056 2470 2099 2536 ad
2121 2493 2196 2540 sae-

177 2556 236 2626 Sio
266 2557 399 2644 quidem
427 2557 568 2623 antehac
639 2577 694 2622 ere
721 2554 854 2622 solebat
899 2555 1003 2622 Ouios
1029 2555 1078 2620 rei
1106 2557 1157 2620 in·
1210 2555 1326 2620 vitiam
1344 2556 1520 2640 instigatus
1536 2557 1635 2622 hrerit
1653 2556 1694 2622 ab
1705 2558 1768 2623 isto
1780 2564 1906 2636 888888,
1923 2557 2043 2641 quibus
2054 2557 2196 2626 flabellis

178 2645 272 2730 signe
294 2642 528 2710 documentum
547 2649 599 2709 est
639 2663 761 2708 oannes
783 2641 942 2721 Hessius,
969 2662 1068 2724 quem
1089 2641 1157 2707 Ro·
1210 2641 1310 2707 fuerit
1338 2642 1501 2708 incitatus.
1548 2642 1747 2708 Constanter
1773 2650 1884 2708 tamen
1906 2644 1998 2709 stetit
2018 2643 2054 2709 in
2073 2665 2193 2730 propo-

177 2751 353 2796 manenses
374 2728 439 2795 fide
467 2729 599 2814 publica
621 2728 851 2795 Constantiam
871 2727 1020 2793 illectum
1042 2726 1158 2794 crude·
1211 2728 1289 2807 sito,
1319 2733 1358 2792 ut
1376 2727 1459 2795 haec
1480 2750 1549 2794 una
1575 2729 1619 2794 sit
1645 2749 1688 2794 ex
1716 2728 1830 2794 multis
1858 2729 1929 2795 eius
1956 2730 2135 2814 praeclaris
2160 2736 2195 2797 et

175 2815 253 2882 liter
269 2821 437 2882 necarunt
467 2815 596 2881 Aderat
611 2816 790 2900 imperator
800 2811 1047 2899 sigismundus,
1064 2833 1158 2878 man·
1211 2813 1352 2879 heroicis
1373 2814 1552 2881 virtutibus
1574 2815 1719 2881 maxime
1742 2814 1957 2882 admiratione
1975 2815 2085 2902 digna,
2107 2816 2197 2902 quod

176 2903 263 2969 sueti
300 2901 426 2987 ingenii
464 2901 632 2985 princeps,
667 2922 705 2967 ac
742 2901 878 2966 minime
916 2900 1157 2985 sanguinarius.
1210 2901 1299 2965 inter
1325 2900 1404 2965 istos
1435 2900 1566 2984 imperii
1589 2908 1700 2967 motus
1730 2922 1901 2985 nunquam
1924 2923 1960 2968 se
1982 2909 2040 2967 aut
2071 2923 2092 2968 a
2123 2923 2196 2970 mo·

177 2986 291 3070 Quum
326 2987 389 3056 sibi
423 3007 461 3053 ao
493 2987 555 3053 toti
581 2988 720 3071 imperio
753 2987 982 3070 turpissimum
1015 2985 1158 3065 duceret,
1211 2983 1379 3051 deratione
1405 2992 1439 3051 et
1460 2986 1651 3067 clementia,
1681 2994 1738 3053 888
1764 2987 1840 3054 fidei
1863 3009 1942 3054 suae
1964 2988 2123 3073 religione
2146 2989 2198 3056 di-

177 3095 276 3158 quem
296 3075 332 3141 in
352 3073 453 3141 fidem
470 3073 673 3158 tutelamque
691 3094 786 3139 suam
806 3079 989 3157 receperat,
1017 3073 1054 3136 in
1080 3091 1158 3138 con·
1211 3072 1338 3138 moveri
1359 3092 1475 3156 passus
1496 3073 1604 3140 fuerit

177 3167 291 3246 spectu
313 3182 388 3242 suo,
417 3159 563 3246 adeoque
586 3181 629 3227 er
650 3160 862 3245 protectionis
884 3179 964 3226 suae
984 3156 1157 3242 praesidio,
