4620 5894
129 237 194 299 459
873 227 1143 296 catenario
1165 228 1402 298 ERRORUM
2091 234 2153 299 460

129 419 288 505 stupidos,
322 427 357 484 ct
378 419 488 503 aliqua
510 419 660 485 doctrina
681 419 812 494 tinctos,
848 416 948 483 bruta
981 422 1055 498 [pag.
1080 424 1111 497 ι]
1168 440 1301 484 scuram
1332 416 1533 484 diffidentiae
1565 439 1658 484 meae
1690 419 1824 504 signnm
1856 419 2044 503 essequod
2065 440 2150 489 nunc

130 505 274 592 quadam
293 505 441 572 socordia
458 506 493 570 in
510 504 620 570 foedos
637 502 873 588 pudendcsque
891 524 1019 571 errores
1039 525 1113 587 prc-
1167 512 1295 570 mortuo
1317 505 1491 584 insultem,
1520 505 1574 568 eui
1596 505 1672 570 vivo
1699 514 1733 570 et
1760 505 1908 589 loquenti
1935 507 2149 589 pepercerim,

129 592 198 660 labi
220 592 308 659 sinit
1168 590 1221 655 vel
1243 590 1410 657 crudelem
1432 610 1504 656 osse
1525 590 1582 672 qui
1609 592 1734 655 mortui
1756 591 1900 657 bominis
1922 592 2082 656 umbram
2103 592 2150 658 in·

217 677 293 745 Hoc
319 697 508 760 quanquam
540 696 607 740 uon
640 674 676 738 in
708 683 854 756 tempore
890 676 941 758 (ut
962 673 1113 759 decebat)
1166 682 1286 742 secter:
1321 677 1493 758 utriusque
1524 686 1677 760 prompta
1711 683 1761 742 est
1793 676 1965 760 facilisque
1994 676 2149 745 defensio.

130 762 271 831 remedii
306 761 484 827 adhibendi
523 780 621 826 causa
648 758 827 825 meditatus
854 781 941 825 sum:
978 760 1035 826 ubi
1063 768 1113 825 ta·
1166 762 1239 846 Ego
1262 762 1360 842 enim,
1393 759 1551 845 quamdiu
1576 782 1652 844 spes
1673 762 1736 826 luit
1757 762 1829 828 eius
1852 760 1893 826 ad
1916 784 2038 829 sanam
2060 785 2150 829 men·

130 870 209 917 men
243 870 280 914 rc
307 850 379 931 ipsa
408 847 542 913 edoctus
565 846 695 931 agnovi,
709 844 734 930 ¹)
767 867 835 910 ιοι
863 843 943 911 adeo
974 846 1114 912 miratus
1167 855 1235 912 tem
1256 847 1441 926 revocandi,
1463 848 1619 930 privatim
1631 848 1655 930 ¹)
1673 868 1808 930 operam
1826 868 1938 914 meam
1957 848 2150 932 impendere

131 956 216 1015 snm,
256 933 378 999 multos
416 953 488 999 esse
526 933 563 997 in
602 932 700 996 Italia
739 931 814 996 tabe
862 931 927 996 ista
966 931 1112 997 infectos.
1166 954 1234 997 non
1260 932 1379 998 destiti.
1435 933 1485 998 Ac
1519 954 1561 997 ne
1591 931 1699 999 dubiis
1731 933 1976 1000 narrationibus
2011 934 2149 1002 lectores

131 1020 231 1103 Quod
253 1020 334 1099 dico,
367 1040 432 1084 non
462 1017 557 1083 modo
584 1017 621 1082 in
647 1016 769 1082 bonam
795 1024 923 1100 partem
952 1017 1115 1101 accipient
1166 1039 1283 1095 morer,
1324 1024 1455 1082 tantum
1495 1017 1689 1101 simpliciter
1726 1019 1868 1085 referem
1900 1018 1990 1103 quod
2024 1018 2151 1088 duabus

132 1107 229 1190 aequi
251 1114 284 1170 et
305 1102 445 1170 modesti
465 1104 555 1169 illius
576 1104 684 1186 gentis
701 1102 861 1182 homines,
884 1102 995 1167 sedin
1012 1103 1114 1168 corri-
1166 1113 1242 1169 ante
1264 1113 1403 1169 mortem
1426 1124 1519 1169 suam
1540 1103 1630 1169 horis
1651 1126 1770 1169 verum
1797 1126 1869 1171 esse
1895 1126 2011 1171 coram
2038 1106 2150 1173 multis

133 1190 239 1278 gendo
272 1191 398 1274 patriae
432 1210 510 1254 suae
542 1189 629 1254 malo
663 1189 762 1272 (quod
790 1189 918 1253 utinam
944 1209 1012 1253 non
1039 1188 1113 1253 aliis
1166 1191 1305 1256 testibus
1338 1190 1507 1256 confessus
1539 1197 1598 1255 est.
1658 1188 1771 1272 Quum
1804 1212 1916 1257 meum
1948 1191 2152 1274 colloquium

131 1298 259 1362 quoque
294 1276 483 1359 regionibus
517 1281 551 1340 et
586 1275 779 1356 praesertim
815 1272 945 1341 Galliae
980 1281 1113 1340 nostrae
1165 1276 1322 1358 petiisset,
1345 1275 1437 1340 missi
1459 1282 1538 1341 sunt
1559 1274 1623 1340 duo
1645 1282 1813 1341 senatores
1835 1277 1891 1359 qui
1911 1298 1965 1342 me
1985 1278 2024 1341 in
2042 1297 2150 1345 caree-

130 1383 306 1431 ecmmune
329 1363 430 1446 foret)
460 1360 543 1424 mihi
565 1360 706 1425 libenter
726 1358 941 1426 subscribent.
986 1360 1111 1443 Vulga-
1166 1382 1237 1427 rem
1259 1360 1467 1426 deducerent
1511 1359 1681 1441 Quidnam
1708 1361 1809 1426 vellet
1835 1369 1972 1444 rogatus
2002 1361 2090 1428 dixit
2117 1384 2151 1429 se

130 1449 177 1515 ris
199 1449 254 1512 hic
275 1448 409 1512 morbus
432 1454 492 1524 est,
522 1466 560 1511 ac
582 1446 650 1510 fere
670 1446 792 1528 ubique
813 1454 939 1530 regnat,
967 1445 1052 1529 qucd
1074 1451 1114 1510 ut
1166 1447 1299 1514 veniam
1319 1467 1339 1510 a
1359 1467 1413 1511 me
1434 1453 1554 1528 petere.
1598 1447 1672 1529 Ego
1694 1468 1772 1512 vero
1800 1448 1944 1531 ingenuo
1970 1449 2151 1531 praefatus,

130 1533 271 1621 quisque
292 1533 419 1618 ingenii
437 1531 584 1616 agilitate
608 1530 717 1615 pollet,
739 1532 786 1596 ita
807 1552 885 1597 oum
905 1531 1020 1597 titillat
1040 1532 1112 1597 ina·
1165 1554 1219 1599 me
1241 1553 1412 1616 nunquam
1433 1533 1580 1615 privatas
1611 1532 1749 1597 iniurias
1776 1533 1877 1599 fuisse
1897 1542 2152 1632 persequutum,

130 1621 184 1687 ni's
205 1618 385 1685 curiositas.
432 1616 500 1683 Sed
528 1618 563 1682 in
584 1617 679 1682 Italis
714 1617 797 1682 forte
832 1624 966 1701 propter
998 1636 1111 1681 rarum
1165 1624 1289 1703 quanta
1310 1618 1404 1701 potui
1425 1616 1678 1683 mansuetudine
1701 1617 1874 1683 admonui:
1902 1639 1971 1684 ram
1994 1638 2052 1684 me
2073 1627 2152 1685 ante

131 1726 272 1772 acumen
295 1705 400 1788 magis
422 1703 552 1769 eminet
563 1704 590 1784 12)
635 1702 709 1768 Iam
731 1703 788 1786 qui
815 1702 863 1766 ita
891 1701 1008 1787 cupide
1030 1723 1112 1767 ven·
1166 1725 1271 1770 annos
1289 1703 1463 1783 sexdecim,
1487 1724 1553 1768 non
1576 1703 1648 1769 sine
1664 1705 1833 1786 praesenti
1850 1705 1939 1770 vitae
1956 1703 2152 1772 discrimine

24 1804 32 1833 ¹
132 1792 212 1857 toeis
240 1790 378 1874 argutiis
405 1788 546 1866 inhiant,
581 1787 674 1873 digni
706 1795 787 1853 sunt
818 1789 874 1872 qui
905 1809 972 1854 non
1006 1788 1112 1854 solum
1166 1788 1323 1855 obtulisse
1345 1810 1452 1854 meam
1475 1809 1608 1871 operam
1631 1789 1672 1854 ad
1694 1809 1772 1854 cum
1793 1789 1988 1868 sanandum,
2012 1811 2076 1857 noc
2092 1811 2151 1874 per

131 1885 232 1944 vento
264 1880 454 1960 pascantur,
494 1874 552 1940 sed
589 1872 774 1939 mortiferos
807 1894 935 1958 quoque
968 1873 1113 1940 Satanae
1166 1896 1220 1941 me
1243 1875 1374 1940 stetisse
1393 1877 1570 1957 quominus
1592 1875 1798 1958 resipiscenti
1814 1896 1951 1940 manum
1970 1877 2020 1960 pii
2036 1898 2150 1943 omncs

131 1964 261 2031 afflatus
283 1961 446 2027 sorbeant.
496 1960 570 2025 Hoc
598 1981 699 2043 quum
727 1959 784 2025 fidi
813 1968 847 2025 et
875 1959 984 2026 idonei
1011 1968 1112 2024 testes
1166 1961 1382 2045 porrigerent.
1427 1959 1557 2025 Deinde
1578 1959 1682 2026 literis
1704 1961 1842 2043 privatis
1871 1983 1946 2027 oum
1976 1962 2052 2045 ipsc
2082 1962 2151 2046 pla·

130 2048 327 2134 quibusdam
349 2048 417 2113 suis
446 2045 659 2130 popularibus
688 2046 863 2127 contigisse
873 2047 901 2129 8)
929 2045 1112 2124 retulerint,
1166 2044 1238 2112 cide
1270 2045 1385 2129 egisse,
1425 2067 1484 2111 nce
1523 2045 1627 2111 ullam
1666 2055 1814 2128 captasse
1845 2048 2151 2127 ostentationem*)

130 2156 198 2201 non
220 2144 271 2200 est
293 2131 378 2217 quod
400 2131 614 2210 dissimulem,
637 2133 666 2197 si
687 2133 772 2197 forte
794 2131 836 2196 ad
855 2131 999 2197 sobriam
1021 2153 1113 2196 men·
1165 2132 1317 2215 Denique
1339 2131 1467 2197 nullum
1490 2153 1510 2196 a
1530 2152 1584 2197 me
1606 2130 1854 2197 benevolentiae
1878 2132 2027 2198 officium
2049 2134 2150 2200 firmes

131 2227 200 2287 tem
222 2219 338 2284 moniti
360 2216 469 2284 redire
490 2217 626 2300 possint.
659 2218 769 2299 Atque
791 2224 829 2282 ut
851 2238 906 2282 ecs
929 2237 1009 2282 suae
1030 2217 1114 2282 levi·
1166 2218 1450 2302 praetermissum,
1485 2216 1588 2283 donec
1616 2216 1728 2282 liberis
1756 2219 1839 2282 meis
1865 2219 2151 2318 obiurgationibus

131 2306 213 2372 tatis
235 2303 373 2388 pudeat:
407 2302 569 2387 quosdam
600 2303 667 2368 scio
699 2324 742 2367 ex
775 2302 934 2367 diametro
962 2302 1050 2367 inter
1079 2323 1114 2367 sc
1166 2304 1273 2389 magis
1295 2303 1518 2383 exacerbatus,
1541 2302 1667 2368 rabiem
1688 2303 1796 2388 magis
1818 2323 1917 2386 quam
1942 2304 2044 2369 bilem
2068 2306 2151 2371 effu·

134 2390 303 2467 dissidere,
311 2389 341 2475 ⁴)
375 2390 429 2472 qui
462 2410 497 2454 so
530 2393 641 2453 tamen
669 2385 801 2453 Serveti
835 2387 1011 2472 discipulos
1043 2407 1114 2454 esse
1167 2388 1224 2455 dit.
1268 2389 1396 2454 Verum
1425 2409 1610 2454 sermonem
1633 2387 1674 2455 de
1706 2410 1760 2454 me
1792 2387 2000 2468 abscindens,
2035 2391 2150 2475 rogavi

132 2478 342 2649 profitentur.
395 2473 480 2555 Quis
512 2494 579 2538 non
612 2471 722 2538 videet
744 2479 871 2538 tantam
893 2496 935 2539 ex
967 2475 1114 2540 novitate
1167 2483 1205 2541 ut
1226 2475 1359 2543 veniam
1380 2475 1489 2557 potius
1512 2475 1553 2540 ab
1575 2482 1708 2540 aeterno
1730 2476 1803 2539 Deo
1824 2475 2004 2558 petendam
2027 2481 2105 2555 [pag.
2120 2480 2149 2556 7]

10 2604 48 2649 ’,τι
148 2561 382 2646 qualiscunque
411 2559 544 2625 tandem
573 2560 631 2637 sit)
665 2579 720 2625 eos
752 2559 957 2643 voluptatem
989 2581 1114 2644 capere,
1167 2561 1228 2627 sibi
1251 2560 1418 2645 cogitaret,
1452 2561 1488 2624 in
1517 2581 1616 2643 quem
1638 2561 1737 2625 nimis
1759 2561 1912 2625 atrociter
1934 2562 2150 2628 contumelio-

132 2656 171 2714 ut
188 2648 250 2714 hcc
268 2647 335 2713 solo
353 2646 450 2711 titulo
467 2646 602 2712 faveant
618 2645 740 2730 ignotis
758 2647 934 2725 erroribus,
957 2665 995 2711 ac
1012 2645 1115 2710 inter·
1167 2669 1223 2713 sus
1245 2646 1361 2724 fuerat,
1390 2655 1458 2711 tres
1485 2645 1692 2730 hypostaseis
1714 2668 1755 2710 cx
1778 2646 1848 2712 eius
1870 2647 2018 2711 essentia
2042 2647 2150 2713 delere

133 2753 173 2800 ca
204 2731 395 2817 pudendum
427 2734 462 2796 in
493 2731 629 2796 modum
659 2752 694 2796 se
723 2730 764 2796 ad
793 2731 963 2816 ambiguas
985 2753 1115 2816 pugnas
1167 2740 1308 2813 tentem,
1329 2731 1560 2798 acOerbernm
1571 2733 1748 2816 tricipitem
1760 2753 1891 2813 vocans,
1910 2731 1939 2796 si
1952 2733 2055 2798 realis
2067 2735 2150 2798 inter

134 2821 228 2904 quasi
250 2817 483 2902 Andabateer)
512 2816 708 2901 proiiciant?
759 2816 888 2882 Verum
917 2818 970 2902 (ut
999 2816 1115 2882 alienis
1167 2828 1295 2905 patrem
1317 2817 1476 2883 etlilium
1498 2818 1578 2897 cius,
1604 2826 1637 2883 et
1658 2818 1812 2900 spiritum
1834 2817 2003 2884 distinctio
2026 2827 2151 2885 statue·

133 2904 317 2990 proverbiis
336 2901 582 2987 supersedeam)
602 2903 711 2986 potins
729 2923 764 2967 se
782 2900 975 2970 Madianitis
993 2901 1116 2968 similes
1167 2911 1267 2976 retur.
1311 2902 1437 2968 Filium
1459 2901 1525 2969 Dei
1546 2902 1609 2969 sibi
1631 2904 1761 2988 placare
1783 2905 1817 2968 in
1840 2904 1993 2969 animum
2015 2903 2151 2971 induco·

134 3013 206 3058 esso
234 2997 423 3075 agnoscant,
457 3010 537 3072 quos
570 2989 705 3072 spiritus
732 2988 906 3072 vertiginis
937 2991 974 3054 in
1003 3008 1116 3056 caecos
1167 2998 1228 3071 ret,
1260 3010 1360 3073 quem
1382 2988 1473 3055 foede
1496 2989 1565 3054 suis
1587 2991 1780 3056 commentis
1802 2987 2001 3070 deformans,
2033 2997 2070 3055 et
2096 3011 2149 3056 ne-

134 3076 306 3144 ccnflictus
327 3076 375 3141 ita
394 3076 540 3159 instigat.
585 3075 632 3139 Et
664 3095 743 3139 sane
769 3072 831 3140 hcc
858 3096 926 3140 non
953 3074 1116 3140 mediocre
1167 3098 1251 3162 gans
1287 3077 1324 3140 in
1352 3095 1391 3140 ea
1425 3096 1538 3154 carne,
1574 3096 1673 3158 quam
1707 3074 1825 3155 induit,
1865 3074 1960 3142 nobis
1996 3076 2149 3155 similem,

134 3162 257 3229 laboris
285 3162 351 3226 mei
379 3160 522 3245 pretium
544 3160 613 3226 fore
634 3159 771 3240 confido,
802 3159 1003 3227 sihcmines
1025 3161 1115 3240 istos,
1168 3160 1321 3246 adempto
1360 3161 1525 3226 fraternae
1560 3160 1797 3227 coniunctionis
1829 3161 1972 3240 vinculo,
2013 3163 2149 3229 unicum

134 3248 192 3332 qui
225 3269 345 3335 pamm
376 3245 580 3314 considerate
616 3245 777 3312 hactenus
809 3246 949 3313 Servate
982 3247 1117 3312 fuerunt
1168 3246 1410 3331 redemptorem
1432 3247 1663 3330 abnegaverat
1695 3245 1808 3328 Quum
1830 3247 1995 3313 monendo
2018 3257 2055 3312 et
2077 3249 2149 3313 hor·

135 3333 266 3413 addicti,
296 3333 339 3398 ad
361 3333 571 3399 sobrietatem
599 3329 759 3416 colligam.
806 3330 1004 3417 Quanquam
1032 3331 1115 3397 mihi
1168 3333 1269 3399 tando
1296 3332 1381 3397 nihil
1408 3333 1608 3416 proficerem,
1643 3333 1733 3398 nolui
1755 3354 1856 3416 supra
1877 3333 2034 3416 magistri
2056 3355 2150 3418 regu·

134 3419 235 3485 simul
254 3424 331 3498 [pag.
351 3424 384 3498 6]
407 3419 611 3503 propositum
631 3424 690 3496 est,
713 3418 740 3483 si
763 3438 903 3500 quorum
923 3418 1116 3485 insanabilis
1167 3420 1235 3485 lam
1258 3439 1381 3502 sapere.
1427 3419 1514 3484 Nam
1537 3417 1577 3484 ab
1599 3419 1764 3484 haeretico
1784 3418 1926 3496 homine,
1950 3420 2007 3501 qui
2026 3418 2148 3482 αόιικα·

134 3505 321 3589 pcrvicacia
341 3504 450 3582 fuerit,
473 3524 517 3568 ne
534 3504 704 3586 imperitos
726 3524 838 3570 secum
855 3504 1018 3586 irretiant,
1040 3526 1115 3588 per·
1167 3498 1304 3589 ιᾶιριτις
1342 3503 1545 3588 peccabat,²)
1586 3503 1768 3572 secundum
1802 3504 1902 3570 Pauli
1935 3512 2148 3589 praeceptum

135 3590 241 3656 versis
263 3611 378 3656 eorum
397 3589 536 3656 fallaciis
557 3609 739 3655 occurrere.
1168 3590 1312 3658 discessi
1357 3589 1412 3656 Ad
1420 3593 1448 3669 ⁸)
1469 3590 1627 3675 populum
1660 3588 1747 3674 quod
1779 3591 1815 3655 in
1846 3589 2016 3674 plausibili
2052 3611 2148 3659 cama

222 3675 310 3741 Nam
331 3674 418 3758 quod
439 3676 536 3741 citius
557 3675 682 3741 factum
711 3694 782 3740 esse
809 3675 964 3759 oportuit,
999 3675 1116 3741 saltem

135 3767 174 3828 ιιι
195 3780 286 3826 nunc
309 3760 492 3846 aggrediar,
526 3761 629 3824 maior
658 3758 836 3843 illaquam
859 3760 928 3824 dixi
950 3762 1037 3846 cogit
1058 3783 1115 3826 ne-

135 3848 286 3915 cessitas:
310 3847 505 3930 praesertim
527 3867 629 3928 quum
651 3866 753 3912 novos
775 3867 943 3912 sermones
964 3847 1117 3913 excitarit
1238 3847 1268 3913 1)
1287 3853 1468 3903 secretement
1485 3861 1548 3902 ⁸⁸11⁸
1567 3861 1602 3901 0¹1
1619 3846 1685 3901 faire
1703 3847 1775 3901 bruit
1793 3863 1825 3900 en
1841 3847 1940 3916 public.

136 3933 335 4017 supplicium
356 3930 442 4016 quod
464 3951 571 4015 nuper
593 3932 633 3997 de
655 3932 726 4014 ipsc
744 3937 851 3997 sectae
869 3940 983 3998 autore
1002 3933 1036 3997 in
1053 3932 1116 4000 hac
1237 3917 1269 4046 {l
1287 3916 1362 4039 ff}
1376 3913 1586 4054 ffiffiffi
1604 3930 1676 4039 Ἥ
1687 3915 1879 4039 {212}ssssOEss
1898 4000 1933 4038 en
1952 4002 2004 4040 son
2024 4002 2116 4042 coen.

135 4019 217 4085 urbe
239 4025 409 4101 sumptum
430 4017 501 4084 fuit*
552 4014 591 4083 Si
618 4017 692 4117 (1¹¹,ss
721 4015 852 4116 ⁰bli⁰ial
878 4018 932 4083 V⁰l
959 4018 1118 4103 ignavum
1237 4053 1268 4122 3)
1286 4053 1366 4109 Haec
1381 4055 1412 4108 ic
1436 4052 1536 4122 gallico
1560 4053 1601 4108 oie
1687 4059 1752 4107 ctar
1774 4067 1920 4121 represso:
1954 4053 2012 4124 Psy
2035 4055 2103 4110 fciet
2118 4069 2147 4109 ιι

58 4142 61 4147 ·
136 4125 209 4172 csse
238 4103 362 4170 bellum
384 4103 471 4188 quod
498 4110 628 4169 mortuo
655 4102 806 4182 infertm,
836 4102 935 4187 ldquc
966 4125 1034 4170 non
1061 4104 1117 4172 ob·
1169 4124 1271 4203 recita
1288 4121 1326 4177 fin
1343 4139 1396 4191 que
1415 4121 1519 4203 chacun
1537 4122 1678 4203 cogneisse
1692 4138 1744 4191 que
1764 4120 1803 4203 q’a
1816 4123 1875 4176 este
1892 4122 2017 4190 plustost
2031 4139 2083 4191 par
2096 4139 2147 4202 mc·

1170 4191 1257 4246 destre
1276 4207 1328 4260 que
1367 4207 1398 4245 ar
1422 4196 1525 4245 cramte
1566 4205 1600 4245 ue
1624 4206 1649 4246 ιι
1670 4207 1713 4245 ιιι
1732 4207 1787 4245 suis
1805 4191 1920 4259 deporte
1941 4190 2045 4246 durant
2065 4193 2094 4246 ιι
2110 4205 2149 4245 ιιι

135 4298 341 4306 ψ--.----
1170 4259 1205 4314 de
1223 4259 1319 4315 Servet
1362 4260 1485 4314 inventer
1502 4207 1576 4314 nulle
1594 4258 1701 4329 dispute
1720 4267 1812 4313 contre
1831 4259 1885 4328 luy,
1903 4260 2019 4314 attendo
2037 4274 2149 4316 mesmes

1171 4345 1224 4398 que
1241 4329 1270 4381 ιι
1287 4343 1367 4383 cause
1386 4328 1469 4382 estoit
1492 4343 1571 4382 assez
1589 4327 1738 4382 favorable.
1774 4328 1812 4381 Et
1829 4328 1862 4382 de
1885 4327 1953 4382 faict
1975 4335 2071 4385 tontes
2087 4343 2149 4399 gens

207 4394 237 4462 1)
256 4397 279 4450 si
297 4403 383 4452 estce
407 4411 460 4464 quc
483 4393 665 4465 l’experience
690 4401 811 4450 monstra
835 4411 887 4464 que
906 4394 976 4449 Dieu
998 4412 1015 4450 a
1036 4395 1119 4452 vonlu
1171 4413 1266 4451 menes
1292 4397 1326 4452 de
1355 4397 1459 4451 droiete
1485 4395 1613 4451 affection
1642 4413 1677 4451 en
1698 4397 1824 4465 lugerent
1846 4397 1928 4450 ainsi:
1957 4412 2065 4454 comme
2088 4397 2149 4454 als

135 4465 282 4521 iustemeut
297 4465 378 4534 punir
401 4479 470 4520 ceux
488 4466 534 4532 qui
552 4480 581 4519 se
601 4470 664 4519 sont
680 4464 835 4519 enmrtillcz
857 4479 911 4518 eux
934 4464 1066 4520 ιιιιιιιιι
1084 4464 1118 4520 de
1171 4466 1258 4520 verite
1275 4465 1294 4520 il
1311 4463 1413 4519 u'avoit
1435 4482 1471 4534 ny
1494 4466 1585 4519 saveir
1606 4481 1642 4534 ny
1665 4465 1813 4533 eloquenee
1838 4465 1884 4534 qui
1900 4464 2149 4589 m’estonnastqqqc

135 4532 241 4589 Scrvet
773 4556 781 4565 ·
1170 4535 1196 4589 ie
1215 4534 1360 4603 eraignisse
1379 4530 1412 4588 de
1430 4533 1456 4587 le
1475 4533 1635 4602 rembarrer‚
1658 4550 1710 4589 reu
1728 4549 1780 4602 que
1799 4534 1823 4587 ie
1841 4533 1903 4603 n'ay
1920 4535 2000 4602 point
2017 4535 2086 4591 faiel
2122 4536 2148 4574 '-

205 4599 236 4666 2)
256 4601 293 4655 Et
310 4617 412 4670 pcurce
436 4616 488 4669 que
511 4601 552 4655 les
576 4600 689 4654 ltaliens
712 4608 760 4654 ont
783 4601 808 4653 ie
830 4616 865 4654 ne
889 4616 938 4671 say
961 4618 1033 4671 quoy
1055 4601 1118 4671 plus
1172 4602 1265 4657 liculto
1282 4603 1392 4671 iusques
1409 4603 1452 4669 icy
1470 4601 1504 4655 de
1522 4601 1677 4671 m’cpposer
1695 4608 1892 4657 constamment
1914 4604 2014 4658 atoue
2033 4603 2148 4659 ennemir

1172 3766 1374 3775 .-.-.-.—-——-

138 4685 192 4737 que
210 4669 252 4723 les
270 4677 375 4735 autres,
403 4668 526 4724 d’autant
550 4676 613 4723 sont
635 4669 670 4724 ils
688 4668 751 4737 plus
774 4668 909 4725 tretillons
933 4672 951 4725 ι
974 4686 1004 4725 ιι
1025 4670 1120 4738 lorger
1171 4671 1206 4727 de
1223 4672 1252 4726 ιι
1269 4673 1354 4725 verite
1371 4671 1501 4792 quelques
1524 4669 1628 4725 habiles
1651 4669 1729 4740 qu’ils
1747 4669 1852 4726 fussent
1874 4675 1904 4725 et
1944 4670 2008 4726 u’cn
2031 4673 2074 4730 les
2090 4671 2149 4728 esti·

136 4738 281 4806 beaucoup
298 4737 485 4793 d’inventions
1171 4747 1250 4794 mast
1285 4739 1337 4806 cui
1358 4755 1419 4805 pus
1442 4745 1499 4806 est,
1522 4755 1593 4808 pour
1609 4741 1753 4795 maintenir
1774 4739 1802 4793 la
1824 4740 1909 4808 gleire
1953 4749 2084 4797 enostre
2102 4741 2148 4795 sei·

207 4803 237 4870 a)
257 4821 308 4874 que
326 4807 461 4875 plusieurs
479 4805 592 4861 Italicus
611 4812 659 4861 ont
676 4807 735 4861 este
754 4805 873 4862 seduicts
891 4805 940 4862 des
959 4822 1067 4865 emcurs
1085 4806 1119 4862 do
1171 4825 1257 4878 gneur
1270 4808 1356 4877 Iesus,
1374 4806 1427 4877 i’ay
1443 4806 1597 4863 hardiment
1614 4808 1726 4878 assailly
1743 4814 1805 4863 tous
1824 4823 1893 4862 ceux
1911 4809 2007 4877 quise
2025 4809 2149 4881 levcyent

137 4872 244 4929 Servat.
1173 4883 1266 4932 contre
1290 4877 1319 4931 la
1344 4892 1412 4946 pure
1436 4875 1559 4931 doctrine
1582 4875 1615 4931 de
1639 4876 1796 4958 l’Evangile.
1830 4876 1957 4932 Plustost
1978 4893 2010 4933 ee
2032 4880 2080 4948 qui
2101 4876 2148 4932 ιιί

208 4939 239 5008 4)
259 4948 322 4995 sont
345 4943 494 4999 ιοιιιιιιιι
516 4944 558 4998 ιιι
581 4959 632 4999 uns
659 4959 713 4998 aux
735 4950 827 4999 autres
851 4959 954 4999 comme
977 4943 1003 4998 le
1026 4944 1073 4999 ιιι
1092 4950 1120 4998 ιι
1171 4945 1317 5014 empesehe
1333 4945 1443 5014 iusques
1459 4946 1485 4999 ic
1528 4961 1544 4999 ι
1562 4946 1621 5001 este
1643 4946 1672 5001 ιι
1689 4951 1790 5000 ιιιιιιι
1813 4961 1865 5015 que
1890 4946 1930 5000 les
1948 4947 2100 5002 mesdisaus
2116 4958 2147 5000 ιι

137 5007 224 5077 l’eau,
245 5008 386 5065 tellement
397 5027 459 5091 'quc
484 5029 515 5067 ce
533 5028 585 5081 que
602 5011 656 5068 l'un
674 5012 821 5067 condamus
844 5011 942 5068 l’autre
960 5010 1118 5082 l'spprouve
1171 5020 1346 5069 trouvassent
1367 5029 1419 5082 quc
1441 4963 1504 5068 n'sb

138 5094 243 5135 comme
281 5095 312 5132 ar
329 5079 427 5149 despit.
1172 5083 1270 5138 salairo
1287 5099 1340 5151 que
1357 5082 1410 5137 i’en
1427 5099 1510 5152 recoy
1523 5081 1556 5137 de
1571 5088 1711 5206 beaucoup
1722 5082 1756 5137 de
1770 5082 1866 5137 malins
1881 5085 1975 5208 quand
1990 5087 2016 5140 ie
2031 5085 2146 5141 soustien

1503 5012 1607 5082 bayoye
1631 5016 1709 5069 sinon
1730 5017 1747 5069 ι
1769 5014 1917 5070 combatre.
1953 5015 2007 5070 Gar
2029 5014 2146 5071 vollelo

207 5143 239 5213 b)
289 5162 337 5203 coc
353 5149 383 5204 in
399 5148 499 5218 gallico
517 5148 626 5205 οιιιιιι
1170 5151 1212 5206 ιιι
1230 5166 1331 5206 assaux
1348 5167 1419 5219 pour
1436 5151 1578 5206 maintenir
1595 5158 1671 5207 toute
1700 5151 1889 5206 aChrestient
1908 5195 1914 5208 .
