4590 5902
938 221 1307 289 PROLEGOMENA.
2030 230 2156 297 XXIX

143 410 356 493 proferemus.
393 409 508 474 Liceat
531 418 651 488 tamon,
675 433 882 494 quaesumus,
906 412 971 476 iam
995 412 1049 478 hic
1070 434 1183 492 unum,
1206 412 1303 495 idque
1323 414 1426 495 ipsius
1449 415 1572 480 autoris
1596 414 1635 479 de
1658 437 1716 479 suo
1738 436 1835 499 opero
1858 415 2012 481 iudicium
2036 418 2156 483 afferre

142 523 229 605 quod
248 523 387 606 legimus
410 523 444 587 in
463 523 568 588 literis
590 522 632 586 ad
643 523 874 607 Bullingerum
897 523 982 588 datis
1004 545 1032 589 a.
1056 522 1086 588 d.
1100 524 1164 589 III.
1178 524 1377 602 cumane
1400 546 1540 608 quarum
1564 526 1791 610 autographon
1813 527 1954 592 habetur
1970 529 2005 592 in
2018 529 2153 595 Archiv.

144 635 254 699 'l'uric
277 634 367 699 Plut.
391 633 451 698 VI.
477 635 539 700 vol.
565 639 634 712 105,
658 634 711 699 fol.
737 639 809 714 597,
832 634 888 700 ubi
909 636 955 700 sic
974 635 1149 719 respondet
1171 636 1211 699 ad
1234 658 1272 701 ea
1295 658 1378 719 quae
1401 658 1498 720 supra
1519 638 1742 722 aBullingero
1764 639 1936 703 observata
1958 642 2155 723 transscrip-

143 745 262 811 simns:
308 745 351 809 In
373 746 473 810 libello
495 767 562 810 meo
584 765 706 827 semper
727 744 782 811 laec
801 747 921 811 amitus
941 767 1021 826 sum,
1045 768 1082 812 ne
1104 747 1182 829 quid
1202 747 1400 813 obscuritatis
1422 751 1548 831 afferet
1572 750 1712 815 brevitas.
1759 749 1874 816 Gavem
1895 754 1998 815 tamen
2017 772 2080 816 non
2096 773 2156 833 po-

143 857 207 922 tui:
236 857 299 922 imo
321 857 472 922 destinato
489 859 554 938 fere
576 857 679 921 animi
694 859 856 940 proposito
873 858 909 924 ob
931 858 1015 923 alias
1037 878 1153 924 causas
1174 860 1319 925 inductus
1340 880 1411 925 sum
1432 881 1470 925 ne
1491 881 1637 927 caverem.
1682 861 1750 927 Hoc
1772 863 1856 926 enim
1883 862 1962 927 mibi
1981 882 2044 927 nan
2059 883 2155 946 prac-

142 969 232 1048 cipue
253 969 363 1048 solunt,
385 969 441 1032 sed
461 968 526 1049 sere
549 970 639 1034 urtice
661 969 815 1052 agendum
838 988 905 1036 csse
918 968 1000 1034 duci
1020 975 1056 1034 ut
1076 970 1270 1037 detestabilis
1291 972 1434 1038 erunibus
1451 977 1571 1054 pisteret
1595 973 1715 1039 Servati
1736 974 1890 1056 impietas.
1927 972 2030 1039 Plena
2051 980 2156 1039 cuam

142 1099 255 1145 earum
276 1100 392 1159 rerum,
415 1081 584 1163 dequibus
604 1081 739 1159 dissero,
768 1081 913 1147 tractatio
942 1083 1013 1146 visa
1033 1082 1147 1164 suisset
1168 1088 1269 1148 astute
1290 1086 1443 1166 quaesita,
1470 1086 1809 1167 advesperascens
1830 1085 1975 1169 depurata
1996 1106 2057 1151 nan
2079 1087 2156 1153 adeo

141 1192 244 1272 impia
266 1190 411 1256 obrueret.
456 1191 499 1255 In
521 1192 592 1257 stile
614 1191 703 1256 mam
724 1212 820 1274 qnam
841 1192 921 1257 duis
939 1194 1125 1276 mundatem
1154 1215 1215 1260 non
1236 1195 1456 1262 animadverto.
1505 1197 1589 1278 Quin
1605 1198 1715 1279 patius
1745 1216 1902 1261 summam
1924 1216 2051 1279 mnam
2072 1199 2155 1279 dedi,

141 1301 247 1386 quoad
269 1302 386 1382 licebat,
409 1309 444 1368 ut
465 1304 612 1385 spinosas
636 1302 752 1368 Servati
774 1305 919 1388 argutias
941 1324 1005 1369 non
1026 1326 1144 1389 magna
1164 1307 1305 1372 molestia
1326 1308 1472 1372 diductus
1494 1313 1521 1373 et
1542 1309 1705 1388 suplicitas
1726 1307 1849 1373 tabee
1869 1309 1963 1374 ctiam
1984 1309 2077 1373 rudis
2098 1309 2155 1375 lec-

141 1421 198 1480 tor.
246 1414 353 1495 Neque
376 1420 477 1479 tamen
499 1436 547 1479 me
569 1416 650 1496 latet,
672 1435 770 1496 quum
792 1417 826 1480 in
848 1416 974 1498 sumtis
995 1418 1074 1482 mers
1096 1416 1237 1482 metae
1259 1420 1400 1484 concism
1427 1419 1498 1499 sim,
1528 1440 1576 1484 me
1597 1419 1648 1484 bie
1669 1419 1759 1485 solite
1786 1421 1890 1503 magis
1909 1420 2011 1502 tuisse
2031 1422 2155 1488 restric-

141 1533 216 1592 tum.
269 1526 383 1591 Verum
404 1527 493 1591 mado
515 1532 638 1606 constet,
668 1527 792 1592 sineno
808 1528 870 1609 ride
890 1531 1029 1609 rectaque
1049 1528 1154 1594 studio
1175 1526 1336 1609 defensam
1365 1552 1386 1594 a
1411 1552 1459 1596 me
1485 1530 1587 1612 fuisse
1614 1551 1727 1596 sanam
1753 1531 1940 1610 doctrinam,
1972 1530 2027 1596 bec
2054 1551 2155 1596 unum

140 1637 221 1702 milvi
236 1637 347 1719 pluris
368 1643 413 1702 est
431 1659 525 1718 quam
548 1643 583 1702 ut
603 1640 737 1721 suseepti
758 1637 875 1703 labaris
891 1642 1055 1723 pemiteat.
1107 1640 1224 1708 Verum
1251 1649 1286 1708 tu
1302 1663 1365 1722 pro
1388 1647 1439 1706 tuo
1461 1643 1495 1707 ia
1517 1663 1565 1707 me
1592 1663 1706 1722 amore,
1727 1663 1790 1724 pro
1812 1643 1932 1725 ingenii
1954 1643 2001 1706 tui
2022 1644 2154 1710 candore

139 1751 357 1831 auscultate,
380 1749 559 1814 humaniter
578 1750 711 1815 iudicas.
756 1749 829 1815 Alii
852 1771 901 1816 me
921 1753 1035 1818 durius
1062 1755 1235 1838 cespitum,
1264 1755 1346 1837 qued
1373 1755 1522 1819 saevitiae
1543 1759 1571 1818 et
1592 1755 1764 1826 atrocitatis
1789 1755 1851 1818 mm
1877 1755 2040 1837 nmyister,
2072 1756 2154 1838 quod

139 1865 299 1926 mertuum
321 1860 490 1940 bominum,
513 1861 736 1943 pulmonibus
758 1863 839 1926 meis
853 1863 962 1943 periit,
990 1863 1112 1929 calama
1131 1866 1342 1947 proscindam.
1399 1864 1481 1931 Sunt
1501 1866 1596 1930 etiam
1617 1867 1748 1946 quidam
1776 1887 1838 1930 non
1859 1866 2003 1932 malevoli
2024 1864 2080 1948 qui
2100 1887 2154 1932 cr,-

138 1977 319 2055 gumentum
341 1972 422 2037 illaad
443 1993 605 2054 nunquam
627 1994 675 2038 me
696 1974 836 2057 attigisse
858 1981 1003 2056 cuperent
1024 1976 1061 2043 de
1082 1976 1248 2043 ltancticis
1272 1978 1454 2059 penaeas.
1501 1977 1622 2043 Dicunt
1648 1978 1731 2042 enim
1758 1977 1839 2042 alios
1865 1996 1983 2057 omncs,
2012 1983 2047 2043 ut
2073 1978 2155 2043 invi·

140 2083 228 2148 diam
251 2083 401 2168 suammet,
424 2083 499 2148 data
521 2105 616 2167 opera
638 2086 779 2150 tacuisse.
837 2083 899 2151 Sed
920 2086 993 2152 benc
1013 2087 1101 2153 babet
1125 2090 1207 2170 quod
1235 2094 1262 2153 tc
1289 2089 1382 2155 babeo
1404 2091 1516 2171 culpae
1537 2091 1673 2168 socium,
1707 2089 1738 2154 si
1765 2109 1828 2168 qua
1857 2094 1959 2154 tamen
1987 2089 2079 2171 uelpa
2100 2093 2153 2171 est,

139 2196 216 2276 quia
238 2195 319 2259 mibi
340 2201 431 2261 autor
453 2201 481 2259 et
502 2195 639 2262 domator
658 2197 760 2277 fuisti.
820 2196 899 2261 Vide
919 2197 1021 2281 igitur
1040 2204 1075 2262 ut
1095 2204 1123 2264 te
1143 2201 1186 2265 ud
1208 2206 1360 2265 certamen
1381 2222 1549 2282 compares.
1594 2201 1686 2266 Haec
1708 2199 1773 2263 ille.

294 2307 368 2372 Iam
390 2308 443 2371 his
464 2307 653 2390 praemissis
676 2308 781 2390 ipsam
804 2305 872 2387 tibi,
896 2328 994 2391 quam
1016 2307 1070 2376 hic
1092 2312 1236 2377 maxime
1259 2320 1448 2395 exspectas,
1477 2313 1628 2377 notitiam
1658 2310 1838 2376 literarium
1867 2311 2044 2377 offerimus.
2092 2312 2152 2377 Li·

141 2418 217 2484 belli
240 2419 351 2484 minus
374 2418 598 2502 infrequentis,
623 2439 722 2501 quam
744 2425 947 2484 caeterorum
968 2421 1083 2487 Nostri
1104 2423 1336 2506 opusculorum
1359 2424 1547 2508 archetypa,
1571 2423 1686 2488 titulus
1707 2422 1754 2487 sio
1777 2420 1939 2487 decurrit:

306 2589 545 2656 DEFENSIO
579 2588 907 2656 ORTHODOXAE
946 2578 1079 2682 lfidei
1109 2583 1162 2664 de
1195 2613 1313 2667 sacra
1343 2583 1577 2690 Trinitate,
1617 2596 1766 2668 eontra
1801 2582 2020 2695 prodigio·
2049 2580 2054 2684 Ι
2083 2611 2152 2665 sos

145 2753 310 2807 errores
343 2723 567 2807 Michaelis
600 2723 770 2807 Serueti
801 2719 1003 2834 Hispani:
1032 2723 1037 2829 Ι
1065 2719 1136 2801 vbi
1174 2720 1418 2842 ostenditur
1458 2721 1696 2804 haereticos
1738 2725 1829 2805 iure
1867 2719 2013 2802 Gladii
2048 2749 2118 2803 co·
2146 2717 2151 2833 Ι

145 2862 347 2945 eruendos
376 2890 482 2968 esse,
511 2872 556 2944 et
581 2862 830 2944 nominatim
856 2860 909 2943 de
935 2856 1105 2941 homine
1134 2862 1139 2967 Ι
1167 2857 1247 2940 hoc
1274 2869 1363 2940 tam
1389 2858 1520 2970 impio
1543 2858 1656 2940 iuste
1678 2869 1723 2940 et
1736 2858 1890 2941 merito
1910 2853 2151 2971 sumptnml

140 2997 344 3082 Geneuae
371 2998 502 3081 fuisse
523 2996 824 3110 supplicium!
1033 2995 1133 3097 {Per
1162 3006 1346 3073 Iohannem
1373 3006 1587 3090 beluinum!
1625 3006 1793 3074 (maerere)
1839 3002 1844 3105 Ι
1887 2993 2017 3077 Olina
2062 2994 2153 3075 Ro-
2222 3114 2234 3132 Ι

136 3135 250 3220 berti
280 3133 501 3246 Stephani.
531 3135 536 3237 Ι
566 3149 614 3212 u.
637 3149 680 3213 n.
703 3146 818 3212 nrm.

294 3294 418 3359 Forma
435 3301 486 3357 est
508 3294 719 3374 quaternaria
736 3290 926 3357 minimaad
942 3298 1092 3358 nostram
1109 3288 1301 3354 hodiernam
1321 3289 1520 3353 octonariam
1539 3291 1692 3373 proxime
1709 3289 1876 3356 accedens.
1910 3287 2154 3369 Quatemionss
2211 3372 2216 3381 Ι

138 3404 280 3472 sedecim
303 3427 380 3471 cum
403 3403 537 3469 dimidio
561 3405 678 3483 (a-r).
723 3404 871 3487 Paginae
892 3409 1085 3468 numeratae
1108 3403 1186 3481 2613
1208 3399 1325 3464 ultima
1345 3398 1601 3483 subscriptiones
1622 3402 1848 3467 ministrorum
1872 3400 2048 3480 exhibens,
2078 3401 2152 3466 abs·
2214 3388 2221 3405 ¹

138 3539 199 3602 que
222 3537 371 3583 numero.
418 3517 538 3581 Exstat
560 3517 596 3579 in
616 3515 806 3581 collectione
827 3521 950 3579 nostra.
1512 3570 1524 3595 ,

292 3628 362 3691 Iam
387 3627 501 3710 scripti
523 3627 621 3692 huius
643 3626 790 3710 singulas
812 3635 921 3708 partes
944 3624 1024 3690 satis
1045 3623 1122 3689 laxo
1143 3644 1232 3688 nexu
1252 3622 1381 3687 iunctas
1398 3623 1513 3704 paucis
1533 3623 1785 3690 recensebimus.
1830 3620 1952 3691 Statim
1973 3631 2049 3707 post
2069 3625 2152 3689 titu-

137 3739 205 3806 lnm
228 3739 417 3824 generalem
439 3738 595 3821 nullaque
628 3737 830 3820 praefatione
858 3735 1053 3820 interposita
1080 3734 1202 3819 legitur
1224 3733 1349 3799 Fidelis
1369 3735 1520 3815 expositio
1542 3755 1686 3802 errorum
1707 3735 1876 3802 Michaelis
1899 3734 2018 3801 Servon
2039 3741 2067 3800 et
2088 3737 2152 3800 bre·

136 3852 185 3918 ets
207 3851 375 3917 corundan
396 3851 558 3931 refutatio:
580 3850 633 3914 ubi
655 3850 778 3914 docetur
798 3851 868 3915 iure
889 3849 990 3934 gladii
1011 3847 1188 3913 mercandas
1210 3866 1275 3912 csse
1296 3845 1463 3911 meeum
1483 3868 1514 3930 p.
1538 3851 1653 3912 3-37.
1707 3847 1801 3914 Haeo
1828 3855 1941 3912 tamen
1970 3847 2149 3928 inscriptio,

136 3969 299 4047 qnatenus
321 3962 560 4043 expositionem
583 3962 746 4044 promittit
768 3961 964 4045 placitorum
985 3960 1126 4028 infelicis
1136 3958 1290 4041 Hispani,
1312 3957 1424 4022 minus
1442 3956 1564 4022 adhoc
1584 3959 1727 4041 primum
1745 3967 1845 4042 caput
1863 3979 1962 4042 quam
1980 3955 2022 4020 ad
2043 3964 2151 4021 totum

135 4073 327 4158 opuseulum
359 4073 520 4157 pertinet,
549 4072 710 4156 siquidem
738 4073 920 4155 praemissa
947 4073 1039 4138 brevi
1057 4071 1098 4137 de
1120 4072 1189 4137 eius
1211 4069 1435 4152 impietatibus
1457 4068 1693 4135 declamatione
1714 4067 1818 4153 deque
1839 4069 1996 4153 gravibus
2016 4067 2093 4133 inde
2114 4068 2150 4132 in

136 4186 209 4268 pios
232 4184 495 4250 redundantibus
517 4184 680 4266 periculis,
704 4191 834 4248 tantum
857 4183 1017 4248 nonnulla
1038 4185 1229 4248 referuntur
1250 4178 1291 4244 de
1313 4181 1437 4272 autoris
1464 4199 1538 4245 cum
1561 4180 1702 4248 Servata
1724 4189 1759 4246 et
1781 4180 1859 4245 olim
1880 4180 1995 4245 habita
2012 4198 2150 4245 consue·

137 4295 252 4362 tudine
274 4303 308 4360 et
336 4295 501 4361 recentius
523 4302 596 4359 tum
619 4315 728 4360 coram
751 4303 823 4360 tum
846 4295 976 4377 seriptis
997 4295 1084 4359 facta
1105 4292 1363 4368 conversatione,
1386 4297 1420 4355 et
1439 4289 1518 4356 inde
1541 4313 1655 4376 apag.
1678 4296 1698 4355 8
1721 4292 1830 4376 agitur
1857 4311 1956 4356 causa
1976 4290 2032 4354 An
2052 4291 2150 4356 cbris-

135 4409 236 4472 tiam's
259 4407 420 4473 iudicibus
440 4405 612 4472 haereticos
626 4408 746 4488 mentre
767 4407 863 4471 liceat.
907 4405 983 4487 Qua
1005 4403 1155 4470 absoluta
1176 4403 1285 4468 denuo
1312 4401 1355 4468 ad
1383 4424 1460 4468 suas
1489 4422 1564 4468 oum
1588 4402 1727 4470 serven
1748 4401 1926 4468 relationes
1948 4402 2080 4480 transit;
2114 4423 2150 4467 se

136 4517 339 4585 haereticum
362 4519 609 4583 Viennensibus
631 4518 792 4584 iudicibus
815 4517 1038 4595 denunciasse,
1060 4514 1146 4598 quod
1168 4511 1321 4579 nonnulli
1341 4512 1502 4580 invidiose
1525 4515 1743 4592 affirmabant,
1766 4513 1862 4578 enixe
1878 4519 1994 4597 negeb
2027 4514 2152 4579 fatetur

136 4651 172 4697 se
194 4636 312 4697 autore
333 4651 409 4695 sum
433 4630 589 4696 Genavae
611 4630 854 4714 deprehensum
875 4636 909 4693 et
930 4626 972 4694 ad
994 4647 1127 4694 causam
1157 4625 1329 4690 dicendam
1355 4625 1559 4709 postulatum
1581 4625 1697 4705 fuisse;
1729 4645 1808 4690 suas
1828 4624 1933 4708 ipsius
1954 4632 1989 4690 et
2009 4624 2149 4709 collega-

135 4764 210 4807 rum
232 4749 344 4825 partes
366 4742 402 4805 in
424 4741 538 4806 eadem
561 4740 690 4825 agenda
711 4741 871 4821 declarat;
904 4761 969 4823 qno
995 4745 1091 4822 paeto
1117 4758 1137 4801 a
1164 4743 1282 4803 senatu
1312 4736 1507 4802 commissus
1533 4736 1636 4802 semel
1658 4749 1756 4820 atque
1777 4736 1899 4801 iterum
1921 4757 1997 4803 cum
2018 4738 2150 4819 captivo

135 4853 176 4919 de
199 4853 303 4938 ipsius
326 4853 534 4937 dogmatibus
555 4852 739 4931 contulerit,
763 4860 797 4917 et
818 4873 916 4936 quam
942 4849 1123 4917 liberaliter
1144 4845 1358 4915 commodatis
1379 4847 1472 4914 libris
1497 4847 1561 4930 ipsi
1583 4847 1782 4914 defensionis
1812 4845 1959 4913 subsidia
1980 4848 2149 4914 ministra-

134 4967 229 5044 verit,
252 4965 402 5048 pluribus
423 4971 570 5044 enarrat3
594 4972 700 5029 totum
722 4963 862 5047 denique
884 4962 1053 5046 negotium
1074 4962 1123 5026 ita
1143 4959 1288 5045 exponit,
1310 4964 1349 5023 ut
1368 4979 1499 5024 omnem
1520 4959 1654 5026 infausti
1676 4959 1787 5027 exitus
1804 4959 1934 5042 eulpam
1953 4980 1972 5024 a
1990 4980 2026 5025 ss
2042 4980 2150 5026 remo·

136 5086 205 5142 tam
228 5077 263 5141 in
284 5076 418 5142 fatalem
439 5077 487 5142 rei
511 5077 682 5142 vesaniam
702 5075 834 5141 reiiciat
