4620 5894
151 215 215 279 631
955 212 1087 281 VERA
1107 213 1369 283 EOGLESIAE
2104 217 2167 280 632

150 400 298 468 nationis
319 422 387 468 non
409 403 511 468 fiisse
532 409 737 485 perpetuum,
759 423 875 468 omnes
895 411 1028 469 norunt
1071 403 1136 469 Est
1186 410 1332 486 turgeat:
1361 403 1439 484 quia
1468 403 1549 468 satis
1576 410 1627 467 est
1651 403 1909 485 inpraesentia,
1936 422 2053 467 eorum
2075 404 2168 470 vani·

150 487 241 552 enim
273 507 316 551 ex
349 508 463 553 eorum
496 507 632 573 genere,
665 489 784 571 quibus
815 508 936 554 novam
968 508 1055 554 evan
1079 489 1135 553 elii
1185 494 1288 553 tatem
1309 498 1519 554 monstrasse.

149 570 430 672 praedicationem
457 573 618 638 illustrari
639 574 731 639 Deus
755 573 876 652 voluit,
905 572 1007 640 donec
1033 510 1134 639 fidem

151 679 188 723 ιιι
201 655 328 723 mundo
341 659 533 742 acquireret.
566 659 684 743 Itaque
705 659 803 742 paulo
825 666 901 742 pest
921 659 1022 725 fuisse
1044 659 1134 725 abla-
1272 659 1436 724 Manuum
1457 658 1631 741 impositio,
1654 659 1770 740 quain
1792 679 1891 724 suum
1907 680 2031 724 munus
2052 680 2167 725 censs-

150 752 235 822 tum,
254 764 296 808 ex
318 744 486 809 veteribus
503 743 650 810 historiis
671 743 825 828 colligere
842 745 927 810 licet.
972 746 1133 810 Testimo·
1185 752 1322 810 orantur
1349 743 1508 822 ministri,
1536 745 1617 827 quin
1644 757 1887 809 sacramentum
1916 753 2069 826 vocetur,
2098 766 2167 810 uon

149 829 215 894 niis
236 831 287 893 uti
309 849 551 912 supervacuum
567 830 654 895 foret
674 830 710 895 in
730 852 767 895 re
783 831 965 908 notissima,
988 829 1133 912 adeoque
1184 850 1305 913 pugno.
1351 827 1418 894 Sed
1448 828 1534 892 hanc
1562 829 1816 912 appellationem
1845 829 1930 894 trahi
1958 829 2001 894 ad
2028 841 2166 914 septem,

150 915 309 982 confessa.
354 913 444 996 Quid
465 936 544 999 ergo
571 914 634 980 sibi
660 917 781 980 volunt
801 914 1019 981 mediatores?
1063 916 1133 981 Do-
1185 935 1267 998 quos
1290 924 1417 991 vocant,
1439 913 1586 991 ordines,
1614 925 1652 978 ιιι
1673 914 1833 980 hactenus
1854 922 2024 998 receptum
2046 917 2111 982 fuit
2130 919 2166 984 in

151 1021 234 1065 num
255 1001 342 1083 quod
365 999 467 1066 cleis
525 999 600 1065 bolo
622 1002 782 1066 notabant
808 1001 962 1085 apostoli,
992 1001 1021 1066 si
1042 1001 1133 1066 ultra
1184 1010 1320 1085 papatu,
1348 1008 1383 1064 et
1404 997 1640 1065 mediatoribus
1666 999 1788 1081 placet,
1815 1021 2024 1084 nequaquam
2047 1005 2166 1070 rationi

151 1106 268 1151 eorum
289 1093 433 1152 aetatem
479 1105 591 1151 urasse
614 1087 809 1165 obtendant,
842 1087 1048 1169 turpissimae
1070 1087 1132 1151 im-
1185 1094 1441 1151 consentaneum
1469 1105 1540 1150 csse
1569 1083 1648 1150 dioc.
1694 1083 1785 1164 Quin
1812 1086 1911 1150 etiam
1940 1086 2028 1169 quod
2049 1087 2091 1152 de
2113 1111 2166 1155 sa-

148 1170 328 1255 pudeutiae
349 1171 592 1238 convincentur.
626 1171 775 1256 Vulgare
792 1182 904 1237 autem
920 1173 1132 1254 proverbium
1184 1170 1326 1237 cerdotio
1348 1172 1525 1248 affirmant,
1546 1170 1757 1253 nugatorium
1778 1179 1843 1235 est:
1866 1172 1936 1235 eius
1958 1171 2085 1238 scilicet
2106 1174 2165 1240 ho-

150 1267 211 1336 est,
234 1254 453 1324 accessorium
473 1257 566 1339 sequi
587 1266 744 1322 naturam
764 1258 964 1340 principalis.
998 1256 1131 1324 eonsci-
1184 1277 1299 1322 norem
1320 1275 1358 1320 ac
1379 1263 1575 1338 potestatem
1603 1256 1744 1321 conferri
1770 1256 1937 1334 omnibus,
1967 1277 2051 1340 ques
2077 1259 2165 1326 ordi·

152 1352 209 1408 tuo
231 1343 343 1426 igitur,
367 1364 408 1407 ex
431 1362 496 1425 quo
518 1364 572 1408 res
594 1342 704 1408 ablata
725 1351 784 1420 est,
807 1365 873 1409 non
895 1344 1020 1409 frustm
1035 1343 1132 1408 modo
1184 1351 1268 1406 nant
1288 1343 1440 1424 episcopi.
1485 1341 1653 1423 Principio
1675 1341 1754 1406 satis
1776 1351 1893 1406 netum
1913 1354 1978 1421 est,
2007 1364 2165 1425 quorsum

148 1427 287 1494 retineri
314 1429 462 1512 signum,
500 1427 558 1493 sed
585 1429 685 1492 nimis
713 1428 902 1511 petulanter
932 1428 1003 1493 ludi
1030 1430 1067 1492 in
1096 1449 1132 1493 re
1185 1427 1380 1492 ordinentur
1404 1427 1441 1490 in
1468 1435 1607 1510 papatu,
1635 1447 1755 1508 nempe
1783 1427 1989 1493 sacrificandi
2016 1449 2125 1496 causa
2141 1434 2164 1513 ¹)

147 1513 251 1581 seria:
273 1520 314 1581 ιιι
334 1514 407 1579 veri
429 1513 497 1577 sint
518 1512 740 1595 apostolorum
761 1515 951 1592 imitatores,
977 1514 1061 1578 dono
1080 1535 1132 1578 sa·
1182 1513 1256 1578 Hoc
1278 1513 1366 1576 enim
1386 1511 1488 1578 habet
1509 1511 1643 1577 solenne
1659 1511 1922 1596 inauguraticnis
1939 1533 2088 1581 carmen:
2107 1537 2165 1600 pc-

148 1600 293 1665 nationis
323 1596 490 1681 praeditos
524 1620 595 1664 esse
629 1607 767 1682 opertet
812 1600 910 1665 Nunc
942 1620 1046 1682 quum
1074 1598 1132 1663 illo
1183 1595 1504 1673 testatemillisdari,
1517 1596 1691 1680 placabiles
1702 1597 1862 1662 offerendi
1870 1599 1943 1664 Deo
1956 1599 2090 1666 hostias.
2104 1607 2165 1668 At-

147 1692 299 1751 serentes
326 1685 459 1768 signum
487 1683 704 1750 nihilominus
730 1693 907 1767 usurpent,
942 1685 1026 1749 nihil
1053 1694 1132 1750 sunt
1182 1686 1247 1832 gui,
1270 1684 1354 1747 nihil
1377 1683 1439 1749 sibi
1461 1683 1528 1748 tale
1541 1682 1705 1748 aOhristc
1726 1683 1827 1749 fuisse
1840 1683 2033 1749 mandatum
2054 1695 2164 1754 osten·

147 1790 247 1854 quam
269 1769 392 1835 simiae.
436 1771 485 1834 At
505 1768 643 1835 Iacobus
664 1770 768 1836 frater
789 1771 925 1835 Domini
947 1790 1015 1834 non
1037 1771 1131 1835 testi-
1205 1777 1270 1834 cut.
1299 1767 1500 1852 Quanquam
1511 1769 1599 1833 enim
1610 1768 1707 1833 huius
1722 1770 1770 1833 rai
1782 1771 2165 1855 tractaticinproprium

148 1856 260 1921 monio
290 1854 397 1920 solum
425 1853 512 1919 hanc
538 1857 743 1934 unctionem,
771 1861 844 1935 [pag.
867 1861 940 1935 137]
970 1855 1027 1920 sed
1054 1875 1130 1938 prc-
1181 1855 1292 1920 locum
1313 1856 1433 1920 melius
1455 1853 1638 1919 differetur:
1667 1874 1733 1918 uno
1756 1864 1866 1918 tamen
1890 1856 1990 1921 verbo
2013 1857 2165 1924 sacerdo·

149 1940 505 2024 mulgationcqucque
531 1961 590 2004 sua
617 1939 913 2023 celebrat(Iac.5,
936 1943 1000 2020 14).
1043 1940 1131 2005 Nam
1182 1940 1281 2018 tium,
1306 1940 1393 2023 quod
1414 1943 1561 2023 fingunt,
1591 1948 1739 2004 evertere
1761 1948 1950 2023 promptum
1972 1949 2032 2006 est.
2076 1943 2165 2009 Nam

148 2025 204 2091 hic
226 2025 391 2091 rhetorica
412 2025 623 2091 vehementia
633 2046 791 2109 perquam
804 2027 1005 2092 tumultuose
1022 2027 1132 2091 insur-
1182 2045 1264 2107 quos
1291 2025 1385 2090 nullo
1407 2026 1473 2090 Dei
1500 2026 1591 2090 iussu
1618 2026 1815 2108 praeficiunt
1842 2027 1986 2109 episcopi
2013 2027 2056 2092 ad
2084 2030 2164 2095 offs-

149 2125 241 2195 gunt.
255 2112 281 2193 ¹)
326 2111 400 2194 Ego
422 2132 501 2176 vero
523 2112 634 2178 Iacchi
663 2112 772 2177 verbis
800 2112 996 2195 suffragium
1019 2132 1131 2175 meum
1182 2110 1288 2175 reuda
1310 2111 1478 2187 sacrificia,
1500 2111 1541 2175 iis
1564 2112 1716 2192 spiritum
1744 2121 1893 2176 sanctum
1917 2132 1981 2193 quo
2009 2114 2083 2180 iure
2105 2115 2164 2180 eli-

146 2195 290 2261 libenter
320 2194 413 2260 addo.
461 2193 530 2261 Sed
551 2196 615 2262 hoc
636 2196 685 2261 illi
707 2196 879 2262 consilium
902 2217 988 2280 nego
1020 2197 1130 2273 fuisse,
1182 2195 1332 2280 cient?²)
1375 2196 1469 2278 Nego
1502 2206 1607 2260 totum
1635 2196 1852 2262 sacerdotium
1886 2197 2003 2280 papale
2032 2198 2164 2267 divinas

146 2289 184 2346 ιιι
212 2281 300 2364 quod
327 2281 446 2346 efficax
474 2302 546 2346 esse
573 2293 714 2348 noverat
740 2280 1039 2364 repraesentandae
1065 2282 1131 2346 Dei
1182 2281 1346 2346 vocationi
1373 2283 1481 2346 inniti.
1494 2284 1521 2365 ¹²³)
1566 2281 1817 2346 Caeremoniam
1850 2302 1944 2364 ergo,
1978 2305 2043 2365 qua
2075 2286 2163 2350 ordi·

145 2368 274 2450 matisc
297 2367 502 2450 symbolum,
529 2364 572 2431 ad
592 2366 747 2449 frigidam
774 2367 1027 2432 aemulationem
1054 2387 1129 2450 prc-
1182 2377 1312 2445 nantur,
1337 2365 1496 2449 quomodo
1519 2369 1716 2432 sacramenti
1737 2368 1871 2431 nomine
1894 2366 2074 2450 dignarer?
2109 2370 2164 2435 Ad

147 2454 308 2517 stitueret.
353 2451 492 2516 Certum
514 2460 565 2516 cst
587 2461 712 2531 autem,
739 2462 893 2517 unctores
920 2451 1020 2517 huius
1047 2461 1129 2516 tem·
1182 2452 1278 2530 haec,
1312 2451 1391 2517 dum
1417 2453 1538 2516 iterum
1570 2453 1663 2516 nobis
1696 2461 1890 2534 perpetuam
1923 2456 2163 2521 successionem

145 2539 235 2621 poris
257 2537 362 2601 nihilo
385 2537 492 2620 magis
515 2536 587 2602 eius
609 2538 744 2621 gratiae,
768 2536 807 2602 de
829 2559 895 2620 qua
911 2537 1058 2621 loquitur
1075 2537 1129 2602 Ia·
1181 2538 1354 2602 insinuant
1374 2538 1475 2603 fuccsi
1498 2536 1703 2615 mediatores,
1725 2539 1869 2603 vicissim
1891 2538 2093 2604 obviandum
2113 2550 2164 2608 est

144 2622 256 2701 cobus,
280 2643 352 2688 esse
373 2622 554 2701 ministres,
576 2642 675 2706 quam
696 2643 757 2687 rex
779 2623 857 2688 olim
879 2626 978 2689 fuerit
1000 2623 1128 2701 histrio,
1181 2644 1297 2689 rursus
1329 2644 1444 2688 eorum
1477 2625 1630 2688 astutiae:
1663 2643 1740 2687 nam
1772 2633 1805 2688 et
1836 2622 2000 2706 legitimos
2034 2629 2162 2691 censeri

143 2709 199 2792 qui
222 2729 398 2791 personam
410 2708 672 2792 Agamemnonis
694 2709 812 2792 agebat
832 2709 868 2773 in
890 2730 996 2775 scena.
1041 2707 1129 2774 (lon-
1181 2709 1391 2792 presbyteros
1418 2709 1551 2785 volunt,
1578 2709 1763 2792 quicunque
1785 2731 1805 2773 a
1826 2710 1974 2774 cornutis
2000 2711 2162 2795 episcopis

140 2795 247 2859 temni
265 2795 406 2877 gratiam
423 2802 610 2871 causantur,
632 2816 730 2877 quam
751 2794 804 2861 hic
815 2793 969 2860 Christus
979 2794 1128 2879 porrigit
1182 2796 1394 2872 sumerseti,
1422 2803 1456 2860 et
1476 2814 1590 2859 omnes
1618 2793 1800 2859 excludunt
1825 2816 1845 2859 a
1872 2795 2071 2875 ministerio,
2096 2799 2163 2863 nisi

143 2878 212 2946 Sed
245 2899 411 2962 quaenam
445 2888 495 2945 est
527 2879 607 2944 illa?
654 2878 747 2961 Quos
777 2880 948 2963 ungebant
969 2880 1128 2964 apostoli,
1181 2879 1239 2962 qui
1267 2880 1390 2944 fuerint
1418 2900 1533 2945 eorum
1561 2900 1663 2944 manu
1692 2878 1846 2944 ordinati.
1891 2878 2093 2964 Quanquam
2124 2883 2163 2948 in

141 2973 227 3031 teste
257 2966 371 3030 Marco
399 2965 444 3049 (6,
474 2965 543 3046 13),
578 2965 677 3031 simul
704 2966 874 3032 sanabant.
919 2965 1017 3032 Nunc
1048 2987 1128 3031 vero
1181 2964 1290 3047 priore
1317 2964 1476 3047 quiddam
1500 2966 1598 3048 longe
1619 2967 1726 3030 maius
1747 2964 1950 3048 praedicant:
1985 2987 2065 3032 nam
2086 2989 2162 3051 par-

145 3051 231 3116 nulli
254 3052 320 3116 nisi
341 3050 495 3116 morituri
512 3057 704 3136 unguntur:
724 3058 764 3117 ut
782 3072 901 3134 parum
924 3051 1026 3129 absit,
1048 3052 1128 3133 quin
1180 3049 1258 3114 iude
1280 3055 1353 3129 [pag.
1374 3056 1448 3128 1391
1478 3071 1516 3115 ae
1537 3051 1565 3116 si
1592 3071 1694 3116 novas
1715 3051 1862 3116 facerent
1883 3059 2068 3132 creaturas,
2098 3055 2162 3119 fin·

143 3137 316 3220 profanata
343 3138 457 3202 ιιιιοιίο
485 3146 671 3216 censeatur,
699 3137 822 3220 siquis
844 3159 885 3203 ex
913 3136 1028 3203 morbo
1050 3156 1127 3201 con·
1180 3143 1265 3220 gunt
1285 3134 1493 3201 indelebilem
1522 3136 1747 3202 characterem
1774 3135 1815 3201 ab
1837 3136 1979 3220 episcopi
2008 3135 2163 3206 benedic·

144 3222 301 3289 valescat.
345 3222 457 3305 Atque
483 3223 569 3288 hanc
596 3223 782 3288 cautionem
803 3231 959 3305 repetunt
980 3222 1128 3287 modera·
1180 3222 1270 3287 done
1299 3221 1455 3305 imprimi.
1499 3219 1700 3304 thuidcm
1725 3223 2007 3306 operaepretium
2029 3234 2081 3289 est
2103 3246 2162 3290 nc-

145 3320 248 3373 tcres:
277 3328 320 3372 ne
343 3309 453 3373 oleum
476 3309 647 3387 afferatur,
674 3309 741 3375 nisi
766 3330 868 3392 quum
887 3310 990 3374 instat
1011 3307 1127 3373 mortis
1180 3315 1251 3371 tare
1262 3307 1335 3389 quis
1346 3307 1392 3372 sit
1403 3307 1486 3372 ritus
1497 3306 1707 3391 imprimendi
1718 3305 1818 3373 huius
1828 3307 2037 3373 characteris.
2073 3307 2163 3391 Quia

144 3393 340 3476 periculum.
385 3394 530 3473 Verum,
560 3393 644 3458 mihi
672 3394 908 3478 respondeant:
937 3416 1038 3477 quum
1065 3392 1127 3459 hoc
1179 3394 1262 3457 flatu
1290 3392 1491 3476 significavit
1518 3391 1673 3458 Christus
1700 3393 1869 3473 spiritum,
1905 3413 1968 3475 quo
1996 3396 2163 3476 apostolos

145 3477 392 3562 aegrotantibus
402 3478 554 3544 levamen
568 3478 797 3545 indifferenter
808 3479 947 3546 Iacobus
965 3481 1125 3564 assignet:
1181 3477 1336 3555 donabat,
1365 3479 1460 3561 quasi
1489 3479 1640 3561 spiritum
1664 3487 1814 3543 sanctum
1844 3479 1994 3543 efflarent
2019 3500 2061 3543 ex
2084 3489 2162 3565 gnt-

145 3585 212 3646 qua
233 3563 354 3629 fiducia
375 3564 482 3646 ipsum
505 3565 712 3647 restringunt
737 3563 780 3629 ad
801 3565 1000 3647 periculosos
1021 3564 1127 3630 letha-
1180 3573 1262 3642 ture,
1286 3562 1412 3630 Christi
1430 3564 1620 3646 exemplum
1639 3585 1729 3628 more
1752 3584 1820 3642 suo,
1844 3563 1906 3629 hcc
1929 3574 1992 3641 est,
2023 3584 2162 3648 praepo·

144 3649 259 3732 lesque
288 3647 440 3713 morbos?
486 3647 524 3715 Si
552 3650 637 3714 tanti
659 3649 728 3716 illis
754 3659 805 3715 eet
825 3649 936 3716 Iacobi
958 3650 1126 3729 autoritas,
1180 3659 1268 3714 atera
1297 3649 1517 3714 aemulantur.
1561 3649 1761 3714 Mutuantur
1788 3657 1823 3714 et
1848 3670 1890 3714 ex
1915 3648 1988 3732 lege
2016 3653 2163 3718 mosaica

145 3756 205 3800 cur
227 3755 292 3798 non
322 3733 475 3799 dubitant
503 3734 543 3799 ab
566 3754 605 3799 ea
627 3734 816 3800 discedere?
860 3736 909 3802 Ut
929 3743 1040 3801 tamen
1060 3735 1127 3800 illis
1179 3734 1283 3799 aliud:
1313 3756 1432 3817 nempe
1459 3743 1496 3799 ut
1525 3733 1645 3818 digitos
1667 3736 1841 3818 inungant.
1887 3733 1955 3800 Sed
1976 3735 2050 3817 quis
2071 3736 2163 3819 ipsos

144 3818 310 3903 impunita
332 3819 376 3883 sit
397 3819 479 3884 haec
496 3818 637 3898 licentia,
660 3841 726 3903 qua
747 3821 855 3885 fronte
873 3820 1029 3886 Iacobum
1046 3820 1126 3886 obii·
1178 3819 1288 3884 docuit
1308 3821 1344 3884 in
1366 3840 1462 3884 usum
1484 3841 1646 3897 revocare,
1668 3840 1752 3903 quae
1768 3840 1829 3885 suo
1847 3819 1993 3886 adventu
2005 3819 2162 3888 Christus

145 3905 248 3984 ciunt,
271 3905 366 3970 cuius
387 3904 532 3969 maxime
554 3905 664 3972 verbis
681 3905 899 3971 labefactatur
917 3905 1005 3989 quod
1026 3904 1127 3970 stabi·
1179 3905 1416 3988 abrogaverat?
1467 3906 1541 3971 Hau
1570 3906 1607 3969 in
1633 3907 1723 3990 re,⁴)
1757 3926 1825 3970 non
1855 3903 1952 3970 modo
1985 3915 2162 3990 pmcsptc

143 3991 207 4055 lire
228 3989 367 4057 volunt?
412 3991 579 4056 Levatum
601 3992 691 4056 enim
716 3992 758 4055 iri
786 3998 957 4074 aegrotum
985 3997 1127 4056 testatur
1179 3988 1419 4057 destituuntur:
1439 3991 1496 4056 sed
1519 4013 1562 4056 ne
1584 3992 1758 4056 vetustatis
1779 3990 1911 4072 quidem
1929 3992 2161 4073 patrocinium,

65 4090 68 4095 ·
143 4076 209 4141 ille.
243 4077 342 4141 Nunc
363 4075 620 4158 quotusquisque
641 4076 712 4141 oleo
734 4077 909 4142 sanitatem
929 4075 1125 4159 recuperat?
1179 4077 1242 4140 nisi
1264 4075 1362 4155 falso,
1391 4076 1569 4142 obtendere
1597 4088 1730 4158 queunt.
1775 4077 1839 4141 Est
1865 4077 1952 4141 enim
1979 4085 2163 4161 utrumque

145 4160 215 4227 Vix
237 4163 435 4227 centesimus
455 4162 592 4244 quisque
613 4163 654 4227 ab
676 4163 833 4227 unctione
854 4162 947 4228 vivit.
993 4161 1062 4226 Imo
1084 4182 1126 4226 ue
1178 4162 1341 4226 novitium
1363 4162 1551 4238 inventum,
1580 4162 1666 4245 quod
1695 4162 1880 4244 purioribus
1902 4161 2040 4229 saeculis
2065 4164 2162 4247 ignc-

144 4246 207 4314 hoc
229 4247 362 4332 quidem
389 4255 508 4331 agunt,
536 4255 575 4310 ut
601 4246 797 4312 medeantur
826 4246 1040 4331 aegritudini,
1068 4246 1125 4313 sed
1178 4255 1250 4312 tum
1271 4248 1343 4312 fuit.
1388 4246 1426 4313 Si
1449 4249 1502 4313 ius
1525 4246 1706 4324 sacerdotii,
1730 4269 1794 4330 quc
1812 4248 2004 4330 gloriantur,
2028 4249 2063 4312 iu
2085 4270 2163 4332 per-

145 4342 275 4397 tantum
297 4343 337 4397 ut
354 4333 542 4417 pinguiores
560 4332 603 4396 ad
621 4333 808 4415 sepulcrum
826 4334 969 4398 mittant
1002 4334 1049 4398 Et
1064 4353 1125 4397 nos
1178 4344 1277 4415 petua
1304 4334 1345 4399 ab
1372 4334 1529 4416 apostolis
1557 4334 1760 4398 successione
1788 4332 1964 4398 fundatum
1991 4346 2058 4399 est:
2087 4336 2163 4417 ipsa

145 4416 254 4484 adhuc
276 4417 483 4484 crudelitatis
504 4427 669 4495 accusant,
692 4420 769 4500 quia
790 4418 943 4483 solatium
965 4427 1035 4483 tam
1055 4419 1125 4482 exi·
1178 4418 1322 4501 primum
1344 4420 1436 4503 origo
1457 4419 1685 4500 investigetur.
1728 4418 1912 4501 Praecipua
1933 4420 2022 4483 inter
2042 4440 2163 4485 eorum

145 4503 251 4567 mium
279 4504 502 4570 laborantibus
525 4503 705 4588 negemus?
751 4502 856 4584 Quasi
875 4525 953 4569 vero
973 4525 1061 4568 unus
1083 4505 1127 4569 sit
1178 4504 1399 4570 caeremonias
1421 4527 1460 4571 ea
1482 4514 1544 4580 est,
1574 4525 1674 4586 quam
1696 4503 1781 4569 dixi:
1812 4505 1903 4570 cuius
1925 4513 2057 4570 autores
2087 4527 2163 4573 esse

146 4587 323 4669 aliquande
334 4591 434 4669 visus,
446 4590 502 4672 qui
514 4591 585 4672 opis
595 4589 774 4673 quidquam
785 4588 862 4654 inde
873 4589 1038 4655 sensisset
1052 4593 1126 4669 [pag.
1178 4589 1341 4673 apestolus
1363 4611 1456 4674 nege.
1491 4591 1544 4656 Ab
1566 4589 1637 4671 ipso
1659 4589 1761 4672 igitur
1781 4590 1877 4655 initio
1895 4597 2010 4669 cessat,
2034 4591 2100 4670 vel,
2123 4601 2165 4657 ut

150 4677 225 4752 138]
247 4671 374 4737 Omitte
386 4684 466 4756 quot
477 4684 649 4758 praeterea
661 4675 793 4758 ineptiis
806 4675 925 4740 referta
938 4675 982 4740 sit
993 4675 1125 4739 histrio·

145 4759 221 4822 nica
244 4757 326 4822 hacc
347 4761 471 4824 unctio:
502 4760 568 4826 imo
595 4771 676 4845 quot
701 4761 812 4845 impiis
840 4759 1126 4844 superstitionibus

1178 4748 1383 4757 ..—.--——-—

1249 4845 1277 4911 1)
1296 4844 1368 4898 aad.
1388 4846 1433 4912 qui
1451 4851 1494 4899 est
1511 4848 1528 4899 a
1545 4845 1610 4914 due,
1629 4847 1741 4901 chanter
1758 4864 1855 4903 messe.

1247 4912 1277 4977 2)
1298 4913 1353 4966 Ed.
1369 4928 1452 4981 pem
1470 4914 1596 4967 allicient.
1634 4914 1746 4969 Gallus:
1763 4919 1916 4972 attireront.

1246 4980 1277 5048 3)
1296 4980 1341 5035 n’a
1357 4982 1404 5034 nul
1426 4981 1582 5036 fundament
1603 4983 1671 5038 dans
1689 4985 1716 5038 la
1738 4985 1845 5053 parclla
1863 4986 1896 5040 de
1914 4985 1984 5040 Dieu
2003 4994 2031 5041 et
2047 5003 2085 5043 ne
2103 4991 2162 5044 doit

215 5048 244 5109 1)
263 5048 299 5101 iln
328 5055 408 5101 urent
430 5046 463 5100 de
487 5056 562 5102 ceste
586 5050 692 5107 laniare
715 5050 748 5104 de
774 5049 939 5120 libatos-ique
963 5067 1034 5120 pour
1057 5049 1124 5105 faire
1177 5050 1255 5120 point
1273 5057 1345 5105 estre
1362 5051 1475 5117 reputee
1492 5053 1618 5106 vocation
1636 5055 1793 5121 apprcuvce
1810 5053 1844 5108 de
1861 5054 1915 5123 luy.

141 5133 214 5186 pour
231 5133 284 5173 aux
301 5117 373 5185 petis
391 5114 496 5171 enfans.
668 5186 673 5193 Ι
1246 5116 1278 5186 4)
1295 5134 1329 5174 en
1348 5126 1407 5173 cest
1423 5129 1625 5187 enmssement
1642 5121 1676 5176 ds
1694 5121 1785 5190 dcigta
1803 5130 1831 5178 et
1849 5138 1883 5178 en
1901 5139 1932 5180 ce
1950 5124 2054 5178 acuile.
