4620 5894
150 287 191 350 ro
720 274 948 345 sacreum
969 270 1264 342 nnomrmrs
1286 267 1584 338 emrsmusrs
1806 230 1810 235 ’
2119 270 2164 339 ao

148 471 206 538 bet
233 467 376 553 relinqui
403 464 574 546 indubio,
605 473 638 532 et
665 466 749 532 bene
769 466 936 544 meretur,
967 464 1131 547 quianon

148 563 221 623 erat
242 553 350 621 adhuc
370 551 560 621 conclusum
583 551 624 617 de
645 549 1023 618 transsubstantiatione.

525 738 754 795 ANTIDOTUM.

238 862 434 931 Sacerdotes
460 861 605 926 fatemur
633 859 880 943 dispensatores
909 881 980 926 esse
1007 867 1130 945 myste-

151 953 277 1016 riorum
301 950 367 1015 Dei
394 948 427 1033 (1
451 947 524 1013 Cor.
545 951 574 1026 4,
597 945 631 1030 1)
658 945 795 1028 ideoque
821 945 986 1031 legitimos
1011 965 1130 1012 coenae

149 1037 375 1103 administros:
405 1031 463 1100 sed
489 1032 656 1098 ordinatos
685 1028 810 1098 Christi
844 1038 878 1096 et
899 1032 1130 1115 {apostolorum

153 1125 233 1202 ritu,
263 1129 359 1205 atque
381 1120 482 1185 etiam
501 1120 623 1185 veteris
646 1117 810 1196 ecclesiae,
833 1118 868 1182 in
891 1139 955 1201 qua
977 1119 1046 1184 sola
1067 1119 1129 1182 im-

152 1208 268 1292 positio
290 1226 451 1271 mannum
472 1205 595 1270 usitata
616 1212 696 1284 erat,
720 1204 791 1270 sine
813 1205 976 1283 unctione,
1000 1212 1035 1270 et
1055 1204 1129 1271 ahie

151 1295 259 1379 nugis.
305 1291 504 1375 Quanquam
531 1291 566 1355 in
591 1290 797 1357 ordinatione
819 1291 896 1355 finis
923 1291 1129 1374 potissimum

152 1378 352 1464 spectandus
379 1386 442 1456 est,
472 1385 570 1460 atque
596 1376 741 1442 officium
769 1377 820 1442 cui
848 1376 1056 1442 destinantur
1078 1397 1128 1442 sa·

152 1465 300 1531 cerdotes
336 1465 422 1548 (Aet.
452 1467 501 1541 13,
527 1469 563 1540 3;
595 1464 716 1528 ΙΤίω.
742 1468 771 1541 4,
800 1467 838 1526 14
849 1485 856 1542 ;
881 1463 1002 1527 euim.
1032 1468 1058 1542 l,
1084 1462 1128 1547 6).

151 1551 317 1618 Constitui
347 1569 444 1633 porro
473 1570 514 1614 ex
542 1549 607 1614 Dei
634 1548 791 1614 mandato
820 1557 854 1613 et
881 1549 996 1632 regula
1025 1549 1129 1631 scrip-

152 1644 247 1703 turae
270 1635 404 1714 debent,
432 1655 500 1699 non
520 1633 563 1700 ad
583 1633 839 1714 immolandum,
868 1633 990 1701 sadud
1013 1656 1130 1720 regen·

152 1721 229 1788 dam
257 1721 442 1800 eeclesiam,
475 1720 741 1804 pascendumque
767 1742 902 1806 gregem
932 1721 1033 1787 verbo
1061 1719 1131 1785 Do·

153 1809 245 1886 mini,
269 1816 303 1872 et
323 1814 530 1874 sacramenta
549 1806 817 1872 administranda.
863 1807 915 1872 De
937 1804 1131 1873 absolvendi

152 1900 314 1978 potestate
336 1894 382 1960 sic
400 1891 589 1958 habendum
611 1899 670 1971 est,
693 1891 807 1958 datum
830 1891 960 1976 quidem
982 1893 1130 1958 ministe-

152 1981 240 2044 rium
267 1977 541 2045 reconciliationis
567 1979 654 2044 veris
681 1979 884 2061 pastoribus,
912 1987 952 2044 ut
973 1999 1033 2043 sua
1055 1978 1130 2044 doc·

151 2067 255 2145 trina,
277 2064 339 2130 hoc
361 2071 423 2143 est,
447 2064 611 2149 evangelii
632 2063 883 2147 praedicatione,
906 2065 1056 2131 homines
1078 2087 1130 2130 re·

152 2151 301 2218 dueendo
327 2173 402 2216 curn
422 2151 494 2215 Deo
516 2151 552 2214 iu
574 2151 731 2234 gratiam,
755 2173 775 2214 a
796 2152 938 2234 peccatis
957 2150 1131 2217 absolvant

151 2237 185 2323 (2
206 2237 280 2303 Cor.
301 2241 329 2314 5,
349 2237 415 2321 20).
451 2236 525 2301 Hoc
548 2243 659 2301 tamen
680 2257 746 2301 non
769 2236 938 2320 alligatum
962 2256 1033 2302 esse
1054 2258 1129 2319 per·

149 2323 247 2403 souis,
270 2320 329 2388 sed
349 2323 466 2387 verbo:
489 2321 634 2404 adeoque
650 2320 750 2386 verbo
770 2322 880 2405 potius
903 2343 1002 2405 quam
1024 2322 1129 2387 homi·

149 2410 247 2475 nibus
264 2429 336 2474 esse
353 2406 477 2486 datum,
499 2414 537 2473 ut
555 2428 783 2490 aquoeunque
801 2409 986 2491 proferatur
1003 2408 1129 2491 gratiae

151 2495 314 2573 remissio,
345 2500 470 2561 certam
496 2491 735 2558 absolutionem
762 2493 799 2557 in
821 2495 890 2559 foro
913 2496 1128 2559 conscientiae

152 2580 288 2646 adferat
302 2581 327 2664 ¹)
372 2578 519 2646 Tametsi
541 2579 629 2643 enim
650 2579 860 2662 peculiariter
878 2581 1033 2662 apostolis
1052 2580 1130 2646 dici-

150 2673 220 2731 tur:
239 2665 391 2747 Quorum
407 2665 600 2731 remiseritis
617 2670 757 2747 peccata,
776 2666 986 2732 remittentur
998 2665 1127 2748 (Ioann.

86 2800 92 2813 .
150 2755 201 2832 20,
221 2752 287 2835 23),
310 2758 423 2817 tamen
445 2751 553 2818 claves
577 2751 750 2819 universae
768 2752 923 2818 ecclesiae
945 2750 1040 2818 datas
1058 2773 1130 2818 esse

151 2845 337 2922 agnoscunt
365 2838 469 2904 sancti
494 2844 623 2920 patres,
657 2837 852 2902 nominatim
880 2836 1066 2924 Cyprianus
1097 2847 1130 2903 et

150 2923 375 3008 Augustinus,
388 2923 418 3006 ²)
446 2923 564 3006 quibus
593 2923 650 2988 alii
682 2925 915 2989 assentiuntur.
960 2925 1047 2991 Nam
1077 2947 1129 2990 re-

149 3008 262 3075 missio
281 3017 490 3094 peecatorum
511 3009 548 3072 in
568 3007 717 3087 Christo,
740 3030 800 3092 per
821 3030 1049 3095 quemcunque
1070 3032 1129 3076 an-

149 3097 336 3175 nuncietur,
355 3116 434 3162 vera
455 3099 507 3160 est
526 3095 695 3161 absolutio.

462 3385 728 3454 AR'PICULUS
751 3386 813 3452 IX.

313 3514 382 3595 De
413 3513 648 3596 intentione
680 3513 961 3597 consecrandi.

238 3678 321 3761 Quos
339 3683 455 3744 certum
472 3683 523 3758 eet,
547 3679 642 3744 etiam
664 3680 694 3744 si
715 3679 794 3745 molt
809 3679 937 3762 fuerint,
961 3686 990 3746 et
1006 3682 1043 3746 ia
1057 3701 1129 3765 pec·

147 3770 213 3831 cot>
235 3765 376 3845 mortali,
402 3784 580 3830 mnaeerore
600 3785 709 3830 oerum
733 3763 851 3831 Christi
878 3786 1004 3849 corpus,
1027 3769 1128 3851 atqui-

147 3852 218 3919 dem
241 3851 323 3916 eliud
344 3871 520 3917 raumara
542 3852 709 3917 intendant.

231 3989 397 4055 Probatur
419 3988 479 4054 sie:
503 3987 668 4069 Quoniam
686 3989 766 4056 alies
789 4011 1041 4074 supervacanea,
1061 3993 1127 4056 imo

145 4073 377 4140 irrationabilis
407 4080 495 4139 esset
522 4075 644 4152 cautio,
674 4075 760 4158 quod
782 4084 1026 4143 sacramentum
1049 4077 1127 4142 ado·

144 4161 212 4226 rari
240 4181 260 4225 a
287 4160 379 4227 laicis
400 4159 467 4225 fide
488 4159 648 4244 implicite
671 4161 775 4239 debet,
799 4162 860 4229 hoc
883 4169 949 4242 est,
979 4164 1039 4229 sub
1062 4165 1128 4229 ista

145 4244 386 4332 conditional)
409 4247 437 4312 si
455 4246 605 4313 sacerdos
628 4246 797 4313 celebrans
819 4250 954 4314 missam
977 4249 1128 4315 habuerit

144 4331 362 4398 intentionem
397 4332 624 4410 consecrandi,
659 4354 729 4397 non
756 4341 886 4400 tantum
914 4334 1126 4416 habitualem,

146 4416 203 4483 sed
222 4419 321 4483 etiam
340 4419 501 4485 actualem
520 4419 793 4502 praesentialiter,
813 4429 846 4486 ot
863 4422 982 4504 inipso
1003 4423 1126 4507 aetu‘)

214 4656 243 4723 1)
266 4656 364 4712 Guttae
380 4657 474 4714 addit:
491 4665 519 4713 et
536 4659 636 4714 devant
653 4660 678 4714 le
697 4661 832 4730 iugament
850 4662 883 4717 de
901 4659 978 4718 Dieu.

213 4722 244 4793 2)
262 4725 304 4780 De
323 4726 436 4795 simplic.
454 4728 652 4798 praelatorum
676 4729 776 4784 Homil.
799 4729 835 4784 50
852 4738 881 4786 et
898 4729 949 4784 124
973 4731 1123 4801 iquann.;

144 4798 208 4852 item
227 4795 261 4851 de
279 4794 365 4850 doctr.
384 4795 475 4850 christ.
492 4795 550 4850 libr.
569 4796 593 4851 1.
612 4815 671 4866 cap.
692 4797 732 4851 18.

213 4863 244 4932 3)
263 4880 328 4919 sous
346 4863 411 4918 telle
430 4864 567 4919 condition
585 4865 648 4934 qu’il
668 4867 693 4922 le
712 4869 802 4922 tienne
820 4885 891 4938 pour
907 4867 985 4923 Dieu.

213 4931 243 5001 4)
263 4932 316 4988 Car
338 4931 378 4988 s’il
396 4931 524 4988 advsnoit
545 4933 625 5002 qu'un
662 4944 749 4992 restre
773 4954 807 4992 en
824 4944 995 5007 prononqant
1018 4937 1058 4992 les
1076 4953 1123 5007 pa·

143 5001 228 5059 rolles
248 5000 484 5083 Sacramenralles,
504 5012 565 5056 eust
582 5019 633 5071 que
645 5020 697 5073 que
720 5008 821 5075 peuste
842 5011 1036 5074 exuuvagante
1053 5023 1124 5075 pour

143 5071 255 5126 divertit
272 5086 304 5126 sa
321 5070 438 5125 taumate
456 5069 581 5138 adleurs,
606 5071 746 5130 tellement
767 5074 831 5145 qu’il
853 5091 888 5130 ae
911 5081 1023 5143 pensast
1046 5076 1123 5144 point

144 5139 316 5196 trouvertir
340 5138 365 5194 le
383 5138 448 5208 pain
473 5153 506 5194 en
524 5137 613 5207 Dicu,
630 5140 705 5197 alors
729 5144 756 5199 la
775 5145 963 5200 consecration
985 5159 1019 5198 ne
1039 5144 1123 5199 seroit

141 5209 221 5278 point
239 5207 370 5277 iuridique
387 5223 422 5264 ne
440 5205 583 5263 deuement
600 5206 674 5263 faite.

1185 458 1253 528 Sed
1274 461 1449 547 opponitur
1469 468 1598 539 eontra,
1621 460 1708 543 quod
1730 460 1777 524 ita
1797 458 1949 526 sacerdos
1970 466 2082 542 posset
2103 479 2163 524 an·

1183 548 1325 614 nihilare
1353 552 1604 614 sacramentum.
1620 546 1652 630 1)’
1691 545 1745 612 Ad
1767 545 1829 612 hoc
1851 544 2047 627 respondeo,
2077 544 2164 628 quod

1185 656 1251 700 non
1280 639 1332 700 est
1353 639 1612 719 sacramentum,
1640 632 1698 698 ubi
1719 652 1787 697 non
1813 639 1864 697 est
1891 632 2038 696 intentio.
2083 632 2164 697 Pro

1184 722 1281 788 batur
1309 718 1465 787 seeundo:
1486 717 1575 800 Quia
1601 737 1841 801 supervacuae,
1868 718 1934 782 imo
1955 718 2056 782 etiam
2080 717 2164 783 stul-

1183 813 1237 872 tae
1255 814 1366 873 essent
1382 806 1588 889 quaestiones
1606 803 1786 870 doctorum:
1807 804 1835 869 ei
1853 804 1920 870 sint
1937 810 2067 869 centum
2087 804 2164 870 hos·

1183 894 1258 975 tiae,
1281 914 1356 960 cum
1378 911 1460 957 una:
1484 898 1518 957 et
1539 890 1690 957 sacerdos
1712 911 1779 955 non
1800 889 1952 955 intendat
1973 911 2164 957 consecrare

1183 980 1246 1044 nisi
1269 984 1417 1057 centum,
1447 976 1524 1062 quid
1550 977 1634 1042 iuris
1662 983 1743 1043 tuno
1765 975 1873 1042 esset?
1901 982 1934 1040 et
1962 983 2074 1041 utrum
2095 999 2165 1042 una

1183 1086 1249 1130 non
1278 1070 1447 1131 remaneat
1468 1062 1587 1147 panis?
1632 1063 1727 1142 Item,
1758 1083 1841 1145 quae
1864 1082 1907 1126 ex
1936 1062 2089 1128 omnibus
2107 1060 2163 1128 de-

1181 1152 1257 1217 beat
1279 1151 1334 1216 illo
1353 1172 1431 1216 casu
1453 1150 1600 1232 separari
1616 1169 1676 1232 pro
1693 1147 1803 1232 pane?
1828 1147 1882 1214 vel
1899 1149 2017 1232 potius,
2041 1155 2163 1229 utrum,

1183 1238 1260 1321 quia
1288 1238 1352 1302 fuit
1374 1235 1512 1302 abusiva
1533 1235 1688 1314 intentio,
1715 1235 1815 1299 fuerit
1835 1234 1987 1300 inefficax
2010 1234 2163 1301 similiter

1182 1323 1217 1387 in
1246 1321 1446 1406 omnibus‚‘²)
1474 1330 1507 1386 et
1529 1327 1678 1404 oporteat
1705 1322 1826 1386 iterum
1853 1319 2020 1404 incipere?
2065 1318 2164 1402 Quod

1182 1416 1293 1475 autem
1314 1408 1503 1474 Lutherani
1526 1408 1654 1486 dicunt,
1683 1407 1802 1473 debere
1824 1407 1911 1473 clare
1939 1413 1973 1471 et
1995 1405 2063 1472 alta
2085 1428 2165 1474 voce

1182 1494 1394 1578 pronunciari
1416 1493 1526 1571 verbe,
1546 1494 1610 1559 hoc
1631 1493 1716 1558 nihil
1738 1499 1797 1571 est,
1819 1494 1897 1576 quia
1918 1493 2024 1578 magis
2046 1513 2164 1559 conve·

1184 1581 1237 1646 nit
1259 1581 1414 1666 dignitati
1436 1580 1586 1664 mysterii
1603 1580 1702 1645 basse
1723 1600 1803 1645 voce
1825 1579 1972 1645 recitare.

1562 1800 1787 1858 aurrnoruu.
1827 1760 1833 1769 ’

1269 1925 1424 1992 Christus
1452 1945 1518 1988 non
1554 1924 1612 1987 uni
1638 1920 1732 1988 dicit:
1767 1919 1806 1986 Si
1832 1921 1991 2000 volueris,
2027 1920 2162 1989 habebis

1183 2032 1300 2094 eorpus
1320 2032 1445 2090 meum,
1469 2019 1503 2075 et
1529 2008 1602 2074 aliis
1623 2007 1728 2074 dabis:
1753 2005 1810 2074 sed
1833 2029 1908 2074 suos
1931 2007 2029 2073 simul
2049 2029 2164 2076 omnes

1183 2096 1369 2181 alloquitur,
1391 2117 1492 2180 quum
1509 2095 1673 2179 promittit
1689 2115 1724 2160 se
1748 2094 1901 2160 daturum
1919 2115 2015 2159 suum
2034 2115 2161 2177 corpus.

1183 2181 1356 2268 Siquidem
1384 2182 1425 2247 ad
1449 2202 1504 2247 eos
1528 2181 1711 2245 destinatur
1732 2180 1922 2263 promissio,
1951 2181 2072 2263 quibus
2094 2180 2163 2246 die·

1183 2276 1256 2333 tum
1278 2276 1364 2334 erat:
1386 2268 1544 2350 Accipite,
1565 2266 1772 2332 manducate.
1805 2267 1897 2351 Ergo
1916 2286 2023 2350 neque
2046 2267 2080 2331 iu
2103 2268 2162 2333 ho·

1182 2355 1282 2419 minis
1310 2355 1521 2438 quantumvis
1554 2353 1667 2435 impii,
1705 2373 1812 2434 neque
1843 2354 1877 2417 in
1909 2352 2030 2418 diaboli
2062 2354 2161 2421 etiam

1181 2447 1344 2524 potestate
1380 2449 1446 2520 est,
1483 2440 1569 2505 hanc
1601 2439 1850 2521 promissionem
1882 2438 1989 2504 fucere
2022 2439 2160 2505 irritam.

1182 2527 1291 2610 Atque
1325 2526 1389 2592 huc
1422 2527 1591 2610 pertinent
1625 2531 1759 2607 patrum
1792 2525 1984 2604 sententiae,
1995 2525 2023 2606 ³)
2060 2546 2162 2608 quum

1182 2611 1304 2692 dicunt,
1327 2620 1530 2678 sacramento
1552 2611 1636 2675 nihil
1659 2608 1799 2688 detrahi,
1821 2630 1926 2694 neque
1944 2611 2052 2693 perire
2068 2610 2162 2695 quid-

1204 2720 1282 2764 uam
1313 2698 1353 2764 de
1386 2698 1456 2764 eius
1491 2698 1630 2776 virtute,
1664 2696 1903 2780 qualiscunque
1931 2697 1975 2762 sit
1998 2697 2160 2763 minister.

1182 2720 1424 2851 Censtituimus
1445 2806 1481 2850 er
1504 2782 1622 2849 onihil
1645 2804 1716 2848 esse
1735 2781 1918 2861 absurdius,
1940 2803 2040 2865 quam
2061 2782 2161 2848 relin-

1182 2892 1283 2955 quere
1305 2871 1368 2937 hoc
1389 2873 1425 2935 in
1448 2806 1595 2948 eriritrio,
1621 2869 1674 2935 vel
1695 2870 1806 2951 potius
1827 2867 1963 2935 libidine
1981 2869 2077 2952 impii
2098 2870 2161 2935 mi·

1181 2957 1295 3036 nistri,
1318 2966 1355 3021 ut
1375 2957 1545 3022 ecclesiam
1567 2956 1675 3040 privet
1697 2953 1822 3020 Christi
1845 2955 2010 3033 beneficio,
2034 2956 2162 3039 quoties

1182 3044 1292 3109 visum
1313 3043 1420 3108 fuerit.
1465 3043 1581 3125 Neque
1599 3062 1676 3107 vero
1694 3040 1804 3106 minus
1821 3039 1999 3106 absurdum
2021 3049 2080 3120 cst,
2099 3041 2162 3108 hac

1183 3135 1342 3212 potestate
1371 3125 1539 3212 praeditos
1572 3128 1698 3210 fingere
1728 3126 1930 3206 sacerdotes,
1965 3134 2003 3192 ut
2031 3130 2161 3210 quoties

1180 3215 1342 3298 placuerit
1361 3234 1559 3293 consecrare,
1577 3213 1644 3279 illis
1655 3213 1761 3292 liceat,
1779 3213 1879 3278 etiarn
1893 3221 2023 3296 praeter
2034 3212 2161 3280 Christi

1181 3302 1381 3366 institutum.
1427 3299 1551 3366 Subest
1578 3299 1667 3364 enim
1700 3299 1873 3382 promissio
1902 3298 2072 3377 mandato,
2106 3299 2161 3367 cui

1181 3408 1311 3452 annexa
1341 3393 1399 3452 est.
1445 3384 1524 3451 Ideo
1547 3384 1673 3452 Christi
1702 3404 1820 3469 eorpus
1850 3405 1916 3449 nou
1939 3385 2072 3464 habent,
2095 3386 2161 3451 niei

1181 3475 1237 3557 qui
1272 3471 1455 3541 secundum
1487 3472 1638 3556 regulam
1672 3470 1712 3536 ab
1744 3471 1816 3554 ipso
1847 3471 1989 3553 positam
2024 3491 2162 3538 coenam

1181 3560 1356 3627 celebrant.
1402 3557 1643 3624 Censtituimus
1676 3577 1769 3641 ergo,
1808 3556 1963 3622 frivolam
1997 3563 2031 3622 et
2063 3557 2160 3623 nihili

1180 3664 1252 3713 esse
1274 3645 1558 3723 consecrationem,
1581 3643 1639 3709 ubi
1660 3642 1811 3708 sacerdos
1834 3640 1895 3707 sibi
1917 3643 1988 3722 soli,
2011 3664 2161 3711 seorsum

1181 3734 1221 3798 ab
1251 3732 1339 3810 aliis,
1375 3752 1565 3797 consecrare
1598 3728 1704 3794 audet.
1749 3729 1864 3812 Neque
1898 3730 1986 3794 enim
2013 3732 2160 3815 magicae

1180 3817 1413 3884 incantationis
1450 3816 1548 3882 verba
1575 3821 1667 3881 sunt:
1701 3812 1775 3880 Hoc
1803 3823 1853 3880 est
1882 3835 2000 3900 corpus
2032 3837 2158 3882 meum:

1181 3904 1238 3970 sed
1261 3902 1512 3987 promissionem
1530 3902 1708 3980 continent,
1732 3901 1853 3967 actioni
1871 3922 1891 3966 a
1908 3900 2041 3968 Christo
2063 3903 2160 3968 insti·

1181 3997 1272 4055 tutae
1311 3989 1521 4055 servientem.
1566 3985 1664 4054 Unde
1704 3993 1737 4052 et
1769 3986 1850 4052 illud
1882 4002 2055 4072 perperam
2088 3989 2161 4055 fieri

1180 4082 1324 4155 constet,
1352 4074 1438 4158 quod
1466 4074 1533 4141 levi
1554 4093 1689 4139 susurro
1718 4072 2028 4154 denumerantur,
2056 4096 2160 4158 quum

1179 4161 1289 4246 palam
1312 4161 1401 4227 clara
1422 4182 1501 4228 voce
1523 4160 1736 4244 pronunciari
1763 4159 1918 4225 debeant:
1949 4160 2038 4225 sicut
2058 4160 2159 4225 etiam

1180 4268 1222 4313 ex
1249 4255 1406 4314 contextu
1439 4255 1546 4330 patet:
1573 4247 1738 4329 Accipite,
1773 4245 1985 4324 manducate,
2019 4244 2081 4313 hoo
2109 4253 2159 4313 est

1179 4355 1297 4418 eorpus
1331 4355 1452 4400 meum.
1498 4332 1574 4416 Qua
1606 4333 1734 4398 ratione
1761 4333 1972 4416 Augustinus
1980 4337 2009 4416 ⁴)
2045 4353 2158 4399 conee-

1177 4421 1334 4573 Sationis
1356 4421 1494 4488 verbum
1517 4419 1674 4503 appellat,
1697 4419 1836 4484 verbum
1858 4418 1936 4484 fidei
1954 4417 2040 4502 quod
2062 4439 2157 4502 prae-

1201 4509 1313 4574 catur.

1179 4726 1382 4734 --—-——-

1243 4866 1276 4948 ο1)
1295 4873 1323 4922 et
1340 4864 1421 4935 qu’on
1445 4883 1479 4923 eu
1503 4866 1587 4923 seroit
1608 4867 1685 4935 privt
1707 4872 1799 4921 tontes
1822 4860 1875 4920 fois
1894 4873 1922 4920 et
1939 4871 2054 4935 quantes
2073 4868 2089 4920 t
2107 4880 2156 4921 son

1177 4936 1273 5087 credit}
1293 5013 1321 5060 et
1338 5004 1401 5075 qu’il
1425 5006 1466 5061 les
1484 5005 1558 5060 laille
1583 5003 1651 5058 faire
1676 5017 1773 5072 passer
1797 5003 1933 5058 ensemble
1953 5019 2073 5058 seusun
2090 5000 2154 5069 fide·

1175 5074 1273 5208 humi)
1292 5143 1360 5211 Aug.
1378 5141 1406 5195 in
1426 5141 1547 5197 omnibus
1566 5141 1640 5195 libris
1660 5148 1755 5195 eontra
1772 5137 1929 5195 Donatistae
1947 5148 1976 5196 et
1993 5139 2069 5195 alibi.

1242 5210 1273 5277 4)
1292 5210 1391 5267 Homil.
1407 5211 1435 5265 in
1451 5210 1545 5266 loann.
1563 5207 1605 5264 80.
