4590 5902
143 222 206 286 too
964 217 1064 285 cliii
1086 215 1335 284 eurinouo.
2095 221 2158 286 506

145 430 221 476 oum
245 409 382 492 quisque
404 414 545 492 reputet,
567 407 685 492 quibus
706 406 763 474 illa
780 407 901 473 finibus
919 407 1126 486 terminetur,
1177 403 1278 471 bino?
1292 405 1315 486 ¹)
1362 405 1427 473 Ubi
1454 405 1512 472 ills
1538 405 1698 493 Cypriani
1735 406 1913 472 sententia:
1949 405 2064 474 Unum
2086 429 2159 475 esse

146 493 200 561 vel
228 515 400 578 quousque
430 500 553 577 pateat.
597 493 673 560 Non
700 493 895 559 tantundem
924 494 1013 560 valet
1040 493 1127 558 eius·
1177 490 1304 557 Christi
1330 493 1567 576 episeopetum,
1602 494 1696 559 ouius
1728 514 1748 558 a
1775 492 1917 576 singulis
1949 494 1985 558 in
2015 493 2158 560 solidum

146 580 236 647 modi
263 581 440 664 praefatio,
469 601 507 647 eo
536 580 566 645 si
590 600 695 663 popae
720 579 849 646 lioitum
877 598 949 645 esse
975 577 1128 645 iuberent
1177 597 1256 661 pars
1293 577 1486 661 tenetur?²)
1540 577 1665 645 Scribit
1701 578 1910 658 Bernardus,
1950 599 2160 648 eommunem

166 665 231 733 uod
251 665 407 732 libuerit?
453 664 569 747 Quale,
592 665 735 744 obsecro,
755 665 853 731 malis
875 664 1058 731 remedium
1079 665 1127 730 ef·
1178 684 1238 730 suo
1259 671 1407 747 tempore
1428 664 1528 731 fiiisse
1545 660 1803 748 querimoniam,
1830 665 1978 730 mensori
2005 674 2040 730 et
2059 666 2160 732 muti·

244 762 269 831 t,
292 753 339 819 sie
361 750 512 837 agendo?
548 751 663 836 Neque
683 751 772 817 enim
790 771 903 817 eorum
922 771 1006 834 quae
1027 751 1127 817 eorri-
1177 748 1241 815 lari
1259 749 1422 830 eeclesias,
1445 749 1531 835 quod
1552 770 1711 816 romanus
1732 750 1905 835 episeopus
1926 751 2076 816 omnium
2097 772 2156 835 po·

146 837 256 925 genda
277 838 470 922 suseipiunt,
494 836 674 921 quidquam
696 837 858 903 haetenus
879 837 1038 903 usitatum
1054 837 1127 916 fnit,
1178 842 1332 902 testatem
1353 835 1395 901 sd
1417 858 1453 903 se
1474 836 1635 903 trahendo
1657 834 1789 902 ordines
1811 835 2076 922 eonfunderet³)
2110 836 2159 904 Ut

145 934 204 991 ιιιιι
226 942 306 990 nem
327 924 495 990 eommuni
518 924 590 989 iure
612 923 822 1007 permissum:
850 922 908 989 sed
930 921 1016 1006 quod
1037 922 1128 1007 leges
1178 920 1350 988 medeatur
1371 923 1449 988 huie
1470 922 1558 988 melo
1583 942 1678 989 saera
1704 919 1853 1007 synodus
1875 922 1968 989 iubet
1990 923 2159 1007 episeopoe

144 1031 206 1095 pro
233 1008 376 1088 babent,
387 1008 687 1094 dispensationibus
699 1009 852 1076 effaetum
863 1017 923 1088 est,
942 1018 981 1073 ut
993 1009 1128 1093 impune
1179 1028 1250 1073 esse
1272 1029 1375 1091 papae
1398 1008 1546 1076 vinarios.
1555 1009 1584 1087 ⁴)

143 1097 250 1164 fieret.
294 1095 412 1179 Itaque
445 1117 618 1179 nunquam
651 1096 833 1174 iaetarunt,
847 1095 872 1179 ¹)
910 1115 945 1160 se
977 1093 1129 1179 regulam
1267 1098 1341 1174 [pag.
1360 1100 1436 1175 288]
1459 1095 1542 1178 Ego,
1564 1095 1599 1161 in
1617 1093 1817 1179 exagitanda
1833 1094 1968 1160 illorum
1984 1094 2160 1180 impuden-

143 1182 251 1267 ipsem
274 1189 403 1248 tenere:
425 1181 483 1248 sed
505 1183 582 1264 quia
604 1180 731 1267 legibus
754 1180 853 1246 soluti
875 1188 979 1260 erent,
1001 1179 1128 1246 linitum
1180 1180 1235 1258 tia,
1256 1200 1324 1245 uon
1345 1180 1420 1263 plus
1443 1201 1571 1247 sumam
1594 1200 1720 1263 operae.
1765 1178 1835 1247 Sed
1852 1201 1955 1264 quum
1974 1202 2070 1248 nemo
2087 1202 2158 1247 non

169 1274 324 1346 uterunt,
352 1265 438 1351 qnod
460 1288 520 1352 per
542 1287 578 1333 se
599 1266 783 1351 legitimum
811 1265 932 1350 alioqui
959 1286 1027 1332 non
1048 1274 1127 1331 eret.
1180 1264 1305 1344 videet,
1328 1286 1400 1332 esse
1420 1266 1498 1349 plus
1520 1286 1620 1350 quem
1642 1265 1844 1349 deploratos:
1873 1266 2021 1351 quisquis
2043 1268 2159 1351 sapiet,

143 1289 246 1421 buno
274 1361 394 1421 esseut
414 1352 574 1437 Neptunii
601 1361 727 1436 patres,
756 1373 799 1416 ne
827 1354 870 1418 eit
896 1354 932 1416 in
960 1363 1129 1436 posterum
1154 1392 1156 1401 =
1180 1371 1248 1416 non
1270 1351 1606 1434 ampliuemorabitur
1618 1372 1733 1418 eorum
1754 1352 1895 1433 deoreto,
1917 1352 2160 1419 utindefidem

143 1438 283 1508 melius:
313 1460 416 1523 quum
439 1439 561 1506 diserte
584 1439 768 1522 exeipiunt‚
798 1459 841 1504 ne
863 1437 942 1521 quid
961 1439 1130 1504 minuetur
1180 1435 1301 1503 habeat
1330 1459 1533 1523 suspensam.
1577 1439 1678 1504 Esset
1707 1438 1839 1521 quidem
1871 1438 2016 1504 maxime
2042 1446 2160 1521 opten-

145 1547 190 1593 ιι
222 1545 380 1591 romanae
409 1527 519 1591 ouriee
551 1526 714 1608 potentia:
754 1545 834 1590 nam
866 1533 905 1588 ιιι
937 1523 1029 1589 mille
1061 1524 1129 1590 iam
1180 1520 1274 1602 dum,
1302 1522 1537 1604 dissensiones,
1567 1524 1684 1609 quibus
1711 1522 1808 1590 hodie
1835 1525 1989 1590 turbetur
2011 1524 2158 1606 eoelesie,

144 1618 324 1678 neoteumr
344 1610 456 1696 legum
478 1609 566 1689 nodi,
589 1617 739 1676 exsertus
761 1617 813 1675 est
829 1609 1013 1676 Alexandri
1030 1611 1127 1688 ensis,
1179 1609 1251 1691 piae
1274 1608 1393 1693 synodi
1415 1612 1591 1677 autoritate
1612 1611 1776 1693 eomponi:
1803 1631 1937 1689 verum,
1965 1618 2078 1676 utres
2098 1610 2159 1676 lra-

146 1698 204 1782 qni
238 1697 338 1763 simul
371 1717 485 1763 omnes
518 1695 692 1764 resoindat
748 1696 803 1761 An
836 1704 990 1780 poterent
1021 1698 1129 1780 magis
1179 1694 1267 1773 bent,
1287 1693 1435 1761 nondum
1456 1695 1491 1760 id
1513 1716 1646 1780 sperare
1663 1696 1749 1762 lioet.
1784 1695 1937 1775 Proinde,
1960 1716 2063 1780 quum
2081 1696 2160 1762 hor·

144 1790 260 1868 aperte
282 1780 423 1849 illudere
434 1782 506 1848 orbi
524 1780 725 1849 christiano?
759 1780 850 1862 Quid
873 1781 945 1848 dieo
967 1779 1127 1847 illudere?
1179 1780 1319 1865 rendum
1342 1782 1377 1846 in
1395 1779 1529 1848 modum
1540 1782 1717 1866 dissipatae
1734 1784 1803 1848 sint
1823 1781 1988 1862 eoelesiae,
2010 1802 2072 1848 neo
2090 1781 2159 1850 ulls

143 1870 202 1935 An
223 1868 422 1935 oontumelia
448 1869 571 1934 maiore
601 1868 762 1935 insultare
784 1875 938 1951 poterant
966 1868 1127 1933 bonorum
1178 1886 1253 1949 spes
1271 1866 1473 1952 colligendae
1491 1867 1703 1951 dispersionis
1722 1867 1763 1933 ab
1780 1867 1970 1934 hominibus
1987 1876 2159 1951 appareat:

144 1955 402 2039 exspectationi,
431 1976 532 2038 quum
563 1956 610 2019 ita
637 1954 784 2037 praecise
811 1952 1012 2036 barbaroque
1040 1954 1127 2018 festu
1152 2006 1155 2049 Ι
1179 1953 1317 2037 singulis
1340 1953 1424 2018 nihil
1445 1961 1497 2020 est
1518 1956 1645 2035 melius,
1668 1975 1768 2037 quam
1790 1954 1833 2018 ad
1856 1954 2018 2020 vexillum
2040 1975 2158 2039 prope-

145 2055 215 2107 ιιιιι
237 2040 416 2107 effrenatae
438 2060 543 2124 papae
562 2040 729 2125 tyrannidi
749 2038 883 2104 modum
901 2061 936 2105 se
953 2038 1126 2122 impositu·
1177 2059 1253 2104 rare
1319 2038 1383 2104 uod
1404 2040 1499 2107 nobis
1526 2042 1614 2106 filius
1635 2042 1700 2107 Dei
1723 2041 1885 2124 proponit.
1930 2040 1997 2106 Hie
2017 2061 2087 2105 non
2108 2048 2160 2107 est
2274 2060 2281 2073 ·

145 2147 200 2193 ros
221 2125 368 2212 negent?
414 2125 591 2209 Utrunque
612 2126 679 2192 iam
701 2125 743 2189 ed
768 2125 880 2190 omnia
906 2124 995 2190 mela
1021 2125 1126 2192 ιιοιι·
1151 2072 1154 2201 l
1176 2089 1268 2207 quod
1329 2125 1443 2192 ialios
1471 2135 1671 2211 exspectent
1717 2127 1766 2193 Ut
1793 2127 1932 2209 quisque
1960 2126 2159 2192 eminentem
2206 2182 2210 2191 .

144 2211 285 2292 luerint,
312 2213 367 2295 qui
399 2211 460 2277 sub
487 2220 610 2296 papatu
635 2211 777 2295 degunt,
809 2209 933 2277 dioeres
956 2215 1031 2290 [pag.
1051 2215 1126 2290 287]
1175 2210 1356 2293 scripturae
1377 2210 1486 2277 luoem
1506 2212 1793 2292 animadverterit,
1825 2233 1864 2278 eo
1882 2233 1961 2278 mox
1992 2219 2158 2295 sequatur.

145 2304 258 2364 temen
277 2296 341 2364 heo
362 2319 430 2364 una
451 2299 488 2362 in
509 2308 603 2382 parte
621 2298 789 2363 servitutis
807 2296 934 2375 oblitos,
956 2296 1042 2380 quod
1059 2318 1126 2362 non
1175 2293 1273 2376 Quod
1295 2307 1407 2362 autem
1428 2297 1470 2363 ed
1491 2299 1685 2365 universum
1706 2298 1863 2365 eeclesiae
1886 2319 2005 2382 eorpus
2027 2299 2155 2378 attinet,

144 2382 243 2450 modo
271 2382 394 2450 liberos
421 2384 580 2468 gemitus,
615 2381 672 2450 sed
700 2382 784 2448 altos
813 2382 973 2448 clamores
1001 2384 1125 2466 passim
1176 2381 1246 2448 eius
1268 2402 1381 2448 orarem
1403 2381 1547 2450 Domino
1569 2384 1844 2452 oommendemus.
1889 2383 1966 2450 Non
1984 2385 2088 2449 simus
2104 2383 2157 2449 in·

144 2468 265 2536 edunt:
304 2466 603 2554 dispensationibus
640 2469 803 2552 perditam
839 2489 911 2536 esse
945 2467 1123 2535 ecelesiam.
1175 2474 1266 2533 teres
1292 2466 1430 2549 resides,
1459 2491 1519 2536 neo
1549 2472 1670 2538 seeuri:
1699 2490 1761 2554 pro
1787 2490 1823 2537 se
1851 2471 1989 2554 quisque
2011 2477 2155 2554 sataget:

143 2554 311 2623 Conversi
332 2563 412 2621 sunt
433 2557 581 2620 omnium
604 2554 692 2621 oouli
714 2555 746 2619 in
776 2554 982 2620 venerandos
1003 2561 1124 2637 patres,
1175 2554 1380 2621 eonforamus
1408 2554 1567 2640 quidquid
1601 2558 1636 2621 in
1667 2557 1762 2622 nobis
1789 2565 1840 2622 est
1871 2555 2015 2634 consilii,
2044 2554 2156 2637 studii,

143 2642 238 2726 quasi
265 2641 374 2708 severi
401 2640 607 2725 animosique
636 2662 802 2721 eepsores,
839 2640 881 2706 ad
908 2637 1124 2706 cohibendam
1174 2638 1368 2706 facultatum
1385 2641 1536 2725 denique,
1558 2642 1600 2708 ad
1617 2640 1851 2709 instaurandas
1864 2641 2021 2708 ecelesiae
2033 2642 2156 2708 ιιιιιιιι.

143 2725 305 2795 musmodi
333 2725 517 2805 libidinem,
551 2726 697 2793 sedeant.
742 2724 990 2808 Sesquiannum
1020 2725 1124 2792 medi·
1175 2722 1243 2790 Sed
1271 2726 1307 2790 in
1337 2726 1435 2792 rebus
1462 2736 1530 2793 tom
1565 2727 1746 2812 desperatis
1779 2735 1945 2795 sustentet
1971 2748 2032 2794 nos
2059 2734 2157 2811 atque
2227 2726 2231 2733 '

141 2814 213 2893 teti,
235 2811 371 2879 tendam
392 2813 627 2898 pronuntiant,
656 2813 719 2878 sibi
739 2812 870 2896 plaeere
892 2818 1039 2879 veterem
1060 2811 1124 2878 dis-
1175 2812 1299 2877 animet
1320 2813 1385 2878 iste
1405 2816 1590 2897 promissio:
1613 2815 1691 2898 quia
1711 2835 1809 2880 nemo
1830 2813 1940 2899 prodit
1961 2835 2004 2880 ex
2015 2813 2158 2880 homini·

142 2899 317 2984 eiplinam,
349 2898 447 2964 modo
483 2898 552 2965 sedi
586 2898 782 2982 apostolieae
814 2898 865 2964 ius
898 2896 1122 2981 dispensandi,
1147 2879 1150 2980 l
1173 2894 1245 2978 bus,
1268 2899 1325 2981 qui
1346 2899 1417 2979 has,
1441 2900 1530 2967 virili
1551 2908 1586 2966 et
1605 2901 1736 2967 heroieo
1758 2903 1886 2981 animo,
1915 2909 2027 2983 partes
2053 2900 2157 2966 susti·

141 2985 241 3070 quale
258 2984 331 3063 fnit,
350 2990 493 3051 maneat.
538 2984 612 3050 Hoe
635 2993 685 3051 est
707 2983 828 3051 dieere:
851 2992 889 3048 ut
910 2992 1047 3049 eatenus
1069 3007 1123 3049 ra·
1173 2983 1251 3065 piat,
1274 2985 1353 3064 fore,
1372 2993 1411 3050 ut
1421 2984 1585 3053 Dominus
1606 3009 1668 3053 sua
1684 2987 1813 3052 iustitia
1830 2994 1985 3064 armatus,
2006 2985 2156 3051 broebio-

139 3080 196 3137 tao
216 3071 287 3138 sint
311 3070 416 3156 leges,
445 3092 488 3136 ue
516 3072 662 3155 gratuite
690 3071 734 3136 eit
760 3070 910 3148 libertas,
938 3069 995 3135 sed
1017 3069 1123 3153 pretio
1172 3088 1237 3151 que
1258 3090 1317 3136 suo
1334 3071 1525 3151 instructus,
1548 3072 1909 3158 omniesolusperagat
1930 3071 2008 3153 (Ies.
2024 3075 2075 3149 59,
2091 3069 2154 3155 lt).

138 3156 371 3240 redimitum
414 3157 460 3222 Ιιι
482 3178 533 3236 ne,
556 3156 758 3223 verecundia
778 3155 972 3239 impeditus,
1002 3177 1122 3240 parum
1177 3201 1374 3211 --.

139 3242 298 3311 memor
325 3250 478 3309 erereeet
511 3263 598 3327 pepe
630 3242 716 3307 hane
744 3249 956 3326 potestatem,
986 3242 1121 3307 titulum
1242 3273 1272 3340 1)
1290 3275 1400 3331 Hieron.
1420 3277 1455 3331 m
1469 3277 1622 3347 Eum-m

138 3326 341 3397 universalis
362 3330 514 3413 episcopi,
538 3349 637 3412 quem
661 3327 845 3412 Gregorius
867 3328 1046 3405 nefarium,
1069 3348 1121 3393 ⁵³·
1240 3341 1272 3402 2)
1291 3344 1414 3414 Cypriae.
1433 3346 1466 3401 de
1485 3347 1655 3411 simplicitate
1692 3346 1866 3400 racharum.

135 3415 200 3483 eril
307 3466 317 3495 ,
353 3415 542 3493 seelestum,
584 3415 886 3498 praenunciumque
923 3413 1122 3479 Antichristi
1241 3411 1272 3476 3)
1292 3412 1422 3481 Βθιιιιιςι.
1441 3414 1474 3468 de
1493 3415 1595 3470 consid.
1613 3415 1648 3469 ad
1691 3430 1768 3484 egen.
1787 3413 1846 3467 libr.
1864 3411 1889 3468 3.

135 3520 181 3586 ⁸1>

236 3501 299 3581 ιι
338 3500 477 3567 ιιι
509 3500 558 3565 ι
596 3502 807 3578 ιιι
847 3499 927 3565 ιι
959 3498 1120 3599 ιιι
1301 3481 1449 3620 teti,
1466 3480 2156 3623 ritemotiositates:

246 3585 349 3686 dimi,
360 3587 569 3671 relinquunt,
593 3606 698 3684 ,quam
720 3594 758 3651 Ut
779 3587 847 3651 Sint
868 3585 974 3685 infliUS
996 3605 1120 3651 me-
1172 3616 1222 3672 des
1238 3617 1394 3687 Eveeques,
1418 3626 1447 3675 et
1464 3638 1516 3691 que
1535 3623 1655 3677 chascnn
1672 3629 1734 3677 eust
1751 3629 1847 3676 retenn
1866 3637 1898 3675 sa
1914 3619 2066 3675 iuridietion
2086 3619 2156 3675 ordi-

132 3671 205 3741 libi
226 3693 316 3740 nuno
339 3672 412 3753 ille,
435 3686 533 3756 quem
554 3672 780 3758 Hieronymus
802 3670 979 3756 praed1eat,
1002 3691 1121 3754 eaqua-
1171 3686 1256 3767 noire,
1272 3703 1339 3767 sans
1356 3690 1465 3744 usaue
1500 3691 1552 3745 Gar
1575 3691 1609 3746 de
1633 3698 1697 3746 tous
1715 3697 1775 3745 tent
1792 3689 1872 3758 qu’ilz
1897 3696 1960 3744 sont
1977 3705 2013 3744 on
2030 3689 2156 3759 pourroit

133 3757 233 3837 ’Μ’
273 3758 353 3825 ‘¹¹¹³'
389 3754 1121 3843 ¹⁰¹¹¹²¹¹¹¹m⁰1³³⁸⁰⁰P⁰¹¹¹⁰⁰¹¹¹P³¹²¹⁵E⁰⁸¹¹'
1171 3754 1237 3877 titi
1257 3757 1674 3885 iiitiltl‘iiiiiii‘
1687 3756 2155 3883 linititttiiiiiliiii

128 3924 338 3934 ----
1045 3932 1049 3939 .
1172 3840 1297 4015 allatii}
1321 3894 1361 3949 les
1384 3895 1446 3963 plus
1466 3844 1597 3980 ignorans
1615 3871 1647 3953 et
1661 3897 1702 3952 les
1719 3897 1781 3967 plns
1798 3896 1891 3966 bigote
1909 3895 2056 3976 entendept
2073 3891 2154 3964 qn’ile

1171 3968 1236 4015 sont
1273 3977 1318 4016 ιιιι
1341 3971 1480 4032 tromper,
1501 3965 1561 4022 ιἰιιι
1584 3966 1727 4022 attendent
1748 3964 1812 4034 quel
1831 3982 1865 4020 ue
1894 3963 2071 4019 reformator
2093 3960 2157 4017 d’en

205 4029 241 4113 l)⁸
255 4028 378 4086 scirem
402 4048 470 4088 ceux
492 4032 538 4102 qui
557 4039 605 4087 ont
620 4030 796 4100 {musgresse
819 4031 861 4086 les
879 4046 980 4087 canons
997 4030 1117 4100 enciens,
1170 4029 1208 4083 tel
1228 4028 1353 4100 (lonella,
1375 4048 1445 4100 pour
1465 4035 1574 4090 radeire
1597 4036 1689 4091 l‘estat
1712 4034 1746 4090 de
1770 4032 1798 4087 ιι
1812 3981 1988 4088 dhrestiente
2005 4033 2023 4086 ι
2039 4031 2156 4153 qualique

122 4105 164 4156 ut
180 4098 251 4156 derat
269 4098 377 4156 Gallos.
1171 4096 1251 4152 ordre
1274 4098 1413 4156 conforme
1431 4103 1449 4156 ι
1466 4104 1544 4174 celuy
1566 4104 1660 4175 qe’ont
1681 4110 1747 4159 tenu
1774 4102 1816 4158 les
1841 4102 1926 4157 Peras
1948 4115 2073 4169 ιιιιιοιιι,
2113 4114 2156 4154 es·

202 4167 235 4235 2)
251 4168 328 4224 Adel
345 4183 449 4226 somme
467 4171 501 4226 de
519 4175 668 4227 comune.
1170 4165 1251 4234 quala
1269 4165 1309 4222 les
1327 4166 1523 4240 Romanisqnes
1539 4172 1600 4230 font
1616 4174 1676 4232 leur
1692 4170 1778 4242 pand
1795 4169 1929 4226 bonolier.

1039 4541 1129 4610 nie.
1152 4542 1251 4610 VIII.

696 4668 943 4781 Loquimini
974 4695 1224 4776 sermonem,
1255 4681 1302 4753 et
1331 4700 1416 4754 non
1447 4671 1591 4756 stabit.
