4620 5894
94 234 160 330 eds
923 259 1023 327 aaut
1044 256 1295 366 malsono,
2049 261 2117 323 eae

94 451 272 529 evanescit,
291 450 347 532 qui
369 470 433 514 usu
454 449 525 531 ipso
547 457 698 532 pereunt.
743 448 819 527 Ubi,
840 466 969 532 quaeso,
990 446 1079 531 lege-
1131 456 1170 509 ut
1190 445 1367 530 praeterito
1393 466 1461 511 une
1482 447 1548 511 Dei
1576 453 1609 512 et
1630 448 1804 512 hominum
1832 446 2025 528 mediatore,
2055 471 2117 516 no·

93 544 183 615 runt,
198 536 382 602 Dominum
399 535 499 599 talem
509 533 757 601 commendasse
774 534 891 598 mortis
913 552 992 597 suae
1011 553 1080 596 me·
1131 532 1284 596 minutim
1305 539 1501 597 enumerent
1520 553 1601 616 quos
1621 535 1686 609 sibi
1707 537 1879 599 finxerunt
1895 555 1955 617 pro
1978 556 2037 601 suo
2060 557 2114 601 ar·

94 621 256 690 monam?
302 620 393 702 Quin
415 622 524 704 potins
547 625 621 700 [pag.
646 626 700 700 79]
719 618 897 696 moriendo,
921 616 1080 701 quidquid
1104 667 1107 683 .
1132 617 1245 696 bitrio,
1286 627 1319 681 et
1351 615 1486 682 tandem
1519 620 1711 686 universum
1745 626 1935 686 sanatorum
1966 620 2113 701 chorum,

93 709 161 774 tale
182 716 242 786 est,
265 705 445 791 abrogavit
491 704 581 786 Quid
603 726 681 789 ergo
711 706 751 771 de
772 703 1080 789 praeparationibus
1104 686 1107 801 Ι
1131 703 1225 786 quasi
1247 724 1314 768 una
1336 703 1489 769 fasciculo
1511 704 1701 790 colligatum
1718 705 1895 773 invocent?
1909 704 1935 789 ¹)
1979 706 2028 773 Ut
2049 707 2115 773 dis-

94 795 170 861 istis
191 790 382 871 dicendum,
407 791 526 875 quibus
548 793 702 874 spiritum
725 800 878 858 sanctum
898 789 1017 854 elicere
1039 788 1080 854 de
1132 788 1247 854 cedere
1274 788 1337 854 sibi
1369 791 1564 873 permittant
1591 812 1611 856 a
1638 813 1722 875 pura
1753 792 1919 876 evangelii
1952 791 2114 858 doctrina:

95 880 186 948 coelo
208 879 338 946 velunt:
360 877 425 943 nisi
448 878 554 942 fatuas
572 898 644 943 esse
662 877 922 961 superstitiones,
945 873 986 939 de
1007 874 1079 958 qui·
1132 883 1220 940 certe
1241 896 1305 957 quo
1334 881 1482 958 tempore
1508 897 1546 941 ea
1574 898 1678 959 usque
1704 878 1894 943 invaluerat
1915 879 2115 961 superstitio,

95 967 157 1032 bus
185 965 228 1031 ad
254 966 363 1030 iocum
391 960 541 1029 sedentes
570 983 645 1027 cum
672 963 749 1027 lana
776 972 810 1026 et
830 961 903 1028 calu
930 961 1080 1026 aniculae
1104 1006 1107 1079 3
1132 968 1170 1024 ut
1190 969 1315 1025 rectam
1332 959 1455 1025 lineam
1472 967 1665 1028 tenerenon
1682 972 1815 1046 possent
1832 965 1938 1029 sancti
1956 972 2113 1048 pastores,

95 1049 309 1118 fabulantur?
337 1048 546 1116 Eisdemum
560 1049 747 1132 adiungunt
767 1047 914 1112 litanias:
936 1046 999 1112 hoc
1020 1054 1078 1125 est,
1132 1044 1263 1111 disertis
1295 1053 1407 1111 tamen
1441 1048 1552 1113 verbis
1581 1048 1781 1130 prohibitum
1812 1049 1874 1113 luit
1903 1051 1940 1113 in
1974 1051 2112 1116 coneilio

95 1145 252 1204 centones
269 1159 311 1202 ex
331 1135 467 1200 tetidem
486 1134 698 1216 blasphemiis
717 1141 877 1210 consutos,
902 1139 983 1215 quot
1004 1153 1080 1196 ver·
1132 1130 1398 1215 Carthaginensi,
1420 1152 1464 1196 ne
1486 1135 1590 1199 sancti
1613 1134 1654 1198 ad
1678 1135 1780 1199 altare
1801 1135 2050 1202 invocarentur:
2080 1148 2114 1201 et

95 1223 155 1289 bis.
201 1222 277 1304 Quo
303 1222 393 1287 enim
419 1219 526 1284 calore
554 1221 774 1296 excusabunt,
807 1218 1017 1301 quodquam
1039 1216 1080 1281 de
1132 1237 1174 1280 ne
1197 1217 1282 1282 hene
1304 1237 1420 1282 vocem
1437 1220 1622 1300 proferrent
1643 1220 1842 1286 sacerdotes:
1863 1219 1986 1285 Sancte
2003 1223 2113 1302 Patre,

95 1309 224 1377 (ihr-isti
249 1307 485 1373 intercessione
514 1306 582 1371 illia
605 1306 710 1370 altum
734 1305 777 1370 sit
805 1305 992 1381 silentium,
1021 1302 1079 1367 ad·
1133 1303 1185 1367 vel
1207 1303 1321 1382 Paule,
1343 1324 1401 1367 era
1422 1324 1482 1386 pro
1504 1305 1608 1370 nobis.
1650 1303 1768 1386 Qualis
1789 1328 1878 1371 nune
1900 1307 1941 1371 ab
1963 1307 2016 1372 his
2038 1327 2113 1389 epe·

95 1402 286 1462 vocatorum
304 1394 367 1458 sibi
389 1392 571 1470 centurias,
595 1390 772 1473 exquibus
793 1390 912 1456 volunt
933 1389 1080 1468 mortuis,
1132 1388 1238 1453 rande
1258 1389 1456 1465 reformatio,
1478 1391 1534 1472 qni
1552 1411 1571 1454 a
1592 1391 1738 1474 corrupti
1756 1392 1878 1456 saeculi
1896 1392 1987 1458 vitiis
2003 1399 2113 1456 tanto·

96 1479 268 1565 deligunt?
282 1480 305 1559 ¹)
343 1477 432 1559 Quid
453 1476 525 1555 hoc,
548 1477 602 1542 vel
624 1499 699 1542 eum
717 1477 898 1560 scripturae
920 1475 1078 1551 doctrina,
1105 1512 1107 1607 1
1132 1494 1210 1556 pere
1232 1475 1266 1539 in
1288 1475 1382 1558 peius
1405 1473 1670 1560 degenerant?²)

94 1566 151 1633 vel
178 1586 254 1632 cum
282 1564 451 1630 veteribus
479 1564 607 1645 piorum
635 1563 795 1628 institutis
823 1561 929 1628 simile
957 1561 1057 1626 babet

95 1871 288 1940 PRIMUM
311 1870 569 1938 DEORETUM
597 1869 904 1938 PUBLIOA'I'UM
931 1867 981 1933 IN
1009 1866 1183 1932 TERTIA
1205 1864 1432 1933 SESSIONE
1461 1868 1782 1934 'PRIDENTINAE
1806 1865 2003 1950 SYNODI,
2030 1870 2113 1938 DIE

718 1970 858 2051 IOVIS,
879 1971 940 2037 IV.
964 1969 1228 2037 ssBRUARH
1248 1969 1490 2052 Mnxnw)

185 2168 262 2243 [pag.
281 2166 335 2242 80]
364 2162 409 2227 In
429 2162 554 2228 nomine
575 2167 701 2227 sanetae
713 2168 741 2226 et
761 2162 947 2227 individuae
972 2160 1079 2225 Trini
1105 2160 1108 2225 t
1131 2158 1229 2241 noni)
1251 2159 1443 2238 muneniunt,
1466 2179 1503 2224 ac
1522 2159 1762 2241 fundarnentnm
1781 2160 1910 2241 firmum
1931 2167 1960 2229 et
1980 2163 2111 2228 reanum

98 2252 183 2329 tatis,
207 2248 327 2328 Patris,
349 2254 378 2313 et
400 2247 491 2326 Filii,
514 2253 543 2313 et
566 2246 709 2328 Spiritus
730 2249 838 2313 sancti.
864 2246 953 2312 Haec
973 2264 1079 2310 sacro-
1104 2230 1107 2331 l
1130 2249 1237 2308 cantra
1258 2246 1339 2324 qnod
1358 2251 1466 2327 portae
1488 2245 1586 2328 inferi
1613 2265 1775 2326 nunquam
1791 2248 2026 2328 praevalebant,
2048 2250 2112 2332 et⁴)

99 2335 505 2414 nonannoeane
529 2334 685 2416 perieralis
710 2333 899 2398 Tridentino
923 2332 1078 2416 Synedus‚
1104 2336 1107 2391 t
1131 2329 1256 2395 totidem
1286 2329 1403 2411 undu,
1433 2331 1546 2414 quidne
1578 2331 1615 2394 in
1641 2331 1784 2395 mundus
1806 2332 1961 2399 Ecclesds
1989 2337 2113 2419 lepitur,

100 2424 135 2488 in
158 2420 287 2503 Spiritu
315 2425 422 2485 saneta
453 2419 587 2502 lepitime
613 2425 812 2503 corrprepata,
843 2420 879 2484 in
900 2440 937 2484 ea
953 2418 1080 2500 praesi·
1104 2400 1107 2525 ξ
1133 2416 1372 2495 exprimendum
1410 2437 1476 2482 esse
1508 2418 1640 2482 muniit:
1677 2418 1759 2498 qnod
1792 2422 1867 2497 [pap
1896 2425 1950 2500 82]
1984 2423 2111 2503 onmem

98 2507 243 2575 dentibus
274 2506 391 2570 eisdem
434 2505 536 2570 tribus
566 2505 764 2586 Apostolicae
809 2503 902 2570 Sedis
936 2504 1080 2587 Leyatis:
1104 2552 1107 2599 Ι
1133 2501 1287 2566 ammonii
1308 2502 1402 2584 est:⁵)
2179 2544 2181 2548 .

99 2592 351 2678 mapnitndinem
372 2611 481 2656 rerum
501 2592 739 2656 tractandarum
758 2591 969 2668 considerans,
983 2610 1107 2670 prae-i
1221 2585 1318 2652 Orede
1349 2589 1385 2653 in
1422 2608 1522 2652 unum
1560 2587 1666 2652 Deum
1699 2586 1828 2654 Patrem
1865 2593 2109 2674 omnipotentem,

99 2680 207 2745 sertim
235 2697 463 2757 eorumquae
490 2676 610 2742 duobus
642 2677 710 2742 illis
732 2676 887 2758 capitibus
908 2678 947 2742 de
967 2675 1080 2740 eastir-
1104 2666 1107 2765 ξ
1133 2671 1296 2738 Fautorem
1322 2673 1396 2738 coeli
1417 2678 1445 2738 et
1464 2678 1574 2752 terrae,
1597 2673 1772 2739 visibilium
1791 2678 1929 2741 omnium
1951 2684 1978 2743 et
2000 2681 2112 2745 invisi·

96 2765 218 2850 pandis
238 2763 420 2830 haeresibus
441 2769 470 2827 et
491 2763 630 2828 nortun
645 2763 859 2844 reformandis
876 2762 1078 2839 continentur,
1132 2758 1252 2824 billum.
1298 2758 1397 2823 Elin
1419 2779 1519 2824 unum
1541 2758 1715 2825 Dominum
1736 2759 1845 2826 Iesum
1869 2761 2030 2830 Christum
2054 2765 2113 2831 Fr·
2232 2836 2238 2845 ,

100 2870 231 2933 marem
253 2870 351 2914 carisa
367 2850 539 2930 praesume
556 2853 601 2913 est
618 2854 816 2931 conprepata:
838 2866 1006 2930 aquiescens
1024 2867 1080 2911 au·
1132 2845 1212 2909 lium
1233 2843 1298 2908 Dei
1321 2848 1529 2927 unipenitum,
1553 2851 1581 2911 et
1601 2866 1640 2911 en
1664 2845 1761 2911 Patre
1783 2852 1893 2913 ndum
1914 2857 1984 2915 ante
2007 2853 2115 2917 amnia

101 2942 168 3017 mn,
190 2955 263 3001 nem
284 2935 442 3016 Apostolo,
464 2955 527 2998 non
548 2954 614 2999 esse
630 2934 693 2999 sibi
711 2935 953 3000 codreetotiouem
971 2932 1080 2997 adver·
1133 2930 1267 3009 saecula,
1288 2929 1394 2995 Deum
1415 2933 1454 2997 de
1475 2932 1553 3012 Dea,
1577 2932 1700 2997 Lumen
1720 2933 1759 2997 de
1781 2934 1915 3016 lumine,
1938 2936 2043 3001 Deum
2066 2958 2114 3002 ue-

101 3043 157 3089 sus
176 3041 304 3087 corraem
325 3021 564 3102 etsonpuinene,
587 3020 642 3085 sed
660 3021 812 3086 adversus
828 3019 1015 3100 spirituales
1031 3039 1082 3083 ne·
1132 3036 1205 3080 rum
1226 3017 1265 3081 de
1287 3015 1354 3082 Deo
1375 3038 1453 3096 vera
1476 3018 1624 3083 Genitore
1645 3040 1708 3083 non
1723 3021 1851 3100 fadum,
1870 3022 2113 3087 consubstantia-

102 3109 221 3191 quitiae
248 3107 284 3171 in
312 3106 503 3172 eodestibus:
529 3126 601 3170 eum
629 3107 731 3171 eadem
758 3125 862 3170 murres
884 3110 911 3169 et
941 3105 1081 3186 stapulas
1134 3101 1194 3165 lem
1219 3100 1322 3181 Pon,
1338 3124 1400 3184 per
1421 3124 1510 3184 quem
1532 3106 1638 3170 anania
1663 3105 1750 3185 sacta
1771 3111 1853 3169 sont.
1903 3107 1964 3186 Qui
1980 3113 2113 3188 prepter

103 3195 137 3259 in
156 3193 282 3275 primis
302 3191 460 3270 ionum,
489 3197 523 3255 ut
550 3191 758 3272 confutentur
786 3196 860 3270 [pag.
884 3195 939 3270 81]
962 3191 998 3254 iu
1017 3189 1083 3254 Da
1133 3207 1190 3251 nos
1211 3186 1364 3268 immines,
1390 3193 1417 3253 et
1433 3195 1564 3272 propter
1585 3196 1724 3257 nostram
1745 3191 1876 3255 salutm
1898 3192 2053 3258 weendit
2073 3194 2113 3258 de

103 3280 199 3358 mino,
220 3283 249 3344 et
269 3277 462 3358 inpotentia
483 3278 610 3342 vinulis
631 3278 713 3355 eius,
741 3279 776 3341 in
797 3275 941 3342 omnibns
961 3279 1082 3340 sadum
1133 3272 1241 3338 coelis:
1263 3278 1291 3336 et
1312 3275 1498 3340 incarnatus
1519 3281 1564 3341 est
1584 3279 1623 3343 de
1646 3275 1772 3356 Spiritu
1793 3282 1915 3357 samio,
1937 3298 1975 3342 ea
1998 3277 2114 3345 Morio

101 3364 221 3449 idmst)
249 3366 286 3429 in
313 3383 374 3445 quo
394 3363 523 3443 possint
550 3365 658 3427 amaia
685 3363 746 3428 tela
774 3362 961 3443 nequissimi
989 3362 1082 3444 ipnea
1134 3359 1265 3441 cirpine.
1310 3359 1354 3424 Et
1381 3360 1482 3425 Homo
1507 3363 1612 3444 factus
1638 3366 1690 3427 est.
1737 3360 1918 3445 Crucifixus
1940 3364 2034 3430 etiam
2049 3384 2114 3447 prc

103 3452 316 3534 exstinquere,
343 3453 436 3530 atque
461 3449 585 3532 paleam
607 3449 676 3528 spei
697 3449 814 3513 salietis
834 3448 992 3526 accipiant
1013 3466 1083 3511 curn
1134 3444 1223 3507 nolu
1244 3444 1301 3508 sud
1326 3444 1437 3511 Pontia
1461 3447 1574 3527 Pilato,
1590 3469 1719 3530 passus,
1742 3454 1769 3513 et
1790 3450 1929 3531 sepultis
1946 3456 1998 3531 est,
2021 3456 2049 3517 et
2069 3472 2117 3515 re
2243 3442 2247 3447 ’

102 3536 208 3620 plodio
228 3537 374 3617 spuitur,
397 3536 478 3616 qnod
500 3540 544 3599 est
564 3535 691 3598 votnm
712 3533 785 3598 Dei.
819 3532 933 3612 Itaque
953 3538 988 3597 nt
1008 3531 1083 3597 baec
1134 3530 1273 3593 surrexit
1300 3532 1393 3596 tertio
1419 3533 1484 3613 die,
1506 3536 1677 3601 secundnm
1698 3534 1896 3616 Scripturas,
1926 3538 2117 3603 etasaendit

101 3624 158 3706 pio
179 3624 249 3687 eius
281 3620 456 3686 sodicitndo
484 3621 685 3700 principium
711 3624 739 3684 et
760 3638 963 3700 propressnm
989 3637 1082 3680 saum
1135 3616 1170 3679 in
1191 3615 1314 3696 coelum,
1336 3618 1420 3682 sedet
1440 3620 1484 3684 ad
1503 3620 1663 3685 dexteram
1686 3619 1813 3686 Patris:
1840 3622 1886 3687 Et
1907 3624 2021 3688 iterum
2045 3643 2116 3687 oen

101 3706 246 3834 per⁴Dei
264 3705 549 3857 φαίέἒὲηῃᾱίιαόεαί,
578 3711 649 3770 aren
677 3705 784 3802 omnio
805 3705 920 3802 statuit·
935 3709 962 3767 et
979 3703 1083 3853 altelre-
1135 3706 1294 3799 turusest
1314 3705 1507 3803 cnmnplorio
1529 3707 1669 3806 iredieare
1691 3707 1778 3806 oinos
1792 3713 1829 3807 'et
1848 3715 2001 3774 mutilos:
2023 3709 2114 3774 cuius

104 3792 396 3961 &utta
424 3811 577 3958 titud?
600 3790 1083 3957 ,ttttttttttetdt
1135 3786 1559 3972 tttttttttttn
1577 3792 2115 3963 itttttt'ttttttd

105 3963 157 4032 lae
177 3969 302 4032 andum
322 3969 431 4029 cantra
458 3982 563 4027 menes
589 3963 732 4027 baneses
760 3964 795 4028 in
823 3962 987 4044 principio
1008 3981 1084 4025 sna-
1136 3958 1193 4037 det,
1226 3980 1282 4040 qur
1304 3980 1373 4026 cum
1393 3962 1498 4042 Patre,
1520 3971 1549 4029 et
1571 3965 1672 4045 Filio,
1701 3967 1800 4031 simul
1821 3967 1974 4033 adoratur
1995 3971 2023 4030 et
2042 3984 2113 4029 con·

106 4071 176 4116 nun
196 4051 358 4117 altianum
376 4068 528 4131 manere
546 4068 742 4113 conuenere:
764 4068 825 4130 quo
838 4047 1085 4129 semetipuondo
1134 4044 1341 4127 plurificatur,
1363 4049 1419 4130 qui
1439 4050 1587 4131 loquutus
1612 4056 1658 4116 est
1672 4072 1736 4132 per
1759 4057 1833 4131 [pag.
1853 4057 1907 4132 83]
1933 4051 2115 4133 Prophetas.

106 4136 295 4218 etinfideles
311 4135 355 4200 od
370 4134 465 4216 fidem
482 4140 654 4213 tennerunt,
671 4134 839 4198 licereticos
856 4137 1084 4216 enpupnarnnt,
1138 4129 1184 4194 Et
1204 4151 1304 4195 unam
1330 4139 1471 4198 sanatam
1504 4136 1685 4201 catholicam
1715 4143 1743 4202 et
1775 4138 1988 4218 Apustaliaam
2011 4134 2116 4201 Eccle-

107 4221 266 4304 nfideles
289 4219 522 4302 enpmuran.
576 4221 680 4301 Quare
709 4218 887 4301 Symbolum
912 4219 1003 4298 fidei,
1025 4238 1085 4300 quo
1137 4216 1229 4280 siam.
1287 4216 1439 4299 Confitem
1471 4241 1569 4286 unum
1597 4221 1783 4304 Baptismo,
1827 4223 1863 4287 in
1900 4223 2117 4287 remissionem

108 4313 213 4375 unda
235 4306 386 4373 Rantano
406 4305 551 4371 Ecclesia
572 4307 690 4383 ntdur,
717 4309 871 4384 tanquam
888 4296 1085 4385 principium
1110 4308 1349 4407 prosecutorum:
1371 4309 1398 4369 et
1415 4312 1554 4388 exspecto
1575 4310 1831 4373 resurrectionem
1848 4313 2048 4373 mortuorum.
2069 4307 2116 4372 Et

109 4392 193 4475 nno,
216 4395 253 4459 in
275 4413 336 4475 qna
357 4412 470 4470 omnes,
492 4393 548 4474 qni
567 4391 662 4471 fidem
681 4388 798 4455 (linisti
818 4389 1009 4469 metiuntur,
1031 4407 1086 4453 nec
1111 4412 1114 4553 b
1138 4387 1236 4452 udam
1256 4391 1379 4455 centum
1400 4392 1528 4472 soeculi,
1551 4393 1664 4458 Amen.

110 4575 312 4587 ...ῥ-

1209 4624 1238 4689 1)
1256 4626 1291 4680 ilz
1309 4628 1350 4684 les
1366 4638 1480 4685 mettent
1497 4640 1560 4686 tous
1578 4633 1714 4687 ensemble
1734 4650 1798 4688 sous
1817 4650 1852 4688 un
1871 4633 1997 4688 fidelium
2108 4635 2114 4661 “·

177 4702 207 4770 1)
227 4701 303 4756 Add.
321 4700 440 4755 Mesmes
458 4700 493 4753 ilz
512 4714 545 4753 en
563 4704 700 4752 nominent
717 4696 762 4764 qui
779 4711 813 4748 ne
832 4694 923 4775 iurent
940 4695 1033 4775 iamais
1052 4710 1088 4748 au
1208 4692 1238 4760 2)
1258 4696 1397 4752 tellement
1415 4702 1532 4768 empireo
1557 4717 1609 4770 que
1632 4701 1659 4754 la
1676 4702 1738 4770 plus
1756 4700 1857 4770 grande
1875 4712 1953 4757 verta
1971 4701 2052 4770 qu’ilz
2072 4708 2121 4756 ont

114 4771 214 4839 nonde,
233 4786 336 4825 comme
355 4771 443 4824 sanct
460 4767 643 4836 christophle,
662 4767 764 4820 saincte
776 4763 919 4818 Gathenne
938 4771 967 4817 et
985 4771 1087 4817 saincte
1140 4771 1236 4816 estun
1253 4765 1311 4818 vice
1330 4768 1477 4821 condamne'
1494 4785 1545 4837 par
1563 4785 1631 4823 ceux
1649 4771 1694 4838 qui
1712 4779 1837 4840 estoyent
1855 4773 1881 4826 ia
1898 4770 2020 4826 decliner
2040 4771 2073 4824 de
2092 4770 2120 4824 la

115 4835 205 4895 Btrbe.
239 4839 363 4893 Mettons
387 4838 413 4891 le
438 4853 485 4891 aas
508 4852 560 4904 que
580 4836 620 4889 les
637 4850 717 4904 vrays
738 4834 840 4887 saincte
858 4847 892 4885 ne
910 4831 1018 4886 fussent
1054 4847 1087 4885 ue
1140 4831 1228 4885 draite
1247 4832 1265 4884 li
1284 4848 1326 4886 ne.

116 4903 297 4964 licostenes:
316 4906 406 4975 quelle
424 4921 523 4959 excuse
543 4912 590 4959 ont
607 4903 642 4956 ilz
662 4903 695 4956 de
713 4900 901 4980 laisserlesue
920 4900 1010 4955 Christ
1028 4848 1088 4955 dqer·
1210 4898 1241 4966 3)
1292 4901 1336 4955 dd.
1354 4903 1530 4959 calvinianae
1551 4921 1643 4960 omues
1666 4907 1778 4962 tabem.-
1799 4923 1849 4962 nec
1866 4925 1930 4962 non.
1967 4906 2041 4962 Ena.
2060 4922 2119 4961 cae·

119 4974 179 5030 riere
196 4992 230 5032 en
249 4981 387 5031 amassent
404 4990 456 5029 une
474 4973 539 5028 telle
558 4980 675 5040 trauppe
694 4971 727 5024 de
745 4970 928 5024 medratense?
1140 4972 1215 5021 neae
1231 4976 1354 5022 aetorum
1376 4970 1598 5029 Tridentinorum
1616 4976 1756 5031 cohibent:
1771 4977 1934 5031 necessario.

177 5042 208 5105 2)
229 5044 333 5099 Reno
349 5045 380 5096 iu
397 5043 460 5096 edit.
483 5041 656 5109 Gottinpensi
678 5038 742 5093 Yam
762 5037 787 5091 1.
802 5054 867 5107 pap.
886 5036 928 5090 11.
1210 5035 1240 5103 4)
1260 5046 1288 5091 et
1306 5055 1356 5094 om.
1374 5041 1410 5093 al.

180 5112 210 5178 3)
228 5112 305 5167 Edd.
323 5111 472 5165 manliae
489 5110 553 5164 add.
572 5115 718 5164 sumentes.
1210 5104 1240 5171 5)
1258 5106 1352 5166 Vettio
1386 5110 1468 5165 adico
1485 5111 1576 5179 ipsum
1593 5118 1695 5168 tratum
1715 5113 1837 5184 dyaboli
1853 5129 1909 5168 uon
1927 5113 2055 5168 monebit
2071 5110 2120 5167 sed

181 5177 211 5247 4)
229 5181 274 5236 et
293 5181 421 5235 decernit.
1140 5173 1262 5229 notorem
1280 5176 1319 5230 od
1372 5179 1455 5234 resae
1472 5182 1585 5250 abtepot.

1863 5268 1913 5323 20.
