4620 5894
1068 243 1277 312 massar.
2115 214 2197 317 sss‘

256 434 453 516 ramma,
467 434 492 520 ι)
1199 439 1228 500 c
1253 439 1289 500 a
1315 433 1375 500 nac
1395 433 1575 501 sonuum
1602 435 1807 535 osupum
1832 435 1927 518 quoa
1952 454 2023 502 am
2055 434 2179 504 cusu

255 520 381 589 Pascha
400 540 470 586 cmu
491 519 610 586 duobus
631 518 741 587 diebus
761 521 965 604 sequentibus,
1200 519 1636 604 (cuiuspassionismcmoria
1652 519 1826 586 hisdiebus
1840 521 2046 602 potissimum
2067 543 2089 587 a
2102 523 2181 605 fide»

254 606 407 675 manao
428 605 573 686 Domini,
1199 605 1283 672 libus
1302 606 1462 691 recolitur)
1485 626 1610 672 carrum
1632 627 1726 672 suam
1745 606 1965 690 crucifipcrent.

257 690 431 759 Pentecoste
450 711 521 757 cum
541 692 660 756 duobus
680 690 790 759 diebus
810 692 1016 774 sequentibus,
1288 690 1439 759 Oonsueta
1461 691 1556 758 etiam
1577 691 1719 758 cmbcsiac
1740 693 1863 760 ieiunia
1885 693 2098 773 obsernmtur,
2124 692 2182 761 scd

258 777 404 862 Corporis
428 776 555 843 Christi.
1199 778 1247 844 ita
1267 781 1379 857 tamen,
1401 783 1438 843 ut
1453 797 1515 843 non
1527 779 1745 862 astriupautur
1762 799 1839 860 quos
1856 780 2021 845 necessitas
2037 784 2181 846 massat-

256 863 346 931 Festi
365 864 440 929 item
456 862 524 930 dics
540 861 644 929 beatae
661 863 792 931 Mariae
812 864 956 948 cirpiuis,
983 869 1012 930 ct
1030 869 1148 932 sanda
1199 863 1308 945 quales
1328 867 1402 929 suut
1423 864 1480 946 qui
1488 863 1690 948 promritus
1701 864 1861 932 laboribus
1880 864 2126 946 exhauriuntur,
2151 870 2182 932 et

297 970 370 1015 rum
396 948 625 1032 Apostolorum,
1194 951 1440 1034 pcrepriuantes,
1460 949 1534 1015 item
1544 949 1699 1034 pacidae
1708 950 1866 1031 mulieres,
1884 950 2141 1034 ladentcspucri,
2154 950 2181 1037 ¹)

257 1034 367 1104 Seruii
388 1034 522 1100 Ioannis
544 1034 720 1117 Baptistae,
1199 1054 1294 1116 senes,
1317 1036 1443 1120 acproti.

256 1121 386 1189 Mariae
407 1119 624 1205 Mopdaieuac,
1288 1120 1354 1187 Nec
1379 1120 1569 1201 improbetur
1601 1121 1767 1186 boudictio
1801 1141 1912 1187 earum
1943 1141 2065 1202 rernm,
2100 1142 2183 1204 qum

299 1212 373 1287 [pag.
393 1210 448 1286 τι]
474 1204 634 1288 bhcphmui,
1199 1207 1382 1273 exorcismis
1404 1212 1432 1271 ct
1452 1206 1647 1273 orationibus
1673 1207 1716 1271 ad
1736 1227 1831 1272 asum
1857 1206 2018 1273 hominurn
2039 1228 2181 1291 pracpa-

256 1293 434 1372 Laurcntii,
1200 1296 1326 1373 rantur,
1360 1292 1526 1359 dummodo
1559 1293 1753 1374 operabimur
1785 1313 1866 1375 puae
1892 1294 1967 1360 iudc
1998 1298 2183 1373 omounnr,

256 1378 405 1458 Martini,
1199 1398 1262 1442 non
1282 1378 1374 1444 rebus
1390 1379 1482 1459 ipsis,
1502 1378 1557 1444 sed
1577 1378 1707 1453 diuinae
1728 1379 1838 1444 rirtrrti
1855 1379 2049 1445 tribuantur:
2072 1383 2102 1444 ct
2128 1399 2182 1446 oa·

256 1463 434 1545 Midsadis,
1198 1468 1315 1544 ocatur,
1336 1484 1375 1529 nc
1396 1464 1518 1530 eaedcrn
1528 1464 1571 1529 ad
1590 1464 1692 1530 udum
1712 1465 1937 1531 iucautationis
1956 1470 2014 1531 aut
2032 1464 2183 1547 suspersti-

261 1550 411 1617 Omuium
435 1548 665 1634 Sanctorum,²)
1199 1550 1297 1615 tionis
1313 1570 1413 1634 purus
1433 1549 1672 1631 manducatur.

239 1689 242 1693 .
1288 1640 1362 1715 [pag.
1386 1640 1441 1715 73]
1464 1634 1509 1700 Et
1529 1655 1711 1718 qnarrpnam
1732 1656 1804 1702 cunr
1828 1636 1966 1716 apostolo
1987 1636 2184 1703 mammam

169 1722 304 1806 ctapud
313 1723 462 1807 siupuias
475 1723 618 1790 ecclesias
629 1741 737 1786 corum
752 1727 939 1803 sanctorum,
962 1723 1017 1805 qui
1034 1722 1149 1788 Mun
1200 1726 1253 1801 est,
1277 1741 1348 1787 eum
1365 1722 1422 1802 pui
1442 1720 1558 1787 sadebs
1580 1726 1625 1786 est
1646 1741 1758 1788 morare
1779 1741 1859 1803 quac
1878 1727 1952 1787 mont
1964 1720 2107 1803 Domini,
2130 1726 2182 1788 cte

168 1808 347 1895 siupndorcs
366 1810 498 1890 patroni
526 1809 691 1886 imbeiam,
713 1813 749 1874 ut
775 1809 811 1873 iu
832 1808 947 1874 eudem
970 1815 1149 1876 sauctorum
1201 1807 1234 1892 (1
1256 1805 1330 1872 Cor.
1351 1812 1379 1885 7,
1400 1807 1456 1890 32)
1479 1827 1571 1888 eopse
1591 1809 1694 1891 mapis
1712 1807 1893 1889 optandum,
1914 1806 2183 1873 muitosiuocmiri

168 1895 261 1978 festas
270 1893 550 1961 Dcnminsanatis
561 1894 752 1973 honoremus,
766 1914 879 1976 nosque
892 1894 1150 1960 adimitotioncm
1200 1892 1336 1973 ciericos,
1357 1895 1413 1975 qui
1430 1913 1528 1975 quum
1547 1892 1677 1960 amodes
1698 1894 1770 1972 siut,
1792 1912 1861 1958 aere
1879 1894 1973 1958 ctiam
1993 1894 2184 1958 conducant:

169 1981 313 2064 ipsorum
332 1981 509 2060 carduum,
531 1986 559 2045 ct
580 1979 829 2064 desideramus³)
853 1980 1047 2047 orationibus
1067 1981 1151 2064 ipso
1201 1984 1305 2045 tauccn
1332 1999 1429 2060 quum
1455 1979 1561 2058 mrdti,
1589 1979 1646 2062 qui
1672 1979 1844 2044 ministerii
1870 1978 2068 2045 ecclesiastici
2093 1978 2184 2061 suno

134 2058 145 2074 “
169 2086 244 2133 rum
264 2066 415 2132 adiuvari
434 2072 462 2131 ct
482 2067 604 2132 meritis
625 2067 786 2132 associari.
1004 2091 1014 2105 ·
1203 2065 1302 2130 tiones
1329 2070 1444 2143 noem,
1477 2065 1545 2130 iam
1571 2064 1681 2129 multis
1710 2067 1745 2130 in
1777 2064 1854 2130 iocis
1882 2065 2033 2130 duserim
2058 2082 2183 2144 names,

259 2150 340 2216 Dies
360 2151 433 2217 dem
454 2151 666 2236 Ropatiouum
687 2157 758 2217 arde
774 2151 998 2218 Ascensiouem
1008 2150 1151 2231 Domini,
1203 2170 1284 2232 quas
1302 2172 1323 2214 o
1343 2170 1377 2216 sc
1398 2150 1554 2214 dimittere
1574 2150 1688 2215 nolint:
1709 2169 1805 2232 snper
1822 2170 1860 2215 ca
1881 2169 1915 2216 re
1934 2150 2094 2234 pomerolis
2115 2168 2185 2215 corr·

172 2242 201 2304 ct
222 2237 357 2302 Lctauic
384 2237 420 2302 iu
445 2238 497 2303 dic
524 2239 625 2302 sancti
653 2237 773 2317 Marci,
804 2242 831 2301 ct
845 2258 907 2319 per
925 2257 1045 2304 anuum
1066 2237 1151 2302 ahiae
1203 2233 1271 2302 cdii
1291 2236 1445 2302 sententia
1462 2240 1659 2316 exspectetur,
1681 2256 1778 2320 quum
1795 2235 1917 2319 abioquc'
1937 2237 2070 2302 mutatio
2091 2236 2130 2302 iu
2146 2254 2185 2302 cs

171 2327 334 2390 cosmetae
348 2323 562 2405 processiones
577 2343 640 2404 pro
660 2323 756 2388 ceteri
777 2342 860 2388 more
882 2322 1085 2389 observentur.
1204 2341 1247 2401 re,
1270 2326 1306 2386 ut
1327 2341 1409 2387 nuuc
1431 2327 1506 2386 snut
1526 2325 1673 2403 tempora,
1695 2323 1764 2387 sine
1783 2323 1875 2406 praui
1896 2340 2004 2387 rerum
2014 2320 2185 2403 perturbo-

260 2407 417 2474 Simiiiter
444 2409 480 2474 irc
506 2407 697 2474 monada
729 2412 839 2474 sancta
866 2413 895 2474 et
920 2410 1006 2475 circa
1031 2408 1152 2491 reliqua
1205 2407 1288 2473 timec
1310 2407 1430 2490 reunsi)
1450 2406 1525 2488 heri
1546 2427 1608 2473 nou
1623 2409 1736 2489 possit.

172 2493 316 2562 ecciesiae
347 2494 428 2578 festa
454 2493 575 2560 debitae
601 2493 798 2559 solennitates
819 2493 1039 2575 adhibeantur,
1068 2500 1097 2560 et
1116 2495 1153 2558 iu
1292 2493 1386 2559 Illud
1413 2498 1516 2559 tamen
1542 2493 1719 2578 repandum
1744 2513 1806 2558 non
1831 2498 1889 2573 cst,
1918 2493 1976 2558 sisi
2001 2493 2185 2578 coniupirrm

171 2580 285 2666 cipitia
313 2579 457 2646 Paschae
484 2585 512 2645 ct
542 2578 732 2645 Pentecostes
757 2599 843 2662 apua
870 2578 1070 2662 baptismatis
1091 2601 1153 2664 pcr
1199 2599 1261 2662 per
1278 2599 1311 2644 sc
1332 2579 1512 2646 honorabile
1529 2584 1582 2658 est,
1604 2580 1696 2644 inacta
1713 2579 1905 2660 somphrram
1922 2578 2041 2663 (Hebr.
2062 2581 2113 2658 13,
2131 2578 2187 2665 4).·

172 2685 277 2735 onmes
298 2666 443 2732 ccchsias
464 2664 665 2748 parochiaies
685 2665 806 2731 solcum
833 2664 1037 2733 benedictione
1058 2687 1152 2750 prae·
1204 2684 1276 2731 cum
1303 2670 1409 2731 tomen
1436 2666 1492 2747 qui
1519 2685 1581 2731 nou
1607 2664 1694 2730 ducit
1719 2684 1863 2744 nomem,
1889 2670 1917 2729 et
1944 2686 2015 2730 cere
2043 2666 2185 2745 mame,

167 2757 311 2836 paretur.
1013 2824 1021 2835 ‚
1204 2751 1317 2816 melius
1337 2750 1448 2834 facere,
1470 2751 1638 2817 secundum
1658 2752 1851 2836 scripturam
1874 2753 1904 2835 (1
1926 2749 2001 2818 Oor.
2019 2753 2049 2831 7,
2072 2750 2120 2836 8).

260 2836 311 2903 Aa
331 2857 429 2919 quum
449 2837 637 2910 abstinentia
664 2836 824 2917 cantium,
852 2857 931 2920 puae
952 2857 1014 2903 mou
1035 2837 1153 2904 aberni·
1292 2835 1416 2903 Eadem
1436 2843 1482 2902 est
1509 2837 1592 2902 ratio
1620 2857 1699 2902 usus
1726 2836 1934 2903 eucharistiae
1962 2835 2022 2904 sub
2050 2841 2186 2920 utraque

172 2923 312 2992 nationis
332 2922 387 2988 sed
403 2923 625 3006 mantiae
635 2942 734 2989 causa
749 2923 931 3007 suscipitur,
946 2942 1056 3006 perse
1074 2923 1154 2992 bona
1205 2923 1320 3004 specie,
1347 2925 1400 2989 cui
1424 2923 1516 2989 multi
1546 2924 1640 2988 etiam
1673 2928 1889 3003 assueverunt,
1919 2928 1947 2988 et
1973 2923 2013 2989 ab
2034 2943 2068 2989 eo
2090 2921 2187 2991 archi

172 3014 203 3077 et
221 3009 266 3087 ad
285 3028 411 3076 curuum
432 3008 651 3093 costipandam
672 3012 750 3090 opu
770 3009 828 3090 sit,
858 3029 894 3076 oc
915 3010 1010 3075 etiam
1024 3009 1155 3092 publica
1205 3010 1274 3075 sine
1296 3010 1392 3094 praui
1412 3029 1521 3074 rerum
1541 3013 1627 3075 niatu
1653 3007 1710 3074 hac
1731 3014 1864 3092 tempore
1890 3028 1951 3074 mn
1977 3013 2133 3092 possunt:
2158 3012 2188 3075 ct

171 3094 296 3163 utititas
307 3094 457 3178 postulat,
484 3099 519 3161 ut
539 3095 631 3161 certis
651 3094 843 3178 turnporrbus
870 3116 892 3162 o
913 3094 1062 3161 carnibus
1083 3095 1153 3162 abs·
1206 3096 1284 3178 puio
1305 3094 1469 3161 monilium
1490 3096 1730 3176 oecumenicum,
1753 3098 1806 3161 cui
1826 3115 1930 3162 munes
1951 3093 2091 3178 Imperii
2113 3093 2187 3162 su

172 3182 341 3261 tiruamus,
369 3181 580 3279 prumtaiias
606 3200 724 3280 pecora
752 3180 797 3246 ad
816 3181 985 3282 assiduum
1010 3183 1155 3247 carnium
1205 3184 1257 3247 tus
1283 3201 1316 3247 sc
1342 3181 1568 3281 submiserunt,
1585 3181 1704 3280 ‘procui
1729 3181 1821 3248 dubio
1842 3182 1937 3265 piam
1962 3186 1991 3247 et
2017 3180 2187 3249 sollicitam

173 3266 673 3452 wiremuth
695 3271 1156 3436 iiiishi‘b‘ibibii
1205 3264 1785 3452 hthdtthhhntthh
1800 3271 1996 3435 eddi
2012 3267 2187 3437 iim

173 3437 324 3506 comam
344 3438 528 3519 abstinendo,
549 3443 727 3504 retmeatur.
1204 3441 1369 3521 utriusque
1400 3441 1515 3523 speciei
1542 3439 1671 3505 anhhac
1704 3447 1895 3523 receperunt,
1931 3459 2061 3524 amspuc
2090 3439 2185 3506 reiiru

260 3523 354 3591 Hanc
366 3524 450 3590 enim
472 3528 545 3604 [pag.
564 3528 617 3603 72]
640 3525 1000 3592 abstinentiomecdesia
1013 3527 1154 3592 esuum
1205 3546 1299 3610 quere
1324 3526 1448 3590 nolunt:
1479 3545 1577 3607 super
1613 3547 1650 3590 ea
1676 3545 1794 3609 quoque
1820 3547 1854 3591 rc
1880 3525 2132 3592 ddiberationcm
2158 3527 2187 3591 ct

174 3610 394 3693 acpastitionc
420 3610 570 3691 suscepit,
598 3630 679 3692 quac
705 3631 727 3674 a
753 3610 831 3676 cibis
852 3611 1041 3692 quibusdam
1061 3614 1153 3680 sertis
1205 3613 1391 3680 seutentiam
1412 3613 1596 3677 occrcmenici
1618 3612 1740 3677 concilii
1762 3617 1939 3695 exspectent.

174 3694 513 3778 terreporibusabstind
525 3715 587 3760 uon
602 3694 639 3760 ob
660 3694 761 3760 uitam
773 3694 911 3761 ciborum
922 3697 1153 3764 immunditiem
1291 3697 1340 3763 Hi
1360 3703 1463 3763 tamen
1484 3698 1540 3780 qui
1556 3698 1721 3780 utrirrspue
1743 3700 1857 3781 speciei
1877 3717 1972 3763 usum
2000 3695 2190 3780 amplectem-

172 3781 292 3934 W
312 3781 418 3846 ornnia
437 3781 559 3847 munda
581 3801 646 3846 csse
666 3780 809 3861 mundis,
833 3786 860 3846 et
880 3781 962 3846 nihii
983 3783 1153 3865 inquinare
1204 3790 1265 3864 tur,
1297 3783 1387 3848 iilam
1415 3784 1618 3850 inveteratam
1647 3783 1705 3848 sub
1730 3805 1797 3848 uuo
1811 3786 1912 3866 specie
1933 3789 2008 3864 [pag.
2035 3787 2091 3863 74]
2108 3802 2190 3849 oons-

243 3868 327 3933 inem
352 3867 435 3949 quod
450 3887 512 3950 per
533 3886 568 3932 os
588 3865 779 3951 rapsatur)
803 3866 881 3947 (Tit,
904 3872 931 3947 1,
953 3872 991 3932 15
997 3891 1006 3948 ;
1029 3869 1150 3935 Matth.
1203 3869 1387 3936 municaudi
1430 3869 1679 3934 cousuetudinem
1719 3871 1939 3951 reprehendere
1970 3890 2033 3935 mon
2065 3869 2190 3936 debari:

174 3957 224 4034 15,
246 3957 300 4032 18)
321 3954 377 4020 sed
397 3953 441 4019 ad
462 3952 669 4019 edomandam
689 3972 824 4033 carncrn,
846 3957 882 4018 ut
904 3953 1013 4020 mima
1034 3977 1056 4021 a
1073 3975 1151 4038 pra-
1203 3977 1257 4023 uae
1278 3954 1371 4019 aitcri
1391 3953 1504 4020 duros
1520 3953 1703 4037 perturbent
1724 3956 1817 4022 donec
1838 3977 1935 4037 super
1956 3976 1994 4022 ea
2022 3976 2058 4020 re
2086 3955 2186 4022 conci

171 4040 222 4106 cis
242 4038 470 4122 cupiditatibus
491 4043 551 4104 cta
572 4039 670 4105 motis
682 4038 816 4104 uectibus
828 4038 1152 4106 nntiushumitictur:
1203 4042 1282 4107 tium
1302 4041 1528 4106 oecumenicum
1545 4041 1719 4107 demeamt.

171 4146 301 4209 camptu
322 4125 544 4191 abstinentiam
557 4125 730 4208 praecipue
750 4124 859 4192 dicbus
877 4125 979 4209 feriae
999 4132 1105 4192 sertae
1124 4132 1152 4192 et
1293 4126 1339 4191 Et
1358 4146 1538 4208 quanquam
1555 4132 1786 4193 sacramentum
1797 4127 2005 4194 eucharistiae
2021 4124 2081 4192 snb
2103 4129 2191 4192 nira-

171 4211 295 4279 sabbuti
323 4211 456 4293 indicit,
483 4216 519 4275 ut
543 4209 686 4276 homines
712 4211 756 4276 ad
783 4211 901 4276 aducrn
921 4209 991 4276 Deo
1017 4212 1152 4278 debitum
1202 4234 1261 4296 que
1282 4214 1385 4294 specie
1404 4213 1584 4278 institutum
1614 4218 1673 4292 est,
1707 4234 1770 4279 non
1797 4218 1900 4279 tamen
1921 4213 2118 4280 scniicrtdum
2145 4216 2192 4279 est

166 4296 421 4380 persoluendm
444 4298 488 4362 ad
508 4296 702 4363 auditionem
722 4296 809 4362 uerbi
829 4295 908 4378 Dei,
936 4298 1029 4364 etad
1050 4319 1153 4365 sacro
1204 4298 1365 4367 Christum
1391 4299 1428 4364 in
1449 4318 1542 4365 carue
1563 4298 1675 4379 dividi,
1697 4305 1802 4366 conhra
1829 4320 1926 4383 quam
1952 4298 2115 4380 scriptura
2141 4298 2192 4365 di

172 4389 299 4450 sanatae
320 4383 528 4450 mobaristiac
544 4384 773 4466 perceptionem
802 4383 896 4466 (quae
916 4383 991 4448 dun
1010 4384 1153 4468 frequen-
1201 4387 1321 4452 amitus
1337 4386 1497 4468 inspirata
1516 4385 1628 4463 uadit,
1657 4386 1712 4451 sed
1731 4385 1789 4451 sub
1809 4385 1943 4470 siupubis
1963 4385 2122 4467 speciebus
2142 4384 2193 4452 iu·

173 4469 234 4534 tior
252 4469 360 4536 diebus
378 4469 545 4535 dominicis
566 4468 765 4552 serrabatur)
792 4469 932 4534 mmmua
940 4469 970 4554 ⁴)
998 4468 1152 4537 obstinen-
1200 4478 1319 4557 tcprnm
1339 4471 1498 4537 contineri.

173 4555 220 4621 tia
236 4556 438 4637 praeparati,
465 4556 569 4638 mapis
589 4555 696 4620 idonei
724 4559 753 4619 ct
773 4555 934 4639 dipuiorcs
961 4557 1151 4624 amedaeut:
1292 4559 1343 4623 Ac
1359 4557 1508 4640 quoniam
1529 4558 1564 4622 im
1581 4561 1773 4623 sacramento
1786 4557 1995 4625 eucharistiae
2010 4563 2058 4625 est
2077 4577 2189 4624 cunm

1207 4642 1328 4710 Ohuisti
1350 4663 1471 4723 corpus,
1493 4649 1520 4708 et
1541 4663 1634 4709 uerus
1648 4641 1766 4709 Christi
1786 4645 1929 4728 saupnrs,
1951 4645 1988 4710 iu
2003 4642 2060 4711 hoc
2081 4663 2190 4712 sumu-

175 4755 378 4763 ---
777 4756 780 4761 ·
1205 4734 1303 4796 mento
1329 4728 1489 4795 Christum
1510 4730 1619 4794 merito
1640 4729 1776 4795 adorari
1796 4729 1910 4796 debere.

245 4895 275 4964 1)
292 4895 375 4951 omitt.
392 4895 424 4949 in
440 4897 591 4963 compuri
604 4896 760 4966 penuariae
776 4897 938 4953 auihentico.

243 4965 275 5032 2)
295 4965 333 5018 In
356 4965 498 5019 manabis
524 4964 690 5022 editionibus
718 4967 858 5022 obcmoato
884 4965 983 5022 ordine
999 4966 1156 5024 cakndarii

176 5032 322 5089 Martinus
337 5033 450 5088 wana
466 5034 546 5088 vend.
1274 5035 1304 5102 1)
1324 5033 1372 5090 Sic
1388 5035 1504 5091 ridrmde
1520 5035 1582 5091 edd.
1598 5052 1767 5107 pcmocnses,
1791 5037 1871 5102 Besa,
1890 5037 1977 5093 Ama
2014 5036 2135 5096 ormino
2151 5039 2188 5096 ir·

244 5100 276 5169 3)
295 5101 370 5157 lidi.
383 5117 547 5185 pensasses
571 5101 656 5169 Besa
674 5101 762 5158 Amst.
779 5102 919 5160 mundare:
942 5105 1151 5162 consideremus.
1202 5104 1482 5175 amandemus
1508 5107 1594 5175 puori.

244 5169 276 5239 4)
293 5172 345 5227 hnc
362 5171 481 5228 btdunna
497 5142 558 5226 edd
576 5171 755 5227 armenicae.
1274 5172 1305 5244 2)
1324 5172 1382 5229 Pro
1398 5189 1468 5229 nunc
1484 5148 1586 5244 iepttnr
1603 5174 1685 5231 moda
1703 5175 1734 5230 irs
1751 5173 1813 5231 edd.
1829 5176 2004 5246 pennarum.
