4620 5894
721 258 948 329 AR'I’IOULI
968 256 1262 331 olomundus
1284 255 1582 326 PARISIENSIS
1805 218 1808 223 Ι
1974 316 1977 326 ,
2120 259 2161 320 24

1185 455 1296 513 autem
1318 448 1409 515 iubet
1423 448 1557 531 spiritus
1579 468 1639 513 uos
1656 454 1770 512 mutuo
1792 446 1873 512 alios
1888 466 1948 528 pro
1970 444 2043 511 aliis
2058 445 2163 511 iuter-

458 532 725 603 ARTIOULUS
746 535 829 601 XII.
1186 532 1314 614 oedere,
1344 535 1407 599 hoo
1428 541 1562 599 mutuae
1584 532 1729 599 oaritatis
1756 539 1807 598 θεῖ
1829 532 2021 599 exereitinm
2043 533 2078 596 in
2100 531 2164 596 hae

409 645 477 728 De
511 643 679 728 orandis
713 643 879 728 sancti&
1184 621 1296 771 {iiim
1310 615 2163 788 siiiiiitoeXerbniiblblirilisrreiiiiiabiosiiibstibtbusVibilsisllliliias

240 794 390 863 Sanctum
412 800 471 874 ost,
494 799 522 859 et
543 791 612 860 Deo
633 793 773 859 manime
788 798 928 877 protom,
951 812 1042 860 orare
1064 792 1132 858 beo·
1185 812 1249 875 quo
1268 728 1400 858 norbine
1415 727 1647 878 iritelligebant
1662 799 1825 876 patronos,
1843 812 1983 875 qnorum
2000 754 2164 874 praesidii

147 889 216 948 tam
237 881 303 950 Dei
330 882 527 966 paenam,
556 884 584 944 et
603 884 726 945 suedos
746 881 801 962 qai
825 879 860 944 ia
877 879 958 945 coelo
980 885 1067 959 seret,
1096 884 1132 944 ot
1185 877 1423 945 adiuvarentur
1450 878 1527 963 (Ier.
1549 883 1577 957 9,
1601 882 1638 942 13
1658 883 1692 943 et
1713 882 1761 957 ll,
1788 882 1843 958 ¹33
1867 877 1924 944 Οε.
1947 880 1976 956 2,
1996 877 2041 962 8).
2081 878 2161 944 Huo

148 968 213 1033 sint
228 989 292 1052 pro
313 967 402 1034 ambis
423 967 566 1033 advocati
587 969 614 1030 et
635 965 850 1032 intercessores
872 965 960 1047 aptod
981 964 1095 1031 Deum.
1183 965 1498 1114 postremolaooedit,
1521 963 1607 1064 quod
1625 985 1771 1031 asserere
1787 985 1883 1116 dnemo
1900 971 2010 1047 potest
2027 984 2069 1028 an
2092 971 2161 1028 tam

234 1138 399 1208 Probatur
415 1138 477 1204 sio:
490 1136 581 1220 Quid
598 1136 687 1202 enim
698 1137 803 1204 saneti
813 1104 1012 1203 facerentin
1029 1135 1129 1216 ooelo,
1182 1057 1746 1222 gblbbabritsiiiobessabbtslireielireQuiii
1760 1070 1868 1202 satiared1
1870 1070 2012 1222 spblrsuqblae
2024 1057 2163 1202 obbrstbii·

149 1227 178 1292 si
207 1248 274 1293 uon
309 1232 443 1291 orarent
468 1246 528 1309 pro
562 1223 679 1290 nobis?
725 1221 822 1306 Quod
849 1223 877 1288 si
904 1229 1016 1299 orant,
1050 1245 1128 1308 orgo
1181 1230 1313 1290 tanenm
1337 1245 1411 1289 oum
1434 1223 1561 1288 ratione
1583 1223 1617 1288 id
1637 1222 1777 1288 videtur.

149 1312 264 1378 orandi
282 1321 367 1378 sunt.
396 1311 530 1396 Negant
547 1309 633 1376 hane
650 1310 914 1393 oonsequentiam
929 1309 1126 1375 Lutherani.
1632 1320 1635 1325 '

149 1396 216 1464 Sed
239 1397 396 1482 probatur
416 1418 458 1462 ex
481 1417 533 1475 eo,
563 1394 648 1479 quod
670 1395 776 1462 saneti
797 1395 871 1460 Deo
894 1403 972 1460 sunt
993 1394 1125 1461 similes.

146 1481 241 1550 Deus
260 1489 372 1548 antem
385 1482 457 1550 vult
475 1481 536 1548 ooli
555 1482 695 1561 anobis,
714 1481 816 1566 igitur
834 1488 869 1545 et
885 1481 998 1548 saneti.
1029 1478 1127 1562 Quod

147 1579 260 1636 autem
282 1566 596 1634 dieuntLutherani
641 1588 677 1632 er
699 1567 912 1646 derisionem,
939 1587 1000 1632 nos
1019 1567 1126 1632 faeere
1478 1531 1744 1600 ARTIOULUS
1766 1533 1866 1600 XIII·

145 1664 277 1723 sanotae
299 1652 396 1723 valde
421 1653 555 1733 auritos,
580 1589 698 1719 solutio
727 1659 778 1720 θεῖ
808 1653 921 1719 facilis.
968 1651 1055 1734 Quia
1076 1653 1126 1718 vi·
1341 1657 1406 1740 De
1438 1659 1708 1743 veneratione
1741 1670 1993 1743 sanctorum·

145 1739 224 1808 dent
246 1762 330 1824 qnae
352 1746 498 1825 aguntur
518 1740 554 1804 in
576 1739 716 1818 mundo,
740 1760 799 1822 per
818 1739 931 1804 lumen
954 1739 1124 1814 reflexum,

145 1826 232 1911 quod
253 1827 378 1893 habent
404 1847 447 1891 ex
472 1824 684 1890 irradiatione
706 1824 779 1891 Dei.
826 1823 982 1891 Secunda
1007 1825 1125 1907 proba·
1265 1823 1379 1906 Itaque
1400 1825 1515 1905 soluti,
1542 1825 1663 1890 beatam
1690 1845 1759 1890 oum
1783 1824 1908 1892 Christo
1930 1827 2026 1892 ostam
2053 1829 2162 1913 depes

146 1913 209 1978 tio:
234 1912 321 1996 qnod
343 1932 457 1978 omnes
478 1911 601 1995 pagani
622 1932 751 1994 semper
772 1909 961 1977 habuerunt
981 1912 1125 1976 minores
1178 1913 1231 1990 as,
1249 1929 1310 1975 ooo
1320 1910 1423 1975 solum
1439 1915 1513 1977 sone
1523 1911 1680 1992 imitandi,
1701 1911 1756 1978 sed
1767 1916 1796 1978 et
1811 1913 2019 1979 omaoodiet
2035 1915 2160 1988 orandi.

147 1999 224 2065 deos
251 2018 311 2082 pro
340 1999 407 2064 suis
433 1997 712 2063 intercessoribus.
756 1997 829 2062 Non
860 2005 910 2063 θεῖ
937 2001 1050 2061 autem
1072 2018 1125 2062 ro·

145 2084 316 2164 tionabile,
345 2082 431 2166 quod
453 2081 637 2149 Christiani
658 2082 803 2148 habeant
829 2083 938 2148 minas
961 2082 1126 2167 privilegii
1266 2079 1303 2147 Si
1327 2103 1444 2147 verum
1467 2088 1518 2148 est
1537 2081 1762 2150 broeardioum
1784 2082 1882 2162 illud,
1905 2084 1990 2167 quod
2014 2105 2160 2151 oommu-

146 2193 246 2255 quam
297 2169 422 2235 entiles.
468 2169 564 2236 Unde
593 2176 628 2234 et
658 2169 720 2235 hoo
747 2168 843 2234 modo
873 2177 1036 2235 eorreotus
1063 2169 1127 2233 fuit
1179 2168 1232 2233 nis
1255 2188 1346 2233 error
1366 2169 1446 2234 saoit
1467 2168 1534 2248 ius,
1564 2169 1765 2234 sufficienter
1787 2170 1853 2234 iam
1874 2170 2012 2254 probata
2034 2178 2085 2236 est
2103 2192 2160 2238 ve-

146 2278 238 2325 error
266 2256 413 2334 ‘lorum,
443 2275 545 2339 quum
567 2253 609 2320 ad
628 2263 759 2320 sanatos
781 2255 961 2320 translatus
983 2254 1046 2319 fnit
1067 2254 1126 2319 ho·
1179 2255 1307 2318 neratio
1329 2261 1531 2321 sanatorum:
1556 2261 1667 2320 tamen
1689 2257 1766 2339 quia
1782 2256 1969 2321 Lutherani
1987 2256 2159 2341 replioant,

146 2364 222 2423 nor,
251 2363 349 2427 quem
370 2340 467 2406 idolis
489 2341 557 2406 suis
577 2341 757 2407 faciebant:
786 2342 870 2406 siout
887 2339 1017 2424 quando
1041 2361 1127 2424 popa
1180 2340 1352 2405 transferri
1377 2340 1438 2407 hoo
1455 2340 1559 2424 {modo
1581 2340 1622 2405 ad
1645 2349 1774 2407 sanetas
1792 2342 1856 2407 Dei
1875 2342 2023 2427 gloriam,
2045 2349 2160 2408 teneas

146 2431 291 2496 mutavit
317 2448 439 2493 nomen
459 2425 590 2510 templi,
620 2425 707 2509 quod
734 2425 913 2493 voeabatur
938 2426 1126 2505 Pantheon,
1181 2446 1310 2509 semper
1329 2427 1365 2489 in
1382 2427 1541 2493 memoria
1558 2426 1803 2494 distinctionem
1822 2427 1965 2494 soholae:
1989 2428 2075 2512 quod
2094 2449 2159 2493 non

147 2525 181 2583 θῖ
201 2514 331 2582 vooavit
347 2512 559 2597 Pantagiam.
602 2512 649 2578 Et
669 2534 711 2579 ex
732 2511 846 2577 multis
863 2512 954 2577 festis
976 2512 1128 2578 similiter
1180 2510 1317 2577 solimus
1340 2533 1394 2577 eos
1416 2513 1480 2578 nisi
1503 2513 1649 2579 oratione
1671 2514 1787 2580 duliae.
1802 2515 1827 2599 ¹)

41 2621 47 2630 ·
146 2603 270 2669 faotum
288 2601 364 2679 luit,
392 2605 430 2664 ut
451 2599 489 2664 in
511 2597 667 2681 despeotu
689 2597 864 2682 gentilium
886 2596 1069 2664 Christiani
1090 2598 1126 2663 iu

145 2688 305 2754 honorem
327 2691 517 2752 sanatorum
539 2682 753 2750 inebrientur.
769 2683 793 2768 ¹)
1448 2735 1452 2740 .
1534 2668 1541 2683 ’
1557 2734 1776 2792 ANTIDOTUM

526 2836 752 2892 ANTIDOTUM·
1266 2851 1319 2918 De
1346 2854 1494 2919 oratione
1526 2854 1592 2921 iam
1626 2854 1751 2922 dietum
1785 2865 1842 2924 est.
1888 2858 2014 2922 Eorum
2047 2866 2160 2923 autem

235 2940 410 3027 Seriptura
436 2941 536 3008 fidem
564 2942 600 3005 in
623 2940 769 3006 oratione
791 2942 938 3025 requirit.
971 2943 1018 3008 Et
1038 2943 1127 3008 Pan·
1180 2940 1348 3004 veneratio
1364 2961 1430 3005 non
1453 2940 1518 3006 alia
1534 2943 1627 3008 nobis
1649 2943 1898 3009 sommendatnr
1919 2944 1954 3009 in
1977 2944 2158 3028 seripturis,

146 3031 199 3097 lus
218 3030 413 3096 nominatim
434 3026 533 3108 addit,
557 3027 642 3093 hano
661 3027 761 3092 fidem
783 3048 854 3094 θεεθ
876 3049 918 3093 ex
940 3027 1040 3095 verbo
1062 3028 1128 3093 Dei
1180 3044 1279 3107 quam
1309 3045 1393 3108 quae
1421 3027 1457 3090 in
1486 3029 1678 3094 uuiversum
1707 3028 1844 3096 debetur
1869 3029 2035 3110 fidelibus,
2063 3031 2160 3096 iuxta

148 3117 266 3204 (Maro.
289 3120 337 3195 11,
357 3119 398 3180 24
406 3139 415 3196 ;
437 3114 533 3180 Rom.
556 3118 604 3192 10,
627 3113 691 3196 17).
736 3113 783 3180 Et
803 3113 942 3181 Iacobus
964 3114 1128 3180 haesitare
1179 3109 1352 3176 Psalmum
1378 3116 1426 3177 15.
1451 3119 1484 3177 ot
1509 3117 1578 3179 139.
1623 3112 1680 3181 Sio
1709 3122 1822 3182 tamen
1838 3124 1877 3181 ut
1898 3116 2077 3200 uniouique
2099 3115 2159 3181 ha·

146 3223 208 3271 nos
228 3199 382 3289 prohibet
401 3201 437 3266 in
458 3199 610 3284 praeibas
637 3199 717 3284 (Iao.
741 3204 767 3280 l,
788 3199 832 3284 6).
876 3199 950 3265 Iam
977 3219 1070 3281 vero,
1099 3201 1128 3264 si
1179 3196 1297 3263 beatur
1325 3197 1431 3263 honor
1456 3220 1516 3283 pro
1538 3221 1695 3266 mensura
1716 3203 1850 3286 gratiae.
1891 3203 1982 3287 Ergo
2004 3202 2045 3268 de
2063 3222 2159 3268 sano·

145 3288 247 3359 verbo
270 3289 334 3355 Dei
356 3286 487 3355 obedire
515 3285 684 3367 volumus,
707 3285 813 3352 solum
839 3286 952 3352 Deum
972 3287 1127 3353 invooare
1179 3283 1238 3361 tis,
1261 3290 1360 3367 prout
1380 3285 1517 3368 quisque
1540 3307 1653 3352 eorum
1675 3287 1808 3353 excellit
1829 3287 1892 3352 Dei
1917 3289 2020 3368 donis,
2044 3295 2102 3354 aut
2123 3289 2158 3353 in

147 3375 302 3442 eonvenit
334 3375 370 3440 in
395 3372 521 3441 Ohristi
555 3373 697 3438 nomino.
742 3372 829 3439 Nam
857 3378 891 3438 ot
917 3373 1011 3439 Deus
1038 3372 1128 3438 huno
1179 3368 1295 3434 altiore
1321 3369 1427 3454 gradu
1456 3371 1631 3439 oollooatus
1658 3383 1708 3439 θεῖ
1735 3396 1755 3439 θ
1783 3375 1941 3455 Domino,
1977 3374 2158 3442 honorifioe

148 3461 353 3545 spiritualem
375 3480 446 3525 θεεθ
468 3458 592 3526 oultum
614 3458 758 3524 nominis
781 3459 833 3525 sui
854 3458 1007 3542 perhibet
1023 3458 1125 3542 (Psal.
1179 3455 1386 3521 sentiendum
1417 3465 1481 3538 est,
1513 3478 1551 3526 ao
1574 3459 1787 3543 loquendum.
1832 3459 1969 3526 Oultum
1991 3479 2069 3529 vero
2091 3459 2159 3527 illis

148 3551 199 3626 50,
223 3551 259 3610 15
291 3553 325 3611 et
342 3550 393 3624 91,
415 3549 453 3608 15
460 3569 468 3624 ;
487 3544 565 3611 Ioel.
584 3549 613 3623 2,
634 3548 688 3625 32,
707 3544 770 3612 Ier.
791 3549 840 3623 29,
864 3545 928 3631 12),
952 3550 986 3610 ot
1002 3544 1126 3611 media-
1178 3541 1344 3622 exhibere,
1367 3542 1452 3608 siout
1468 3544 1551 3610 solet
1565 3545 1718 3626 mundus,
1736 3547 1874 3630 prolana
1889 3555 1941 3612 θεῖ
1958 3547 2157 3630 superstitio,

146 3638 254 3697 torem
273 3652 377 3696 unum
392 3628 487 3697 nobis
502 3631 665 3713 proponit,
683 3630 790 3696 filium
810 3651 923 3696 suum:
941 3651 1006 3714 quo
1023 3632 1125 3697 inter-
1178 3634 1213 3691 et
1245 3648 1328 3712 quae
1360 3630 1510 3714 gentium
1543 3631 1652 3714 potius
1685 3632 1849 3698 insaniam
1884 3632 2025 3714 redolet,
2059 3652 2158 3716 qnam
2194 3696 2200 3705 ,

147 3736 276 3785 oessore
299 3717 392 3784 dooot
412 3716 541 3783 Paulus
562 3727 675 3798 patere
694 3717 789 3783 nobis
811 3717 941 3783 faoilem
958 3738 1126 3784 aooessum
1177 3713 1333 3779 eoolosiae
1350 3715 1415 3780 Dei
1437 3717 1619 3785 conveniat.
1656 3716 1856 3800 Quinetiam
1873 3719 2160 3804 palamrepugnat

147 3801 190 3870 ad
211 3801 321 3868 Deum
349 3823 425 3869 oum
454 3801 576 3869 fiduoia
603 3803 845 3886 (1'11im.2,5;
870 3810 884 3866 1
905 3802 1021 3868 Ioann.
1042 3806 1070 3884 2,
1094 3808 1125 3884 1;
1176 3807 1366 3883 praesepto:
1390 3802 1574 3868 Dominum
1592 3802 1752 3885 adorabis,
1776 3813 1809 3870 et
1827 3805 1922 3871 illum
1945 3805 2052 3871 solnm
2072 3805 2159 3871 coles

144 3888 268 3972 Ephes.
288 3892 317 3969 3,
339 3892 393 3967 12;
415 3887 518 3954 Hebr.
540 3897 570 3967 4,
598 3890 661 3972 16).
706 3888 752 3953 Εῖ
772 3888 856 3954 alter
876 3883 1042 3971 apostolus
1065 3909 1125 3955 nos
1178 3886 1292 3969 (Dent.
1313 3891 1342 3967 6,
1366 3890 1421 3965 133
1440 3888 1562 3954 Matth.
1582 3895 1612 3966 4,
1636 3890 1698 3974 10).

145 3976 315 4054 hortatur,
347 3981 385 4039 ut
413 3974 489 4039 freti
518 3974 575 4039 tali
598 3974 757 4040 advocato
785 3973 942 4040 adeamus
968 3972 1010 4039 ad
1032 3975 1125 4040 thro·

145 4083 226 4128 num
246 4061 381 4146 gratiae.
416 4059 614 4126 Mandatum
632 4062 734 4144 igitur
755 4060 1002 4144 nullumquam
1020 4067 1127 4126 exstet

146 4146 187 4214 de
213 4146 402 4232 quaerenda
430 4152 620 4212 sanatorum
650 4153 855 4212 mortuorum
882 4146 1124 4225 intereossione,
1476 4198 1742 4267 ARTIOULUS
1765 4201 1853 4266 XIV

145 4253 247 4317 quum
275 4232 369 4299 nulla
392 4232 566 4316 promissio
603 4253 740 4316 nsquam
768 4232 969 4316 reperiatur,
1004 4233 1125 4298 consti·
1855 4251 1862 4266 ·

144 4320 269 4385 tmmus
290 4339 439 4406 pugnare
461 4317 523 4385 hoo
545 4319 702 4385 orationis
720 4340 825 4404 genus
847 4340 922 4386 oum
943 4319 1125 4402 seripturae
1404 4325 1471 4408 De
1501 4324 1927 4437 peregrinationibus,

144 4425 182 4470 re
228 4403 268 4470 la.
314 4406 367 4471 Ad
396 4405 492 4486 haee,
520 4405 649 4471 nullum
672 4406 743 4470 eius
770 4405 819 4470 rei
839 4404 1026 4488 exemplum
1048 4425 1124 4488 pro-

146 4488 301 4556 dierunt
327 4491 380 4558 vol
406 4491 601 4576 prophetae,
634 4490 690 4558 vel
718 4491 866 4575 apostoli.
911 4491 1009 4556 Nune
1035 4491 1123 4575 apud
1266 4489 1310 4556 Ob
1331 4492 1426 4574 idque
1443 4493 1586 4576 relipiose
1606 4492 1737 4574 foetent,
1760 4495 1816 4576 qui
1839 4493 1905 4560 loeo
1927 4495 1973 4560 eis
1992 4495 2098 4562 oeae
2119 4515 2157 4561 ee

146 4595 182 4642 se
210 4575 346 4660 quisque
372 4578 447 4661 pius
475 4578 657 4662 expendat,
692 4596 792 4660 quam
821 4577 865 4644 sit
890 4576 1122 4661 porioulosum‚
1175 4576 1329 4643 devotione
1350 4579 1487 4644 oteitoat

144 4682 214 4728 non
240 4668 373 4727 tantum
400 4664 521 4747 absque
549 4664 648 4731 verbo
670 4662 750 4744 Dei,
779 4661 837 4729 sed
864 4663 964 4729 etiam
992 4671 1124 4747 praetor

145 4746 350 4831 exemplum,
379 4754 510 4814 tentare
537 4772 661 4816 novum
688 4751 845 4815 orationis
866 4769 978 4834 genus.
1025 4746 1123 4831 Quod
1260 4749 1427 4816 Probatur
1449 4749 1510 4815 sio:
1533 4748 1620 4830 Quia
1642 4758 1728 4817 osset
1748 4771 1871 4836 magna
1892 4752 2105 4838 ingratitudo,
2128 4754 2156 4820 si

1175 4835 1285 4900 minus
1307 4835 1441 4902 honoris
1460 4837 1555 4901 fieret
1577 4838 1700 4903 sanatis
1722 4858 1822 4920 quam
1844 4837 1939 4905 idolis
1963 4839 2154 4924 gentilium3

213 4990 244 5056 1)
272 4986 370 5042 Ganos
398 4986 491 5042 addit:
517 4987 555 5042 Εῖ
581 4989 614 5044 de
640 4991 720 5060 isiot,
748 4989 810 5045 d’oh
834 4992 961 5045 viennent
983 4991 1010 5044 la
1037 4990 1124 5044 sainct

143 5057 254 5126 Martia,
272 5056 299 5112 la
317 5057 404 5111 sainct
414 5057 539 5122 Pansart,
557 5055 624 5111 c’est
640 5061 657 5112 a
675 5059 1010 5129 siracusam-premnt
1037 5065 1065 5112 et
1081 5058 1122 5112 les
1246 5058 1276 5125 1)
1302 5057 1396 5112 Idem:
1417 5058 1482 5114 Cela
1512 5066 1555 5116 est
1604 5076 1654 5115 our
1676 5076 1823 5130 repausser
1851 5069 1913 5118 tous
1937 5061 1979 5118 les
2007 5077 2151 5134 argument

143 5127 225 5196 Rois,
247 5131 276 5180 et
297 5125 325 5180 la
343 5124 545 5208 chandeleuse3
576 5126 652 5206 sinon
680 5127 758 5196 qu’en
786 5130 941 5198 changeent
969 5100 1121 5196 l'idolatrie,
1174 5126 1254 5196 qu’on
1269 5143 1342 5208 '9⁰9⁸
1361 5126 1517 5183 saurelairs
1536 5128 1569 5182 do
1583 5076 1753 5199 l’Eseritnra
1772 5130 1889 5200 laquelle
1907 5131 1984 5201 parle
2003 5147 2036 5186 en
2056 5131 2151 5189 eonius

140 5209 181 5252 on
198 5209 215 5250 a
232 5193 315 5251 voulu
333 5194 423 5251 abolu
440 5194 468 5249 la
485 5193 565 5263 sapon
583 5197 732 5250 ancienne?
1175 5211 1238 5252 sans
1256 5196 1410 5265 dsungner.
