<?xml version="1.0" encoding="UTF-8"?>
<!DOCTYPE html PUBLIC "-//W3C//DTD XHTML 1.0 Transitional//EN"
    "http://www.w3.org/TR/xhtml1/DTD/xhtml1-transitional.dtd">
<html xmlns="http://www.w3.org/1999/xhtml" xml:lang="en" lang="en">
 <head>
  <title>
</title>
<meta http-equiv="Content-Type" content="text/html;charset=utf-8" />
  <meta name='ocr-system' content='tesseract 3.04.00' />
  <meta name='ocr-capabilities' content='ocr_page ocr_carea ocr_par ocr_line ocrx_word'/>
</head>
<body>
  <div class='ocr_page' id='page_1' title='image "./ioanniscalvinio14calvgoog_0352.png"; bbox 0 0 4590 5902; ppageno 0'>
   <div class='ocr_carea' id='block_1_1' title="bbox 10 5162 51 5424">
    <p class='ocr_par' dir='ltr' id='par_1_1' title="bbox 10 5162 51 5424">
     <span class='ocr_line' id='line_1_1' title="bbox 10 5162 51 5424; baseline 0 0"><span class='ocrx_word' id='word_1_1' title='bbox 10 5162 51 5424; x_wconf 75' lang='grc'><strong>7</strong></span> 
     </span>
    </p>
   </div>
   <div class='ocr_carea' id='block_1_2' title="bbox 120 105 2138 176">
    <p class='ocr_par' dir='ltr' id='par_1_2' title="bbox 120 105 2138 176">
     <span class='ocr_line' id='line_1_2' title="bbox 120 105 2138 176; baseline 0.003 -7"><span class='ocrx_word' id='word_1_2' title='bbox 120 105 182 169; x_wconf 76' lang='grc'><strong>777</strong></span> <span class='ocrx_word' id='word_1_3' title='bbox 1019 106 1228 174; x_wconf 81' lang='grc' dir='ltr'><strong>ΙΝΤΕΒΙΜ.</strong></span> <span class='ocrx_word' id='word_1_4' title='bbox 2072 113 2138 176; x_wconf 80' lang='grc'><strong>578</strong></span> 
     </span>
    </p>
   </div>
   <div class='ocr_carea' id='block_1_3' title="bbox 59 292 2139 5189">
    <p class='ocr_par' dir='ltr' id='par_1_3' title="bbox 59 292 2139 5189">
     <span class='ocr_line' id='line_1_3' title="bbox 120 292 2133 379; baseline 0.001 -17"><span class='ocrx_word' id='word_1_5' title='bbox 120 293 202 362; x_wconf 68' lang='lat' dir='ltr'><strong>uim</strong></span> <span class='ocrx_word' id='word_1_6' title='bbox 223 293 289 358; x_wconf 86' lang='lat' dir='ltr'><strong><em>tria</em></strong></span> <span class='ocrx_word' id='word_1_7' title='bbox 309 292 453 377; x_wconf 88' lang='grc'><strong>667779676</strong></span> <span class='ocrx_word' id='word_1_8' title='bbox 474 298 555 372; x_wconf 86' lang='lat' dir='ltr'><strong><em>sunt,</em></strong></span> <span class='ocrx_word' id='word_1_9' title='bbox 575 298 604 357; x_wconf 90' lang='grc'><strong>67</strong></span> <span class='ocrx_word' id='word_1_10' title='bbox 624 312 657 358; x_wconf 86' lang='grc'><strong>66</strong></span> <span class='ocrx_word' id='word_1_11' title='bbox 679 292 812 359; x_wconf 82' lang='grc'><strong>7667666</strong></span> <span class='ocrx_word' id='word_1_12' title='bbox 833 295 1006 360; x_wconf 87' lang='lat' dir='ltr'><strong><em>necessaria</em></strong></span> <span class='ocrx_word' id='word_1_13' title='bbox 1028 316 1099 362; x_wconf 90' lang='grc'><strong>666-</strong></span> <span class='ocrx_word' id='word_1_14' title='bbox 1150 295 1333 361; x_wconf 78' lang='lat' dir='ltr'><strong><em>memoriam</em></strong></span> <span class='ocrx_word' id='word_1_15' title='bbox 1352 295 1482 362; x_wconf 81' lang='grc'><strong>6677676</strong></span> <span class='ocrx_word' id='word_1_16' title='bbox 1501 297 1538 362; x_wconf 88' lang='lat' dir='ltr'><strong>iu</strong></span> <span class='ocrx_word' id='word_1_17' title='bbox 1558 297 1680 362; x_wconf 84' lang='grc'><strong>6676676</strong></span> <span class='ocrx_word' id='word_1_18' title='bbox 1700 297 1818 363; x_wconf 79' lang='lat' dir='ltr'><strong><em>rustris</em></strong></span> <span class='ocrx_word' id='word_1_19' title='bbox 1840 316 2074 379; x_wconf 81' lang='lat' dir='ltr'><strong><em>renovaremus,</em></strong></span> <span class='ocrx_word' id='word_1_20' title='bbox 2102 303 2133 364; x_wconf 93' lang='lat' dir='ltr'><strong><em>et</em></strong></span> 
     </span>
     <span class='ocr_line' id='line_1_4' title="bbox 121 378 2133 464; baseline 0.002 -20"><span class='ocrx_word' id='word_1_21' title='bbox 121 383 309 462; x_wconf 71' lang='lat' dir='ltr'><strong><em>sequuntur:</em></strong></span> <span class='ocrx_word' id='word_1_22' title='bbox 322 379 379 458; x_wconf 79' lang='lat' dir='ltr'><strong><em>len,</em></strong></span> <span class='ocrx_word' id='word_1_23' title='bbox 389 378 598 444; x_wconf 87' lang='lat' dir='ltr'><strong><em>sacerdotium</em></strong></span> <span class='ocrx_word' id='word_1_24' title='bbox 610 383 637 442; x_wconf 91' lang='lat' dir='ltr'><strong><em>et</em></strong></span> <span class='ocrx_word' id='word_1_25' title='bbox 647 379 840 458; x_wconf 70' lang='lat' dir='ltr'><strong><em>sacrificium</em></strong></span> <span class='ocrx_word' id='word_1_26' title='bbox 855 379 972 464; x_wconf 86' lang='lat' dir='ltr'><strong><em>(Hebr.</em></strong></span> <span class='ocrx_word' id='word_1_27' title='bbox 988 385 1016 459; x_wconf 88' lang='grc'><strong>7,</strong></span> <span class='ocrx_word' id='word_1_28' title='bbox 1032 380 1097 463; x_wconf 79' lang='grc'>12).</span> <span class='ocrx_word' id='word_1_29' title='bbox 1149 381 1286 462; x_wconf 75' lang='grc'><strong>76667666</strong></span> <span class='ocrx_word' id='word_1_30' title='bbox 1307 381 1402 447; x_wconf 86' lang='lat' dir='ltr'><strong><em>istius</em></strong></span> <span class='ocrx_word' id='word_1_31' title='bbox 1429 380 1594 447; x_wconf 84' lang='lat' dir='ltr'><strong><em>ablationis</em></strong></span> <span class='ocrx_word' id='word_1_32' title='bbox 1621 387 1781 460; x_wconf 87' lang='lat' dir='ltr'><strong><em>cruentae,</em></strong></span> <span class='ocrx_word' id='word_1_33' title='bbox 1817 403 1881 464; x_wconf 80' lang='lat' dir='ltr'><strong><em>qua</em></strong></span> <span class='ocrx_word' id='word_1_34' title='bbox 1907 383 1943 448; x_wconf 88' lang='lat' dir='ltr'><strong>in</strong></span> <span class='ocrx_word' id='word_1_35' title='bbox 1971 390 2133 449; x_wconf 81' lang='lat' dir='ltr'><strong><em>adamum</em></strong></span> 
     </span>
     <span class='ocr_line' id='line_1_5' title="bbox 208 463 2137 551; baseline 0.003 -21"><span class='ocrx_word' id='word_1_36' title='bbox 208 464 263 530; x_wconf 87' lang='lat' dir='ltr'><strong>Sia</strong></span> <span class='ocrx_word' id='word_1_37' title='bbox 289 466 395 547; x_wconf 80' lang='grc'><strong>776966</strong></span> <span class='ocrx_word' id='word_1_38' title='bbox 421 463 479 528; x_wconf 86' lang='lat' dir='ltr'><strong>sub</strong></span> <span class='ocrx_word' id='word_1_39' title='bbox 502 465 565 547; x_wconf 87' lang='grc'><strong>7696</strong></span> <span class='ocrx_word' id='word_1_40' title='bbox 592 468 725 529; x_wconf 85' lang='grc'><strong>6676666</strong></span> <span class='ocrx_word' id='word_1_41' title='bbox 753 466 830 530; x_wconf 85' lang='lat' dir='ltr'><strong><em>iusti</em></strong></span> <span class='ocrx_word' id='word_1_42' title='bbox 851 465 990 532; x_wconf 85' lang='grc'><strong>76667666</strong></span> <span class='ocrx_word' id='word_1_43' title='bbox 1011 472 1039 531; x_wconf 90' lang='grc'><strong>67</strong></span> <span class='ocrx_word' id='word_1_44' title='bbox 1060 468 1099 532; x_wconf 90' lang='lat' dir='ltr'><strong><em>de</em></strong></span> <span class='ocrx_word' id='word_1_45' title='bbox 1151 466 1802 551; x_wconf 72' lang='lat' dir='ltr'><strong><em>consummacitsanctidcatas(Hebr.10,</em></strong></span> <span class='ocrx_word' id='word_1_46' title='bbox 1825 471 1890 551; x_wconf 84' lang='grc'><strong>14),</strong></span> <span class='ocrx_word' id='word_1_47' title='bbox 1912 470 1948 533; x_wconf 90' lang='lat' dir='ltr'><strong>in</strong></span> <span class='ocrx_word' id='word_1_48' title='bbox 1964 475 2137 536; x_wconf 83' lang='lat' dir='ltr'><strong><em>nostrans·</em></strong></span> 
     </span>
     <span class='ocr_line' id='line_1_6' title="bbox 121 549 2132 635; baseline 0.001 -16"><span class='ocrx_word' id='word_1_49' title='bbox 121 549 184 619; x_wconf 71' lang='lat' dir='ltr'><strong>Du·</strong></span> <span class='ocrx_word' id='word_1_50' title='bbox 199 551 467 634; x_wconf 86' lang='lat' dir='ltr'><strong><em>promissionibus</em></strong></span> <span class='ocrx_word' id='word_1_51' title='bbox 484 549 588 628; x_wconf 87' lang='grc'><strong>6676677,</strong></span> <span class='ocrx_word' id='word_1_52' title='bbox 609 549 645 613; x_wconf 88' lang='lat' dir='ltr'><strong>in</strong></span> <span class='ocrx_word' id='word_1_53' title='bbox 662 570 838 632; x_wconf 72' lang='lat' dir='ltr'><strong><em>eumenem</em></strong></span> <span class='ocrx_word' id='word_1_54' title='bbox 858 551 1004 633; x_wconf 83' lang='lat' dir='ltr'><strong><em>futurum</em></strong></span> <span class='ocrx_word' id='word_1_55' title='bbox 1026 553 1100 618; x_wconf 88' lang='lat' dir='ltr'><strong><em>scie-</em></strong></span> <span class='ocrx_word' id='word_1_56' title='bbox 1149 551 1311 633; x_wconf 74' lang='lat' dir='ltr'><strong><em>fenenna</em></strong></span> <span class='ocrx_word' id='word_1_57' title='bbox 1346 552 1414 618; x_wconf 86' lang='lat' dir='ltr'><strong>Hoc</strong></span> <span class='ocrx_word' id='word_1_58' title='bbox 1434 557 1479 618; x_wconf 88' lang='lat' dir='ltr'><strong>est</strong></span> <span class='ocrx_word' id='word_1_59' title='bbox 1500 554 1584 619; x_wconf 88' lang='lat' dir='ltr'><strong><em>enim</em></strong></span> <span class='ocrx_word' id='word_1_60' title='bbox 1602 553 1707 635; x_wconf 77' lang='lat' dir='ltr'><strong><em>faeere</em></strong></span> <span class='ocrx_word' id='word_1_61' title='bbox 1727 553 1763 618; x_wconf 89' lang='lat' dir='ltr'><strong>in</strong></span> <span class='ocrx_word' id='word_1_62' title='bbox 1784 554 1969 620; x_wconf 83' lang='lat' dir='ltr'><strong><em>memoriam</em></strong></span> <span class='ocrx_word' id='word_1_63' title='bbox 1990 555 2067 633; x_wconf 88' lang='lat' dir='ltr'><strong><em>eius,</em></strong></span> <span class='ocrx_word' id='word_1_64' title='bbox 2095 556 2132 621; x_wconf 88' lang='lat' dir='ltr'><strong>id</strong></span> 
     </span>
     <span class='ocr_line' id='line_1_7' title="bbox 123 635 2132 722; baseline 0.002 -19"><span class='ocrx_word' id='word_1_65' title='bbox 123 636 195 703; x_wconf 82' lang='grc'><strong>7667</strong></span> <span class='ocrx_word' id='word_1_66' title='bbox 213 635 400 704; x_wconf 78' lang='grc'><strong>6676676666</strong></span> <span class='ocrx_word' id='word_1_67' title='bbox 417 636 569 702; x_wconf 82' lang='lat' dir='ltr'><strong><em>credentes</em></strong></span> <span class='ocrx_word' id='word_1_68' title='bbox 586 636 745 716; x_wconf 77' lang='lat' dir='ltr'><strong><em>sacrificia</em></strong></span> <span class='ocrx_word' id='word_1_69' title='bbox 765 636 945 717; x_wconf 78' lang='lat' dir='ltr'><strong><em>afferebant:</em></strong></span> <span class='ocrx_word' id='word_1_70' title='bbox 966 658 1100 720; x_wconf 77' lang='lat' dir='ltr'><strong><em>quorum</em></strong></span> <span class='ocrx_word' id='word_1_71' title='bbox 1152 642 1212 717; x_wconf 88' lang='lat' dir='ltr'><strong><em>est,</em></strong></span> <span class='ocrx_word' id='word_1_72' title='bbox 1239 639 1341 722; x_wconf 83' lang='lat' dir='ltr'><strong><em>pratis</em></strong></span> <span class='ocrx_word' id='word_1_73' title='bbox 1369 639 1487 704; x_wconf 88' lang='lat' dir='ltr'><strong><em>animis</em></strong></span> <span class='ocrx_word' id='word_1_74' title='bbox 1515 658 1753 705; x_wconf 87' lang='lat' dir='ltr'><strong><em>commemorare</em></strong></span> <span class='ocrx_word' id='word_1_75' title='bbox 1773 644 1903 705; x_wconf 83' lang='lat' dir='ltr'><strong><em>nmrtem</em></strong></span> <span class='ocrx_word' id='word_1_76' title='bbox 1923 639 2074 720; x_wconf 89' lang='lat' dir='ltr'><strong><em>Domini,</em></strong></span> <span class='ocrx_word' id='word_1_77' title='bbox 2102 646 2132 707; x_wconf 86' lang='lat' dir='ltr'><strong><em>et</em></strong></span> 
     </span>
     <span class='ocr_line' id='line_1_8' title="bbox 125 721 2134 810; baseline 0.001 -20"><span class='ocrx_word' id='word_1_78' title='bbox 125 722 276 790; x_wconf 78' lang='lat' dir='ltr'><strong><em>abbatiam</em></strong></span> <span class='ocrx_word' id='word_1_79' title='bbox 292 723 421 806; x_wconf 77' lang='lat' dir='ltr'><strong><em>futurae</em></strong></span> <span class='ocrx_word' id='word_1_80' title='bbox 437 721 554 787; x_wconf 82' lang='grc'><strong>6676776</strong></span> <span class='ocrx_word' id='word_1_81' title='bbox 567 721 662 802; x_wconf 70' lang='lat' dir='ltr'><strong><em>fidem</em></strong></span> <span class='ocrx_word' id='word_1_82' title='bbox 682 726 711 786; x_wconf 94' lang='grc'><strong>67</strong></span> <span class='ocrx_word' id='word_1_83' title='bbox 731 742 826 803; x_wconf 80' lang='lat' dir='ltr'><strong><em>sporn,</em></strong></span> <span class='ocrx_word' id='word_1_84' title='bbox 848 728 877 788; x_wconf 92' lang='grc'><strong>67</strong></span> <span class='ocrx_word' id='word_1_85' title='bbox 891 743 956 804; x_wconf 85' lang='lat' dir='ltr'><strong><em>pro</em></strong></span> <span class='ocrx_word' id='word_1_86' title='bbox 973 744 1010 789; x_wconf 89' lang='lat' dir='ltr'><strong><em>ca</em></strong></span> <span class='ocrx_word' id='word_1_87' title='bbox 1024 745 1099 807; x_wconf 84' lang='grc'><strong>966·</strong></span> <span class='ocrx_word' id='word_1_88' title='bbox 1148 742 1208 805; x_wconf 89' lang='lat' dir='ltr'><strong>per</strong></span> <span class='ocrx_word' id='word_1_89' title='bbox 1235 725 1418 791; x_wconf 84' lang='lat' dir='ltr'><strong><em>memoriam</em></strong></span> <span class='ocrx_word' id='word_1_90' title='bbox 1443 729 1472 788; x_wconf 91' lang='lat' dir='ltr'><strong><em>et</em></strong></span> <span class='ocrx_word' id='word_1_91' title='bbox 1502 725 1650 790; x_wconf 89' lang='lat' dir='ltr'><strong><em>meritum</em></strong></span> <span class='ocrx_word' id='word_1_92' title='bbox 1674 725 1840 808; x_wconf 84' lang='lat' dir='ltr'><strong><em>passionis</em></strong></span> <span class='ocrx_word' id='word_1_93' title='bbox 1874 727 1943 790; x_wconf 90' lang='lat' dir='ltr'><strong><em>eius</em></strong></span> <span class='ocrx_word' id='word_1_94' title='bbox 1969 726 2134 810; x_wconf 86' lang='lat' dir='ltr'><strong><em>deprecari</em></strong></span> 
     </span>
     <span class='ocr_line' id='line_1_9' title="bbox 124 806 1696 892; baseline -0.001 -16"><span class='ocrx_word' id='word_1_95' title='bbox 124 809 290 876; x_wconf 80' lang='grc'><strong>7776776666</strong></span> <span class='ocrx_word' id='word_1_96' title='bbox 316 828 409 873; x_wconf 79' lang='lat' dir='ltr'><strong>mmm</strong></span> <span class='ocrx_word' id='word_1_97' title='bbox 436 806 647 888; x_wconf 76' lang='lat' dir='ltr'><strong><em>declarabunt,</em></strong></span> <span class='ocrx_word' id='word_1_98' title='bbox 675 808 815 887; x_wconf 88' lang='lat' dir='ltr'><strong><em>eteius,</em></strong></span> <span class='ocrx_word' id='word_1_99' title='bbox 844 807 927 890; x_wconf 78' lang='lat' dir='ltr'><strong><em>qued</em></strong></span> <span class='ocrx_word' id='word_1_100' title='bbox 953 808 1100 892; x_wconf 77' lang='lat' dir='ltr'><strong><em>futurum</em></strong></span> <span class='ocrx_word' id='word_1_101' title='bbox 1146 813 1288 891; x_wconf 69' lang='lat' dir='ltr'><strong><em>panem,</em></strong></span> <span class='ocrx_word' id='word_1_102' title='bbox 1314 815 1350 874; x_wconf 91' lang='lat' dir='ltr'><strong>ut</strong></span> <span class='ocrx_word' id='word_1_103' title='bbox 1369 810 1457 877; x_wconf 86' lang='lat' dir='ltr'><strong><em>nabis</em></strong></span> <span class='ocrx_word' id='word_1_104' title='bbox 1477 811 1696 877; x_wconf 74' lang='lat' dir='ltr'><strong><em>reconcilietur.</em></strong></span> 
     </span>
     <span class='ocr_line' id='line_1_10' title="bbox 304 892 2130 975; baseline 0.004 -19"><span class='ocrx_word' id='word_1_105' title='bbox 304 898 346 972; x_wconf 81' lang='lat' dir='ltr'><strong>nt,</strong></span> <span class='ocrx_word' id='word_1_106' title='bbox 367 894 522 959; x_wconf 77' lang='lat' dir='ltr'><strong><em>salutaris</em></strong></span> <span class='ocrx_word' id='word_1_107' title='bbox 543 892 695 974; x_wconf 75' lang='lat' dir='ltr'><strong><em>sacrificii</em></strong></span> <span class='ocrx_word' id='word_1_108' title='bbox 718 894 840 958; x_wconf 88' lang='lat' dir='ltr'><strong><em>meritis</em></strong></span> <span class='ocrx_word' id='word_1_109' title='bbox 861 894 1012 960; x_wconf 83' lang='lat' dir='ltr'><strong><em>adiuuari</em></strong></span> <span class='ocrx_word' id='word_1_110' title='bbox 1034 915 1100 961; x_wconf 82' lang='grc'><strong>666-</strong></span> <span class='ocrx_word' id='word_1_111' title='bbox 1240 893 1328 960; x_wconf 87' lang='lat' dir='ltr'><strong><em>Haec</em></strong></span> <span class='ocrx_word' id='word_1_112' title='bbox 1344 900 1389 960; x_wconf 89' lang='lat' dir='ltr'><strong>est</strong></span> <span class='ocrx_word' id='word_1_113' title='bbox 1409 896 1529 961; x_wconf 88' lang='lat' dir='ltr'><strong><em>munda</em></strong></span> <span class='ocrx_word' id='word_1_114' title='bbox 1556 901 1586 961; x_wconf 93' lang='grc'><strong>67</strong></span> <span class='ocrx_word' id='word_1_115' title='bbox 1607 896 1762 962; x_wconf 79' lang='lat' dir='ltr'><strong><em>salutaris</em></strong></span> <span class='ocrx_word' id='word_1_116' title='bbox 1789 894 1910 975; x_wconf 83' lang='lat' dir='ltr'><strong><em>oblatio,</em></strong></span> <span class='ocrx_word' id='word_1_117' title='bbox 1932 896 2023 963; x_wconf 84' lang='lat' dir='ltr'><strong><em>iltius</em></strong></span> <span class='ocrx_word' id='word_1_118' title='bbox 2040 897 2130 964; x_wconf 88' lang='lat' dir='ltr'><strong><em>unici</em></strong></span> 
     </span>
     <span class='ocr_line' id='line_1_11' title="bbox 146 978 2130 1064; baseline 0.003 -18"><span class='ocrx_word' id='word_1_119' title='bbox 146 982 153 995; x_wconf 84' lang='lat'><em>‘</em></span> <span class='ocrx_word' id='word_1_120' title='bbox 209 985 253 1046; x_wconf 87' lang='lat' dir='ltr'><strong>nt.</strong></span> <span class='ocrx_word' id='word_1_121' title='bbox 295 978 391 1044; x_wconf 84' lang='lat' dir='ltr'><strong><em>Hune</em></strong></span> <span class='ocrx_word' id='word_1_122' title='bbox 417 998 533 1044; x_wconf 89' lang='lat' dir='ltr'><strong><em>morem</em></strong></span> <span class='ocrx_word' id='word_1_123' title='bbox 558 983 697 1043; x_wconf 88' lang='grc'><strong>66676666</strong></span> <span class='ocrx_word' id='word_1_124' title='bbox 719 984 822 1062; x_wconf 85' lang='grc'><strong>966766</strong></span> <span class='ocrx_word' id='word_1_125' title='bbox 854 978 970 1046; x_wconf 82' lang='grc'><strong>6666776</strong></span> <span class='ocrx_word' id='word_1_126' title='bbox 1001 981 1101 1064; x_wconf 88' lang='lat' dir='ltr'><strong><em>inspi-</em></strong></span> <span class='ocrx_word' id='word_1_127' title='bbox 1151 979 1321 1061; x_wconf 73' lang='lat' dir='ltr'><strong><em>sacrificii,</em></strong></span> <span class='ocrx_word' id='word_1_128' title='bbox 1348 1001 1410 1063; x_wconf 81' lang='grc'><strong>966</strong></span> <span class='ocrx_word' id='word_1_129' title='bbox 1429 982 1569 1046; x_wconf 88' lang='lat' dir='ltr'><strong><em>omnium</em></strong></span> <span class='ocrx_word' id='word_1_130' title='bbox 1590 982 1680 1047; x_wconf 88' lang='lat' dir='ltr'><strong><em>satus</em></strong></span> <span class='ocrx_word' id='word_1_131' title='bbox 1706 986 1887 1064; x_wconf 85' lang='lat' dir='ltr'><strong><em>comparata</em></strong></span> <span class='ocrx_word' id='word_1_132' title='bbox 1907 987 1961 1063; x_wconf 87' lang='grc'><strong>667,</strong></span> <span class='ocrx_word' id='word_1_133' title='bbox 1983 1002 2130 1051; x_wconf 84' lang='grc'><strong>66666666-</strong></span> 
     </span>
     <span class='ocr_line' id='line_1_12' title="bbox 122 1064 2131 1150; baseline 0 -17"><span class='ocrx_word' id='word_1_134' title='bbox 122 1067 244 1133; x_wconf 78' lang='grc'><strong>6677666</strong></span> <span class='ocrx_word' id='word_1_135' title='bbox 269 1066 390 1131; x_wconf 87' lang='lat' dir='ltr'><strong><em>animis</em></strong></span> <span class='ocrx_word' id='word_1_136' title='bbox 417 1083 522 1129; x_wconf 87' lang='lat' dir='ltr'><strong><em>eorum</em></strong></span> <span class='ocrx_word' id='word_1_137' title='bbox 556 1064 654 1130; x_wconf 86' lang='lat' dir='ltr'><strong><em>insita</em></strong></span> <span class='ocrx_word' id='word_1_138' title='bbox 682 1065 854 1146; x_wconf 85' lang='grc'><strong>7667766766,</strong></span> <span class='ocrx_word' id='word_1_139' title='bbox 885 1086 947 1131; x_wconf 90' lang='lat' dir='ltr'><strong>nou</strong></span> <span class='ocrx_word' id='word_1_140' title='bbox 974 1067 1101 1150; x_wconf 78' lang='lat' dir='ltr'><strong><em>quidem</em></strong></span> <span class='ocrx_word' id='word_1_141' title='bbox 1151 1066 1270 1145; x_wconf 85' lang='lat' dir='ltr'><strong><em>retica,</em></strong></span> <span class='ocrx_word' id='word_1_142' title='bbox 1304 1086 1365 1132; x_wconf 88' lang='lat' dir='ltr'><strong><em>nen</em></strong></span> <span class='ocrx_word' id='word_1_143' title='bbox 1402 1066 1502 1133; x_wconf 87' lang='lat' dir='ltr'><strong><em>satum</em></strong></span> <span class='ocrx_word' id='word_1_144' title='bbox 1536 1067 1735 1150; x_wconf 76' lang='lat' dir='ltr'><strong><em>sipnisicans,</em></strong></span> <span class='ocrx_word' id='word_1_145' title='bbox 1774 1066 1829 1133; x_wconf 90' lang='lat' dir='ltr'><strong>sed</strong></span> <span class='ocrx_word' id='word_1_146' title='bbox 1860 1088 1895 1133; x_wconf 91' lang='lat' dir='ltr'><strong><em>re</em></strong></span> <span class='ocrx_word' id='word_1_147' title='bbox 1925 1069 2064 1149; x_wconf 82' lang='lat' dir='ltr'><strong><em>ipsein</em></strong></span> <span class='ocrx_word' id='word_1_148' title='bbox 2096 1088 2131 1134; x_wconf 86' lang='lat' dir='ltr'><strong>se</strong></span> 
     </span>
     <span class='ocr_line' id='line_1_13' title="bbox 122 1148 2131 1237; baseline 0 -17"><span class='ocrx_word' id='word_1_149' title='bbox 122 1152 237 1231; x_wconf 81' lang='grc'><strong>176666,</strong></span> <span class='ocrx_word' id='word_1_150' title='bbox 250 1150 276 1236; x_wconf 90' lang='lat'><strong>¹)</strong></span> <span class='ocrx_word' id='word_1_151' title='bbox 297 1150 352 1216; x_wconf 86' lang='lat' dir='ltr'><strong>sed</strong></span> <span class='ocrx_word' id='word_1_152' title='bbox 373 1170 463 1232; x_wconf 81' lang='grc'><strong>96666</strong></span> <span class='ocrx_word' id='word_1_153' title='bbox 479 1148 585 1216; x_wconf 92' lang='lat' dir='ltr'><strong><em>Deum</em></strong></span> <span class='ocrx_word' id='word_1_154' title='bbox 602 1155 659 1215; x_wconf 88' lang='lat' dir='ltr'><strong><em>aut</em></strong></span> <span class='ocrx_word' id='word_1_155' title='bbox 670 1150 835 1232; x_wconf 84' lang='lat' dir='ltr'><strong><em>putabant,</em></strong></span> <span class='ocrx_word' id='word_1_156' title='bbox 855 1157 913 1216; x_wconf 92' lang='lat' dir='ltr'><strong><em>aut</em></strong></span> <span class='ocrx_word' id='word_1_157' title='bbox 931 1150 1099 1237; x_wconf 75' lang='lat' dir='ltr'><strong><em>finpebant,</em></strong></span> <span class='ocrx_word' id='word_1_158' title='bbox 1151 1150 1410 1233; x_wconf 84' lang='lat' dir='ltr'><strong><em>comprebendens</em></strong></span> <span class='ocrx_word' id='word_1_159' title='bbox 1441 1153 1602 1218; x_wconf 84' lang='grc'><strong>6667767666</strong></span> <span class='ocrx_word' id='word_1_160' title='bbox 1637 1152 1768 1218; x_wconf 87' lang='lat' dir='ltr'><strong><em>ittarum</em></strong></span> <span class='ocrx_word' id='word_1_161' title='bbox 1801 1172 1926 1233; x_wconf 84' lang='grc'><strong>666666,</strong></span> <span class='ocrx_word' id='word_1_162' title='bbox 1959 1174 2041 1237; x_wconf 75' lang='lat' dir='ltr'><strong><em>qnos</em></strong></span> <span class='ocrx_word' id='word_1_163' title='bbox 2080 1153 2131 1220; x_wconf 87' lang='lat' dir='ltr'><strong>di-</strong></span> 
     </span>
     <span class='ocr_line' id='line_1_14' title="bbox 122 1235 2128 1323; baseline 0 -18"><span class='ocrx_word' id='word_1_164' title='bbox 122 1236 291 1319; x_wconf 59' lang='lat' dir='ltr'><strong><em>sacrificiis</em></strong></span> <span class='ocrx_word' id='word_1_165' title='bbox 306 1236 438 1319; x_wconf 77' lang='grc'><strong>9766666</strong></span> <span class='ocrx_word' id='word_1_166' title='bbox 458 1235 627 1300; x_wconf 87' lang='grc'><strong>667666667.</strong></span> <span class='ocrx_word' id='word_1_167' title='bbox 1151 1255 1312 1302; x_wconf 86' lang='lat' dir='ltr'><strong><em>versorum</em></strong></span> <span class='ocrx_word' id='word_1_168' title='bbox 1358 1238 1587 1320; x_wconf 78' lang='lat' dir='ltr'><strong><em>sacrificiorum</em></strong></span> <span class='ocrx_word' id='word_1_169' title='bbox 1636 1237 1804 1304; x_wconf 84' lang='lat' dir='ltr'><strong><em>oblationes</em></strong></span> <span class='ocrx_word' id='word_1_170' title='bbox 1853 1238 1929 1304; x_wconf 90' lang='lat' dir='ltr'><strong><em>otim</em></strong></span> <span class='ocrx_word' id='word_1_171' title='bbox 1976 1239 2128 1323; x_wconf 82' lang='lat' dir='ltr'><strong><em>praesip-</em></strong></span> 
     </span>
     <span class='ocr_line' id='line_1_15' title="bbox 208 1319 2128 1408; baseline 0.001 -19"><span class='ocrx_word' id='word_1_172' title='bbox 208 1322 278 1389; x_wconf 71' lang='lat' dir='ltr'><strong>len</strong></span> <span class='ocrx_word' id='word_1_173' title='bbox 298 1341 448 1402; x_wconf 82' lang='lat' dir='ltr'><strong><em>seraper</em></strong></span> <span class='ocrx_word' id='word_1_174' title='bbox 470 1319 601 1404; x_wconf 81' lang='lat' dir='ltr'><strong><em>Moysen</em></strong></span> <span class='ocrx_word' id='word_1_175' title='bbox 621 1321 706 1399; x_wconf 90' lang='lat' dir='ltr'><strong><em>data,</em></strong></span> <span class='ocrx_word' id='word_1_176' title='bbox 729 1322 772 1387; x_wconf 89' lang='lat' dir='ltr'><strong><em>ad</em></strong></span> <span class='ocrx_word' id='word_1_177' title='bbox 788 1322 883 1405; x_wconf 86' lang='grc'><strong>769666</strong></span> <span class='ocrx_word' id='word_1_178' title='bbox 899 1327 1033 1389; x_wconf 88' lang='grc'><strong>6676666</strong></span> <span class='ocrx_word' id='word_1_179' title='bbox 1050 1343 1101 1389; x_wconf 91' lang='grc'><strong>66-</strong></span> <span class='ocrx_word' id='word_1_180' title='bbox 1150 1321 1282 1388; x_wconf 87' lang='lat' dir='ltr'><strong><em>nebant:</em></strong></span> <span class='ocrx_word' id='word_1_181' title='bbox 1336 1322 1442 1388; x_wconf 90' lang='lat' dir='ltr'><strong><em>eadem</em></strong></span> <span class='ocrx_word' id='word_1_182' title='bbox 1492 1325 1647 1389; x_wconf 88' lang='lat' dir='ltr'><strong><em>nimirum</em></strong></span> <span class='ocrx_word' id='word_1_183' title='bbox 1700 1324 1839 1407; x_wconf 90' lang='lat' dir='ltr'><strong><em>corporis</em></strong></span> <span class='ocrx_word' id='word_1_184' title='bbox 1883 1329 1912 1390; x_wconf 92' lang='lat' dir='ltr'><strong><em>et</em></strong></span> <span class='ocrx_word' id='word_1_185' title='bbox 1955 1324 2128 1408; x_wconf 80' lang='lat' dir='ltr'><strong><em>sanpninis</em></strong></span> 
     </span>
     <span class='ocr_line' id='line_1_16' title="bbox 123 1404 2129 1492; baseline -0.001 -16"><span class='ocrx_word' id='word_1_186' title='bbox 123 1408 245 1488; x_wconf 82' lang='grc'><strong>6667666,</strong></span> <span class='ocrx_word' id='word_1_187' title='bbox 273 1428 337 1474; x_wconf 88' lang='lat' dir='ltr'><strong><em>nan</em></strong></span> <span class='ocrx_word' id='word_1_188' title='bbox 365 1413 401 1472; x_wconf 87' lang='lat' dir='ltr'><strong>nt</strong></span> <span class='ocrx_word' id='word_1_189' title='bbox 419 1426 489 1473; x_wconf 87' lang='lat' dir='ltr'><strong>eam</strong></span> <span class='ocrx_word' id='word_1_190' title='bbox 510 1406 638 1485; x_wconf 83' lang='grc'><strong>76776667,</strong></span> <span class='ocrx_word' id='word_1_191' title='bbox 667 1406 722 1471; x_wconf 92' lang='lat' dir='ltr'><strong>sed</strong></span> <span class='ocrx_word' id='word_1_192' title='bbox 748 1414 783 1472; x_wconf 91' lang='lat' dir='ltr'><strong>ut</strong></span> <span class='ocrx_word' id='word_1_193' title='bbox 808 1407 967 1474; x_wconf 82' lang='grc'><strong>6667766666</strong></span> <span class='ocrx_word' id='word_1_194' title='bbox 993 1409 1100 1475; x_wconf 87' lang='lat' dir='ltr'><strong><em>redde-</em></strong></span> <span class='ocrx_word' id='word_1_195' title='bbox 1154 1404 1272 1472; x_wconf 85' lang='lat' dir='ltr'><strong><em>Obristi</em></strong></span> <span class='ocrx_word' id='word_1_196' title='bbox 1297 1407 1413 1489; x_wconf 83' lang='lat' dir='ltr'><strong><em>bestia,</em></strong></span> <span class='ocrx_word' id='word_1_197' title='bbox 1449 1429 1530 1492; x_wconf 78' lang='lat' dir='ltr'><strong><em>qnae</em></strong></span> <span class='ocrx_word' id='word_1_198' title='bbox 1557 1411 1591 1473; x_wconf 87' lang='lat' dir='ltr'><strong>in</strong></span> <span class='ocrx_word' id='word_1_199' title='bbox 1618 1429 1706 1475; x_wconf 88' lang='grc'><strong>66666</strong></span> <span class='ocrx_word' id='word_1_200' title='bbox 1733 1414 1778 1475; x_wconf 91' lang='grc'><strong>667</strong></span> <span class='ocrx_word' id='word_1_201' title='bbox 1804 1409 1919 1490; x_wconf 88' lang='lat' dir='ltr'><strong><em>obtata,</em></strong></span> <span class='ocrx_word' id='word_1_202' title='bbox 1953 1431 2014 1476; x_wconf 89' lang='lat' dir='ltr'><strong>uon</strong></span> <span class='ocrx_word' id='word_1_203' title='bbox 2042 1409 2129 1476; x_wconf 87' lang='lat' dir='ltr'><strong><em>ntia:</em></strong></span> 
     </span>
     <span class='ocr_line' id='line_1_17' title="bbox 122 1491 2128 1577; baseline 0 -16"><span class='ocrx_word' id='word_1_204' title='bbox 122 1500 181 1575; x_wconf 82' lang='grc'><strong>667,</strong></span> <span class='ocrx_word' id='word_1_205' title='bbox 217 1492 385 1560; x_wconf 81' lang='lat' dir='ltr'><strong><em>oblationes</em></strong></span> <span class='ocrx_word' id='word_1_206' title='bbox 420 1497 566 1558; x_wconf 82' lang='grc'><strong>66766666</strong></span> <span class='ocrx_word' id='word_1_207' title='bbox 601 1493 752 1557; x_wconf 86' lang='lat' dir='ltr'><strong><em>instituit:</em></strong></span> <span class='ocrx_word' id='word_1_208' title='bbox 792 1514 873 1576; x_wconf 79' lang='lat' dir='ltr'><strong><em>quae</em></strong></span> <span class='ocrx_word' id='word_1_209' title='bbox 910 1500 939 1558; x_wconf 91' lang='lat' dir='ltr'><strong><em>et</em></strong></span> <span class='ocrx_word' id='word_1_210' title='bbox 982 1494 1101 1576; x_wconf 76' lang='lat' dir='ltr'><strong><em>praefi·</em></strong></span> <span class='ocrx_word' id='word_1_211' title='bbox 1151 1491 1234 1558; x_wconf 83' lang='grc'><strong>767666</strong></span> <span class='ocrx_word' id='word_1_212' title='bbox 1260 1514 1375 1577; x_wconf 82' lang='lat' dir='ltr'><strong><em>epuns,</em></strong></span> <span class='ocrx_word' id='word_1_213' title='bbox 1403 1515 1464 1560; x_wconf 91' lang='lat' dir='ltr'><strong>non</strong></span> <span class='ocrx_word' id='word_1_214' title='bbox 1492 1495 1593 1574; x_wconf 82' lang='lat' dir='ltr'><strong><em>atius,</em></strong></span> <span class='ocrx_word' id='word_1_215' title='bbox 1621 1500 1649 1559; x_wconf 91' lang='lat' dir='ltr'><strong>ct</strong></span> <span class='ocrx_word' id='word_1_216' title='bbox 1675 1515 1761 1560; x_wconf 88' lang='lat' dir='ltr'><strong><em>unus</em></strong></span> <span class='ocrx_word' id='word_1_217' title='bbox 1788 1494 1948 1576; x_wconf 71' lang='lat' dir='ltr'><strong><em>utrobique</em></strong></span> <span class='ocrx_word' id='word_1_218' title='bbox 1972 1494 2128 1575; x_wconf 82' lang='lat' dir='ltr'><strong><em>Obristus,</em></strong></span> 
     </span>
     <span class='ocr_line' id='line_1_18' title="bbox 121 1575 2129 1667; baseline 0 -20"><span class='ocrx_word' id='word_1_219' title='bbox 121 1585 275 1667; x_wconf 76' lang='grc'><strong>96666667</strong></span> <span class='ocrx_word' id='word_1_220' title='bbox 299 1580 445 1663; x_wconf 76' lang='lat' dir='ltr'><strong><em>sinerum</em></strong></span> <span class='ocrx_word' id='word_1_221' title='bbox 473 1575 592 1644; x_wconf 80' lang='lat' dir='ltr'><strong><em>Obristi</em></strong></span> <span class='ocrx_word' id='word_1_222' title='bbox 618 1577 827 1660; x_wconf 70' lang='lat' dir='ltr'><strong><em>sacrificium:</em></strong></span> <span class='ocrx_word' id='word_1_223' title='bbox 853 1581 1019 1661; x_wconf 80' lang='grc'><strong>6796667766</strong></span> <span class='ocrx_word' id='word_1_224' title='bbox 1045 1600 1100 1646; x_wconf 90' lang='lat' dir='ltr'><strong>eas</strong></span> <span class='ocrx_word' id='word_1_225' title='bbox 1150 1578 1303 1645; x_wconf 85' lang='lat' dir='ltr'><strong><em>sedtum</em></strong></span> <span class='ocrx_word' id='word_1_226' title='bbox 1330 1584 1455 1645; x_wconf 82' lang='lat' dir='ltr'><strong><em>umento</em></strong></span> <span class='ocrx_word' id='word_1_227' title='bbox 1482 1579 1685 1662; x_wconf 86' lang='lat' dir='ltr'><strong><em>etpassibiti</em></strong></span> <span class='ocrx_word' id='word_1_228' title='bbox 1711 1581 1801 1646; x_wconf 87' lang='lat' dir='ltr'><strong><em>modo</em></strong></span> <span class='ocrx_word' id='word_1_229' title='bbox 1828 1580 1948 1646; x_wconf 87' lang='lat' dir='ltr'><strong><em>oblatus</em></strong></span> <span class='ocrx_word' id='word_1_230' title='bbox 1974 1586 2035 1660; x_wconf 88' lang='grc'><strong>667,</strong></span> <span class='ocrx_word' id='word_1_231' title='bbox 2063 1601 2129 1664; x_wconf 74' lang='lat' dir='ltr'><strong><em>qua</em></strong></span> 
     </span>
     <span class='ocr_line' id='line_1_19' title="bbox 123 1662 2128 1748; baseline -0.001 -13"><span class='ocrx_word' id='word_1_232' title='bbox 123 1666 311 1735; x_wconf 68' lang='lat' dir='ltr'><strong><em>celebrarem</em></strong></span> <span class='ocrx_word' id='word_1_233' title='bbox 343 1664 474 1743; x_wconf 85' lang='lat' dir='ltr'><strong><em>Iudaei,</em></strong></span> <span class='ocrx_word' id='word_1_234' title='bbox 511 1668 576 1728; x_wconf 85' lang='grc'><strong>7666</strong></span> <span class='ocrx_word' id='word_1_235' title='bbox 613 1664 750 1729; x_wconf 79' lang='grc'><strong>67766666</strong></span> <span class='ocrx_word' id='word_1_236' title='bbox 788 1665 1004 1748; x_wconf 70' lang='lat' dir='ltr'><strong><em>bemyiciomm</em></strong></span> <span class='ocrx_word' id='word_1_237' title='bbox 1035 1665 1100 1732; x_wconf 89' lang='lat' dir='ltr'><strong>Dei</strong></span> <span class='ocrx_word' id='word_1_238' title='bbox 1151 1662 1302 1731; x_wconf 84' lang='lat' dir='ltr'><strong><em>oblatione</em></strong></span> <span class='ocrx_word' id='word_1_239' title='bbox 1319 1665 1464 1730; x_wconf 89' lang='lat' dir='ltr'><strong><em>omnibus</em></strong></span> <span class='ocrx_word' id='word_1_240' title='bbox 1484 1666 1677 1732; x_wconf 77' lang='lat' dir='ltr'><strong><em>medentibus</em></strong></span> <span class='ocrx_word' id='word_1_241' title='bbox 1697 1667 1913 1737; x_wconf 85' lang='lat' dir='ltr'><strong><em>remissionem</em></strong></span> <span class='ocrx_word' id='word_1_242' title='bbox 1929 1671 2128 1748; x_wconf 84' lang='lat' dir='ltr'><strong><em>peecatorum</em></strong></span> 
     </span>
     <span class='ocr_line' id='line_1_20' title="bbox 122 1749 1987 1839; baseline -0.002 -20"><span class='ocrx_word' id='word_1_243' title='bbox 122 1753 225 1839; x_wconf 82' lang='lat' dir='ltr'><strong><em>pratis</em></strong></span> <span class='ocrx_word' id='word_1_244' title='bbox 235 1752 356 1819; x_wconf 88' lang='lat' dir='ltr'><strong><em>animis</em></strong></span> <span class='ocrx_word' id='word_1_245' title='bbox 376 1749 622 1828; x_wconf 75' lang='lat' dir='ltr'><strong><em>recordaremur,</em></strong></span> <span class='ocrx_word' id='word_1_246' title='bbox 641 1770 738 1832; x_wconf 80' lang='lat' dir='ltr'><strong><em>quum</em></strong></span> <span class='ocrx_word' id='word_1_247' title='bbox 759 1751 980 1816; x_wconf 84' lang='lat' dir='ltr'><strong><em>dtiusccnturi</em></strong></span> <span class='ocrx_word' id='word_1_248' title='bbox 1001 1752 1100 1818; x_wconf 78' lang='lat' dir='ltr'><strong><em>saeri-</em></strong></span> <span class='ocrx_word' id='word_1_249' title='bbox 1151 1749 1433 1831; x_wconf 86' lang='lat' dir='ltr'><strong><em>ctredemptianem</em></strong></span> <span class='ocrx_word' id='word_1_250' title='bbox 1455 1751 1648 1835; x_wconf 67' lang='lat' dir='ltr'><strong><em>sufficienter</em></strong></span> <span class='ocrx_word' id='word_1_251' title='bbox 1668 1751 1857 1832; x_wconf 86' lang='lat' dir='ltr'><strong><em>impetrauit.</em></strong></span> <span class='ocrx_word' id='word_1_252' title='bbox 1975 1796 1987 1823; x_wconf 83' lang='lat'><strong>.</strong></span> 
     </span>
     <span class='ocr_line' id='line_1_21' title="bbox 122 1835 2131 1921; baseline -0.001 -16"><span class='ocrx_word' id='word_1_253' title='bbox 122 1839 189 1921; x_wconf 72' lang='lat' dir='ltr'><strong><em>ficii</em></strong></span> <span class='ocrx_word' id='word_1_254' title='bbox 210 1843 284 1919; x_wconf 74' lang='lat' dir='ltr'><strong><em>[pag.</em></strong></span> <span class='ocrx_word' id='word_1_255' title='bbox 305 1840 359 1916; x_wconf 79' lang='lat'><strong>61]</strong></span> <span class='ocrx_word' id='word_1_256' title='bbox 387 1836 531 1901; x_wconf 85' lang='lat' dir='ltr'><strong><em>uirtutem</em></strong></span> <span class='ocrx_word' id='word_1_257' title='bbox 551 1835 587 1899; x_wconf 89' lang='lat' dir='ltr'><strong>in</strong></span> <span class='ocrx_word' id='word_1_258' title='bbox 607 1856 653 1915; x_wconf 89' lang='lat' dir='ltr'><strong>se,</strong></span> <span class='ocrx_word' id='word_1_259' title='bbox 681 1836 829 1902; x_wconf 87' lang='lat' dir='ltr'><strong><em>credenda</em></strong></span> <span class='ocrx_word' id='word_1_260' title='bbox 850 1843 879 1902; x_wconf 91' lang='lat' dir='ltr'><strong><em>et</em></strong></span> <span class='ocrx_word' id='word_1_261' title='bbox 896 1838 1100 1919; x_wconf 88' lang='lat' dir='ltr'><strong><em>sperandoet</em></strong></span> <span class='ocrx_word' id='word_1_262' title='bbox 1238 1839 1313 1914; x_wconf 78' lang='lat' dir='ltr'><strong><em>[pag.</em></strong></span> <span class='ocrx_word' id='word_1_263' title='bbox 1324 1840 1377 1915; x_wconf 78' lang='grc'><strong>63]</strong></span> <span class='ocrx_word' id='word_1_264' title='bbox 1391 1836 1486 1903; x_wconf 89' lang='lat' dir='ltr'><strong><em>Nune</em></strong></span> <span class='ocrx_word' id='word_1_265' title='bbox 1498 1858 1568 1903; x_wconf 85' lang='lat' dir='ltr'><strong><em>nero</em></strong></span> <span class='ocrx_word' id='word_1_266' title='bbox 1579 1837 1709 1903; x_wconf 88' lang='lat' dir='ltr'><strong><em>eundem</em></strong></span> <span class='ocrx_word' id='word_1_267' title='bbox 1718 1838 1776 1902; x_wconf 86' lang='lat' dir='ltr'><strong>snb</strong></span> <span class='ocrx_word' id='word_1_268' title='bbox 1788 1838 1934 1921; x_wconf 77' lang='lat' dir='ltr'><strong><em>mysteria</em></strong></span> <span class='ocrx_word' id='word_1_269' title='bbox 1944 1840 1973 1902; x_wconf 92' lang='lat' dir='ltr'><strong><em>et</em></strong></span> <span class='ocrx_word' id='word_1_270' title='bbox 1981 1837 2070 1902; x_wconf 85' lang='lat' dir='ltr'><strong><em>modo</em></strong></span> <span class='ocrx_word' id='word_1_271' title='bbox 2081 1837 2131 1902; x_wconf 88' lang='lat' dir='ltr'><strong>in·</strong></span> 
     </span>
     <span class='ocr_line' id='line_1_22' title="bbox 125 1921 2135 2006; baseline -0.001 -16"><span class='ocrx_word' id='word_1_272' title='bbox 125 1925 250 2004; x_wconf 81' lang='grc'><strong>6666676,</strong></span> <span class='ocrx_word' id='word_1_273' title='bbox 270 1923 485 2006; x_wconf 56' lang='lat' dir='ltr'><strong><em>manderent.</em></strong></span> <span class='ocrx_word' id='word_1_274' title='bbox 1150 1925 1309 1986; x_wconf 78' lang='lat' dir='ltr'><strong><em>cruentant</em></strong></span> <span class='ocrx_word' id='word_1_275' title='bbox 1320 1921 1692 2005; x_wconf 68' lang='lat' dir='ltr'><strong><em>inpassibitiafferimua</em></strong></span> <span class='ocrx_word' id='word_1_276' title='bbox 1704 1943 1766 1987; x_wconf 88' lang='grc'><strong>666</strong></span> <span class='ocrx_word' id='word_1_277' title='bbox 1776 1922 2135 2004; x_wconf 85' lang='lat' dir='ltr'><strong><em>ntpeacatornmremis-</em></strong></span> 
     </span>
     <span class='ocr_line' id='line_1_23' title="bbox 199 2006 2131 2091; baseline -0.001 -15"><span class='ocrx_word' id='word_1_278' title='bbox 199 2007 1100 2091; x_wconf 70' lang='lat' dir='ltr'><strong><em>Gbristusautem2)quinonaenerattepornsoicere,qua·</em></strong></span> <span class='ocrx_word' id='word_1_279' title='bbox 1150 2006 1268 2072; x_wconf 84' lang='grc'><strong>6766666</strong></span> <span class='ocrx_word' id='word_1_280' title='bbox 1289 2009 1517 2074; x_wconf 88' lang='lat' dir='ltr'><strong><em>etanimarum</em></strong></span> <span class='ocrx_word' id='word_1_281' title='bbox 1537 2014 1718 2075; x_wconf 72' lang='lat' dir='ltr'><strong><em>austrorum</em></strong></span> <span class='ocrx_word' id='word_1_282' title='bbox 1738 2009 1872 2075; x_wconf 87' lang='lat' dir='ltr'><strong><em>satutem</em></strong></span> <span class='ocrx_word' id='word_1_283' title='bbox 1893 2009 1961 2073; x_wconf 90' lang='lat' dir='ltr'><strong>iam</strong></span> <span class='ocrx_word' id='word_1_284' title='bbox 1982 2009 2131 2089; x_wconf 87' lang='lat' dir='ltr'><strong><em>primum</em></strong></span> 
     </span>
     <span class='ocr_line' id='line_1_24' title="bbox 127 2092 2129 2177; baseline -0.001 -14"><span class='ocrx_word' id='word_1_285' title='bbox 127 2101 212 2163; x_wconf 81' lang='grc'><strong>76666</strong></span> <span class='ocrx_word' id='word_1_286' title='bbox 231 2095 280 2161; x_wconf 87' lang='grc'><strong>667</strong></span> <span class='ocrx_word' id='word_1_287' title='bbox 300 2093 469 2172; x_wconf 83' lang='lat' dir='ltr'><strong><em>maturatis,</em></strong></span> <span class='ocrx_word' id='word_1_288' title='bbox 492 2092 539 2158; x_wconf 89' lang='grc'><strong>667</strong></span> <span class='ocrx_word' id='word_1_289' title='bbox 560 2092 692 2163; x_wconf 72' lang='lat' dir='ltr'><strong><em>irroratis</em></strong></span> <span class='ocrx_word' id='word_1_290' title='bbox 711 2098 789 2172; x_wconf 90' lang='lat' dir='ltr'><strong><em>erat,</em></strong></span> <span class='ocrx_word' id='word_1_291' title='bbox 817 2095 872 2159; x_wconf 87' lang='lat' dir='ltr'><strong>sed</strong></span> <span class='ocrx_word' id='word_1_292' title='bbox 898 2113 967 2159; x_wconf 92' lang='lat' dir='ltr'><strong>eam</strong></span> <span class='ocrx_word' id='word_1_293' title='bbox 988 2094 1099 2176; x_wconf 86' lang='lat' dir='ltr'><strong><em>potius</em></strong></span> <span class='ocrx_word' id='word_1_294' title='bbox 1144 2111 1396 2173; x_wconf 73' lang='lat' dir='ltr'><strong><em>promereamur,</em></strong></span> <span class='ocrx_word' id='word_1_295' title='bbox 1426 2096 1481 2161; x_wconf 88' lang='lat' dir='ltr'><strong>sed</strong></span> <span class='ocrx_word' id='word_1_296' title='bbox 1502 2100 1536 2158; x_wconf 90' lang='grc'><strong>67</strong></span> <span class='ocrx_word' id='word_1_297' title='bbox 1557 2095 1724 2177; x_wconf 88' lang='lat' dir='ltr'><strong><em>passionis</em></strong></span> <span class='ocrx_word' id='word_1_298' title='bbox 1751 2095 1924 2160; x_wconf 74' lang='lat' dir='ltr'><strong><em>dominicae</em></strong></span> <span class='ocrx_word' id='word_1_299' title='bbox 1944 2094 2129 2160; x_wconf 77' lang='lat' dir='ltr'><strong><em>nnmoriam</em></strong></span> 
     </span>
     <span class='ocr_line' id='line_1_25' title="bbox 128 2177 2129 2265; baseline -0 -18"><span class='ocrx_word' id='word_1_300' title='bbox 128 2181 303 2265; x_wconf 76' lang='lat' dir='ltr'><strong><em>adimplere,</em></strong></span> <span class='ocrx_word' id='word_1_301' title='bbox 324 2199 422 2262; x_wconf 77' lang='lat' dir='ltr'><strong><em>quum</em></strong></span> <span class='ocrx_word' id='word_1_302' title='bbox 438 2198 550 2244; x_wconf 85' lang='lat' dir='ltr'><strong><em>nocam</em></strong></span> <span class='ocrx_word' id='word_1_303' title='bbox 567 2179 662 2262; x_wconf 86' lang='grc'><strong>769666</strong></span> <span class='ocrx_word' id='word_1_304' title='bbox 679 2198 780 2258; x_wconf 90' lang='lat' dir='ltr'><strong><em>suam,</em></strong></span> <span class='ocrx_word' id='word_1_305' title='bbox 802 2179 841 2244; x_wconf 88' lang='lat' dir='ltr'><strong><em>de</em></strong></span> <span class='ocrx_word' id='word_1_306' title='bbox 861 2200 925 2262; x_wconf 78' lang='grc'><strong>966</strong></span> <span class='ocrx_word' id='word_1_307' title='bbox 942 2180 1009 2244; x_wconf 92' lang='lat' dir='ltr'><strong>iam</strong></span> <span class='ocrx_word' id='word_1_308' title='bbox 1026 2185 1099 2245; x_wconf 85' lang='lat' dir='ltr'><strong><em>ante</em></strong></span> <span class='ocrx_word' id='word_1_309' title='bbox 1150 2177 1311 2243; x_wconf 79' lang='lat' dir='ltr'><strong><em>rescindas</em></strong></span> <span class='ocrx_word' id='word_1_310' title='bbox 1339 2179 1409 2245; x_wconf 91' lang='lat' dir='ltr'><strong><em>Deo</em></strong></span> <span class='ocrx_word' id='word_1_311' title='bbox 1439 2180 1565 2263; x_wconf 84' lang='grc'><strong>9667766</strong></span> <span class='ocrx_word' id='word_1_312' title='bbox 1596 2199 1730 2264; x_wconf 87' lang='grc'><strong>6966666</strong></span> <span class='ocrx_word' id='word_1_313' title='bbox 1755 2200 1819 2260; x_wconf 90' lang='lat' dir='ltr'><strong><em>pro</em></strong></span> <span class='ocrx_word' id='word_1_314' title='bbox 1846 2180 1949 2246; x_wconf 87' lang='grc'><strong>667676</strong></span> <span class='ocrx_word' id='word_1_315' title='bbox 1975 2178 2066 2244; x_wconf 83' lang='lat' dir='ltr'><strong><em>nobis</em></strong></span> <span class='ocrx_word' id='word_1_316' title='bbox 2091 2180 2129 2246; x_wconf 83' lang='lat' dir='ltr'><strong>iu</strong></span> 
     </span>
     <span class='ocr_line' id='line_1_26' title="bbox 123 2263 2131 2349; baseline -0.002 -16"><span class='ocrx_word' id='word_1_317' title='bbox 123 2286 177 2349; x_wconf 82' lang='lat' dir='ltr'><strong>per</strong></span> <span class='ocrx_word' id='word_1_318' title='bbox 198 2266 369 2333; x_wconf 86' lang='lat' dir='ltr'><strong><em>Ieremiam</em></strong></span> <span class='ocrx_word' id='word_1_319' title='bbox 391 2269 456 2348; x_wconf 86' lang='lat'><strong>(31,</strong></span> <span class='ocrx_word' id='word_1_320' title='bbox 476 2263 532 2348; x_wconf 80' lang='lat'><strong>31)</strong></span> <span class='ocrx_word' id='word_1_321' title='bbox 549 2266 751 2347; x_wconf 85' lang='lat' dir='ltr'><strong><em>promiserat,</em></strong></span> <span class='ocrx_word' id='word_1_322' title='bbox 770 2266 807 2330; x_wconf 90' lang='lat' dir='ltr'><strong>in</strong></span> <span class='ocrx_word' id='word_1_323' title='bbox 825 2267 978 2331; x_wconf 88' lang='lat' dir='ltr'><strong><em>mnndum</em></strong></span> <span class='ocrx_word' id='word_1_324' title='bbox 1006 2266 1099 2332; x_wconf 87' lang='lat' dir='ltr'><strong><em>indu-</em></strong></span> <span class='ocrx_word' id='word_1_325' title='bbox 1151 2282 1241 2329; x_wconf 89' lang='lat' dir='ltr'><strong><em>eruce</em></strong></span> <span class='ocrx_word' id='word_1_326' title='bbox 1262 2263 1447 2344; x_wconf 89' lang='lat' dir='ltr'><strong><em>impetrata:</em></strong></span> <span class='ocrx_word' id='word_1_327' title='bbox 1469 2271 1497 2330; x_wconf 91' lang='lat' dir='ltr'><strong><em>et</em></strong></span> <span class='ocrx_word' id='word_1_328' title='bbox 1517 2265 1563 2332; x_wconf 89' lang='lat' dir='ltr'><strong>ibi</strong></span> <span class='ocrx_word' id='word_1_329' title='bbox 1579 2267 1787 2348; x_wconf 79' lang='lat' dir='ltr'><strong><em>prmoracm</em></strong></span> <span class='ocrx_word' id='word_1_330' title='bbox 1798 2270 1998 2346; x_wconf 87' lang='lat' dir='ltr'><strong><em>peecatorum</em></strong></span> <span class='ocrx_word' id='word_1_331' title='bbox 2018 2266 2131 2330; x_wconf 90' lang='lat' dir='ltr'><strong><em>remis·</em></strong></span> 
     </span>
     <span class='ocr_line' id='line_1_27' title="bbox 129 2349 2132 2434; baseline -0.002 -14"><span class='ocrx_word' id='word_1_332' title='bbox 129 2359 207 2433; x_wconf 81' lang='lat' dir='ltr'><strong><em>are,</em></strong></span> <span class='ocrx_word' id='word_1_333' title='bbox 228 2373 268 2418; x_wconf 85' lang='lat' dir='ltr'><strong><em>ne</em></strong></span> <span class='ocrx_word' id='word_1_334' title='bbox 287 2372 357 2417; x_wconf 90' lang='lat' dir='ltr'><strong>eam</strong></span> <span class='ocrx_word' id='word_1_335' title='bbox 378 2350 477 2416; x_wconf 84' lang='grc'><strong>667666</strong></span> <span class='ocrx_word' id='word_1_336' title='bbox 492 2349 595 2414; x_wconf 85' lang='lat' dir='ltr'><strong><em>inbac</em></strong></span> <span class='ocrx_word' id='word_1_337' title='bbox 610 2354 712 2431; x_wconf 85' lang='lat' dir='ltr'><strong><em>parte,</em></strong></span> <span class='ocrx_word' id='word_1_338' title='bbox 735 2352 1098 2434; x_wconf 84' lang='lat' dir='ltr'><strong><em>contrapraccedeatium</em></strong></span> <span class='ocrx_word' id='word_1_339' title='bbox 1151 2349 1269 2413; x_wconf 90' lang='lat' dir='ltr'><strong><em>sionem</em></strong></span> <span class='ocrx_word' id='word_1_340' title='bbox 1290 2354 1319 2415; x_wconf 93' lang='lat' dir='ltr'><strong><em>et</em></strong></span> <span class='ocrx_word' id='word_1_341' title='bbox 1339 2351 1577 2433; x_wconf 88' lang='lat' dir='ltr'><strong><em>redemptionem</em></strong></span> <span class='ocrx_word' id='word_1_342' title='bbox 1603 2352 1665 2433; x_wconf 73' lang='lat' dir='ltr'><strong><em>tide</em></strong></span> <span class='ocrx_word' id='word_1_343' title='bbox 1686 2357 1715 2418; x_wconf 90' lang='grc'><strong>67</strong></span> <span class='ocrx_word' id='word_1_344' title='bbox 1735 2352 1892 2418; x_wconf 84' lang='lat' dir='ltr'><strong><em>devotione</em></strong></span> <span class='ocrx_word' id='word_1_345' title='bbox 1919 2351 2006 2416; x_wconf 85' lang='lat' dir='ltr'><strong><em>nobis</em></strong></span> <span class='ocrx_word' id='word_1_346' title='bbox 2029 2349 2132 2433; x_wconf 79' lang='lat' dir='ltr'><strong><em>appli-</em></strong></span> 
     </span>
     <span class='ocr_line' id='line_1_28' title="bbox 130 2435 1565 2523; baseline 0.003 -24"><span class='ocrx_word' id='word_1_347' title='bbox 130 2435 225 2523; x_wconf 78' lang='grc'><strong>769666</strong></span> <span class='ocrx_word' id='word_1_348' title='bbox 240 2456 431 2504; x_wconf 83' lang='lat' dir='ltr'><strong><em>communem</em></strong></span> <span class='ocrx_word' id='word_1_349' title='bbox 452 2455 576 2516; x_wconf 86' lang='grc'><strong>6666666,</strong></span> <span class='ocrx_word' id='word_1_350' title='bbox 599 2455 743 2501; x_wconf 90' lang='lat' dir='ltr'><strong><em>mancam</em></strong></span> <span class='ocrx_word' id='word_1_351' title='bbox 764 2441 821 2501; x_wconf 87' lang='lat' dir='ltr'><strong><em>ant</em></strong></span> <span class='ocrx_word' id='word_1_352' title='bbox 841 2437 1098 2519; x_wconf 67' lang='lat' dir='ltr'><strong><em>imperfectiorem</em></strong></span> <span class='ocrx_word' id='word_1_353' title='bbox 1151 2453 1253 2500; x_wconf 86' lang='lat' dir='ltr'><strong><em>cemus</em></strong></span> <span class='ocrx_word' id='word_1_354' title='bbox 1273 2437 1565 2519; x_wconf 72' lang='lat' dir='ltr'><strong><em>etapprapricmus.</em></strong></span> 
     </span>
     <span class='ocr_line' id='line_1_29' title="bbox 127 2519 2134 2609; baseline -0.002 -18"><span class='ocrx_word' id='word_1_355' title='bbox 127 2524 323 2609; x_wconf 70' lang='grc'><strong>6677696666,</strong></span> <span class='ocrx_word' id='word_1_356' title='bbox 351 2522 511 2605; x_wconf 78' lang='lat' dir='ltr'><strong><em>peculiari</em></strong></span> <span class='ocrx_word' id='word_1_357' title='bbox 537 2521 693 2602; x_wconf 72' lang='lat' dir='ltr'><strong><em>sacrificio</em></strong></span> <span class='ocrx_word' id='word_1_358' title='bbox 719 2523 844 2604; x_wconf 89' lang='lat' dir='ltr'><strong><em>pariter</em></strong></span> <span class='ocrx_word' id='word_1_359' title='bbox 871 2529 901 2588; x_wconf 90' lang='lat' dir='ltr'><strong><em>et</em></strong></span> <span class='ocrx_word' id='word_1_360' title='bbox 925 2524 1098 2589; x_wconf 87' lang='lat' dir='ltr'><strong><em>sacerdotio</em></strong></span> <span class='ocrx_word' id='word_1_361' title='bbox 1237 2519 1332 2586; x_wconf 85' lang='lat' dir='ltr'><strong><em>Hanc</em></strong></span> <span class='ocrx_word' id='word_1_362' title='bbox 1353 2526 1419 2586; x_wconf 82' lang='lat' dir='ltr'><strong><em>tarn</em></strong></span> <span class='ocrx_word' id='word_1_363' title='bbox 1441 2523 1615 2589; x_wconf 80' lang='lat' dir='ltr'><strong><em>salutarem</em></strong></span> <span class='ocrx_word' id='word_1_364' title='bbox 1635 2523 1793 2589; x_wconf 86' lang='lat' dir='ltr'><strong><em>uictimam</em></strong></span> <span class='ocrx_word' id='word_1_365' title='bbox 1813 2523 1848 2587; x_wconf 86' lang='lat' dir='ltr'><strong>in</strong></span> <span class='ocrx_word' id='word_1_366' title='bbox 1869 2522 1987 2605; x_wconf 85' lang='lat' dir='ltr'><strong><em>spiritu</em></strong></span> <span class='ocrx_word' id='word_1_367' title='bbox 2004 2521 2134 2603; x_wconf 87' lang='lat' dir='ltr'><strong><em>praeci-</em></strong></span> 
     </span>
     <span class='ocr_line' id='line_1_30' title="bbox 116 2604 2132 2691; baseline -0.002 -14"><span class='ocrx_word' id='word_1_368' title='bbox 116 2627 190 2677; x_wconf 77' lang='grc'><strong>6666</strong></span> <span class='ocrx_word' id='word_1_369' title='bbox 216 2610 384 2676; x_wconf 70' lang='lat' dir='ltr'><strong><em>induam</em></strong></span> <span class='ocrx_word' id='word_1_370' title='bbox 415 2607 572 2689; x_wconf 77' lang='lat' dir='ltr'><strong><em>siquidem</em></strong></span> <span class='ocrx_word' id='word_1_371' title='bbox 597 2627 716 2673; x_wconf 84' lang='lat' dir='ltr'><strong><em>necesse</em></strong></span> <span class='ocrx_word' id='word_1_372' title='bbox 741 2608 818 2689; x_wconf 82' lang='lat' dir='ltr'><strong><em>fuit,</em></strong></span> <span class='ocrx_word' id='word_1_373' title='bbox 846 2609 939 2674; x_wconf 81' lang='lat' dir='ltr'><strong><em>iunia</em></strong></span> <span class='ocrx_word' id='word_1_374' title='bbox 966 2608 1100 2691; x_wconf 83' lang='lat' dir='ltr'><strong><em>apostati</em></strong></span> <span class='ocrx_word' id='word_1_375' title='bbox 1150 2604 1198 2670; x_wconf 88' lang='lat' dir='ltr'><strong>dit</strong></span> <span class='ocrx_word' id='word_1_376' title='bbox 1220 2604 1417 2687; x_wconf 86' lang='lat' dir='ltr'><strong><em>Matacbias,</em></strong></span> <span class='ocrx_word' id='word_1_377' title='bbox 1446 2628 1543 2689; x_wconf 76' lang='lat' dir='ltr'><strong><em>quum</em></strong></span> <span class='ocrx_word' id='word_1_378' title='bbox 1569 2609 1629 2674; x_wconf 90' lang='lat' dir='ltr'><strong><em>ait:</em></strong></span> <span class='ocrx_word' id='word_1_379' title='bbox 1661 2609 1732 2674; x_wconf 87' lang='lat' dir='ltr'><strong>Non</strong></span> <span class='ocrx_word' id='word_1_380' title='bbox 1754 2613 1799 2675; x_wconf 89' lang='grc'><strong>667</strong></span> <span class='ocrx_word' id='word_1_381' title='bbox 1825 2608 1907 2673; x_wconf 87' lang='lat' dir='ltr'><strong><em>mibi</em></strong></span> <span class='ocrx_word' id='word_1_382' title='bbox 1929 2609 2073 2675; x_wconf 85' lang='grc'><strong>66766766</strong></span> <span class='ocrx_word' id='word_1_383' title='bbox 2098 2606 2132 2673; x_wconf 88' lang='grc'><strong>76</strong></span> 
     </span>
     <span class='ocr_line' id='line_1_31' title="bbox 107 2690 2132 2777; baseline -0.002 -14"><span class='ocrx_word' id='word_1_384' title='bbox 107 2698 312 2776; x_wconf 65' lang='lat' dir='ltr'><strong><em>mansam,</em></strong></span> <span class='ocrx_word' id='word_1_385' title='bbox 333 2694 508 2762; x_wconf 73' lang='grc'><strong>6666676676</strong></span> <span class='ocrx_word' id='word_1_386' title='bbox 528 2714 610 2758; x_wconf 87' lang='lat' dir='ltr'><strong><em>noca</em></strong></span> <span class='ocrx_word' id='word_1_387' title='bbox 627 2693 689 2777; x_wconf 86' lang='grc'><strong>7696</strong></span> <span class='ocrx_word' id='word_1_388' title='bbox 709 2695 803 2758; x_wconf 86' lang='lat' dir='ltr'><strong><em>etiam</em></strong></span> <span class='ocrx_word' id='word_1_389' title='bbox 815 2694 1009 2776; x_wconf 74' lang='lat' dir='ltr'><strong><em>sacrificium</em></strong></span> <span class='ocrx_word' id='word_1_390' title='bbox 1026 2695 1100 2760; x_wconf 83' lang='grc'><strong>76676</strong></span> <span class='ocrx_word' id='word_1_391' title='bbox 1150 2690 1245 2772; x_wconf 85' lang='lat' dir='ltr'><strong><em>cobis,</em></strong></span> <span class='ocrx_word' id='word_1_392' title='bbox 1267 2693 1343 2758; x_wconf 81' lang='lat' dir='ltr'><strong><em>dicit</em></strong></span> <span class='ocrx_word' id='word_1_393' title='bbox 1361 2691 1520 2760; x_wconf 84' lang='lat' dir='ltr'><strong><em>Dominus</em></strong></span> <span class='ocrx_word' id='word_1_394' title='bbox 1541 2694 1741 2774; x_wconf 73' lang='lat' dir='ltr'><strong><em>exercituum,</em></strong></span> <span class='ocrx_word' id='word_1_395' title='bbox 1763 2699 1791 2759; x_wconf 92' lang='grc'><strong>67</strong></span> <span class='ocrx_word' id='word_1_396' title='bbox 1811 2714 1927 2760; x_wconf 83' lang='lat' dir='ltr'><strong><em>munus</em></strong></span> <span class='ocrx_word' id='word_1_397' title='bbox 1947 2714 2009 2759; x_wconf 87' lang='lat' dir='ltr'><strong>non</strong></span> <span class='ocrx_word' id='word_1_398' title='bbox 2031 2693 2132 2760; x_wconf 88' lang='lat' dir='ltr'><strong><em>susci·</em></strong></span> 
     </span>
     <span class='ocr_line' id='line_1_32' title="bbox 172 2777 2134 2868; baseline -0.001 -21"><span class='ocrx_word' id='word_1_399' title='bbox 172 2782 357 2868; x_wconf 73' lang='grc'><strong>’9666677666</strong></span> <span class='ocrx_word' id='word_1_400' title='bbox 384 2780 528 2861; x_wconf 78' lang='lat' dir='ltr'><strong><em>consequi</em></strong></span> <span class='ocrx_word' id='word_1_401' title='bbox 550 2777 666 2858; x_wconf 85' lang='lat' dir='ltr'><strong><em>(Hebr.</em></strong></span> <span class='ocrx_word' id='word_1_402' title='bbox 687 2784 716 2859; x_wconf 82' lang='lat'><strong>7,</strong></span> <span class='ocrx_word' id='word_1_403' title='bbox 739 2785 775 2843; x_wconf 83' lang='lat' dir='ltr'><strong>ll</strong></span> <span class='ocrx_word' id='word_1_404' title='bbox 794 2802 836 2847; x_wconf 84' lang='grc'><strong>66.</strong></span> <span class='ocrx_word' id='word_1_405' title='bbox 880 2787 910 2846; x_wconf 92' lang='grc'><strong>67</strong></span> <span class='ocrx_word' id='word_1_406' title='bbox 929 2781 1100 2847; x_wconf 87' lang='lat' dir='ltr'><strong><em>sacerdotes</em></strong></span> <span class='ocrx_word' id='word_1_407' title='bbox 1145 2778 1240 2860; x_wconf 88' lang='lat' dir='ltr'><strong><em>piam</em></strong></span> <span class='ocrx_word' id='word_1_408' title='bbox 1259 2778 1298 2844; x_wconf 87' lang='grc'><strong>676</strong></span> <span class='ocrx_word' id='word_1_409' title='bbox 1326 2798 1423 2844; x_wconf 82' lang='grc'><strong>66666</strong></span> <span class='ocrx_word' id='word_1_410' title='bbox 1445 2785 1563 2846; x_wconf 77' lang='lat' dir='ltr'><strong><em>cenna.-</em></strong></span> <span class='ocrx_word' id='word_1_411' title='bbox 1591 2779 1630 2847; x_wconf 89' lang='lat' dir='ltr'><strong><em>ab</em></strong></span> <span class='ocrx_word' id='word_1_412' title='bbox 1657 2786 1727 2848; x_wconf 88' lang='lat' dir='ltr'><strong><em>ortu</em></strong></span> <span class='ocrx_word' id='word_1_413' title='bbox 1753 2780 1838 2845; x_wconf 88' lang='lat' dir='ltr'><strong><em>enim</em></strong></span> <span class='ocrx_word' id='word_1_414' title='bbox 1864 2780 1942 2847; x_wconf 89' lang='lat' dir='ltr'><strong><em>sctis</em></strong></span> <span class='ocrx_word' id='word_1_415' title='bbox 1963 2800 2062 2863; x_wconf 79' lang='grc'><strong>66966</strong></span> <span class='ocrx_word' id='word_1_416' title='bbox 2090 2777 2134 2846; x_wconf 87' lang='lat' dir='ltr'><strong><em>ad</em></strong></span> 
     </span>
     <span class='ocr_line' id='line_1_33' title="bbox 160 2832 2135 2951; baseline -0.002 -16"><span class='ocrx_word' id='word_1_417' title='bbox 160 2875 202 2935; x_wconf 78' lang='grc'><strong>667</strong></span> <span class='ocrx_word' id='word_1_418' title='bbox 218 2867 316 2934; x_wconf 78' lang='lat' dir='ltr'><strong><em>buius</em></strong></span> <span class='ocrx_word' id='word_1_419' title='bbox 331 2865 482 2947; x_wconf 71' lang='lat' dir='ltr'><strong><em>merificii</em></strong></span> <span class='ocrx_word' id='word_1_420' title='bbox 499 2865 663 2930; x_wconf 89' lang='lat' dir='ltr'><strong><em>ministras</em></strong></span> <span class='ocrx_word' id='word_1_421' title='bbox 683 2867 805 2931; x_wconf 86' lang='lat' dir='ltr'><strong><em>assumi</em></strong></span> <span class='ocrx_word' id='word_1_422' title='bbox 825 2866 942 2951; x_wconf 88' lang='lat' dir='ltr'><strong><em>(Hebr.</em></strong></span> <span class='ocrx_word' id='word_1_423' title='bbox 957 2871 986 2946; x_wconf 85' lang='lat'><strong>5,</strong></span> <span class='ocrx_word' id='word_1_424' title='bbox 1000 2871 1017 2930; x_wconf 86' lang='lat'><strong>5</strong></span> <span class='ocrx_word' id='word_1_425' title='bbox 1031 2867 1100 2951; x_wconf 75' lang='grc'><strong>66).</strong></span> <span class='ocrx_word' id='word_1_426' title='bbox 1123 2832 1128 2911; x_wconf 63' lang='lat' dir='ltr'><strong><em>b</em></strong></span> <span class='ocrx_word' id='word_1_427' title='bbox 1151 2881 1294 2929; x_wconf 88' lang='lat' dir='ltr'><strong><em>occasum</em></strong></span> <span class='ocrx_word' id='word_1_428' title='bbox 1314 2884 1464 2949; x_wconf 83' lang='grc'><strong>66696666</strong></span> <span class='ocrx_word' id='word_1_429' title='bbox 1485 2871 1530 2932; x_wconf 89' lang='grc'><strong>667</strong></span> <span class='ocrx_word' id='word_1_430' title='bbox 1550 2887 1661 2932; x_wconf 79' lang='lat' dir='ltr'><strong><em>romeu</em></strong></span> <span class='ocrx_word' id='word_1_431' title='bbox 1682 2885 1786 2931; x_wconf 87' lang='lat' dir='ltr'><strong><em>meum</em></strong></span> <span class='ocrx_word' id='word_1_432' title='bbox 1807 2866 1842 2930; x_wconf 90' lang='lat' dir='ltr'><strong>in</strong></span> <span class='ocrx_word' id='word_1_433' title='bbox 1861 2865 2018 2950; x_wconf 81' lang='lat' dir='ltr'><strong><em>pentibus,</em></strong></span> <span class='ocrx_word' id='word_1_434' title='bbox 2048 2870 2076 2931; x_wconf 89' lang='lat' dir='ltr'><strong><em>et</em></strong></span> <span class='ocrx_word' id='word_1_435' title='bbox 2097 2865 2135 2932; x_wconf 87' lang='lat' dir='ltr'><strong>in</strong></span> 
     </span>
     <span class='ocr_line' id='line_1_34' title="bbox 208 2917 2132 3102; baseline -0.002 -83"><span class='ocrx_word' id='word_1_436' title='bbox 208 2953 253 3019; x_wconf 87' lang='lat' dir='ltr'><strong>Iu</strong></span> <span class='ocrx_word' id='word_1_437' title='bbox 265 2974 329 3036; x_wconf 75' lang='lat' dir='ltr'><strong>aua</strong></span> <span class='ocrx_word' id='word_1_438' title='bbox 341 2953 419 3037; x_wconf 83' lang='lat' dir='ltr'><strong><em>lepis</em></strong></span> <span class='ocrx_word' id='word_1_439' title='bbox 427 2955 537 3102; x_wconf 69' lang='grc'><strong>96676,</strong></span> <span class='ocrx_word' id='word_1_440' title='bbox 555 2971 630 3015; x_wconf 91' lang='lat' dir='ltr'><strong><em>sane</em></strong></span> <span class='ocrx_word' id='word_1_441' title='bbox 644 2950 731 3030; x_wconf 89' lang='lat' dir='ltr'><strong><em>bona,</em></strong></span> <span class='ocrx_word' id='word_1_442' title='bbox 753 2957 907 3019; x_wconf 86' lang='grc'><strong>66667667</strong></span> <span class='ocrx_word' id='word_1_443' title='bbox 923 2953 994 3036; x_wconf 86' lang='lat' dir='ltr'><strong><em>pia,</em></strong></span> <span class='ocrx_word' id='word_1_444' title='bbox 1016 2952 1099 3018; x_wconf 89' lang='lat' dir='ltr'><strong><em>idem</em></strong></span> <span class='ocrx_word' id='word_1_445' title='bbox 1123 2917 1128 2988; x_wconf 70' lang='lat'>¹</span> <span class='ocrx_word' id='word_1_446' title='bbox 1150 2949 1236 3014; x_wconf 88' lang='lat' dir='ltr'><strong><em>omni</em></strong></span> <span class='ocrx_word' id='word_1_447' title='bbox 1262 2949 1325 3016; x_wconf 81' lang='grc'><strong>7666</strong></span> <span class='ocrx_word' id='word_1_448' title='bbox 1356 2950 1556 3032; x_wconf 78' lang='lat' dir='ltr'><strong><em>sacrificatur</em></strong></span> <span class='ocrx_word' id='word_1_449' title='bbox 1591 2957 1618 3017; x_wconf 90' lang='lat' dir='ltr'><strong><em>et</em></strong></span> <span class='ocrx_word' id='word_1_450' title='bbox 1645 2952 1773 3034; x_wconf 81' lang='lat' dir='ltr'><strong><em>affertur</em></strong></span> <span class='ocrx_word' id='word_1_451' title='bbox 1790 2952 1910 3016; x_wconf 89' lang='lat' dir='ltr'><strong><em>nomini</em></strong></span> <span class='ocrx_word' id='word_1_452' title='bbox 1931 2971 1997 3016; x_wconf 90' lang='lat' dir='ltr'><strong>mea</strong></span> <span class='ocrx_word' id='word_1_453' title='bbox 2019 2950 2132 3016; x_wconf 86' lang='lat' dir='ltr'><strong><em>oblatio</em></strong></span> 
     </span>
     <span class='ocr_line' id='line_1_35' title="bbox 82 3034 2132 3122; baseline -0.002 -16"><span class='ocrx_word' id='word_1_454' title='bbox 82 3034 282 3106; x_wconf 76' lang='lat' dir='ltr'><strong><em>Dominus</em></strong></span> <span class='ocrx_word' id='word_1_455' title='bbox 303 3044 405 3104; x_wconf 89' lang='lat' dir='ltr'><strong><em>noster</em></strong></span> <span class='ocrx_word' id='word_1_456' title='bbox 448 3056 521 3102; x_wconf 87' lang='lat' dir='ltr'><strong><em>esus</em></strong></span> <span class='ocrx_word' id='word_1_457' title='bbox 543 3034 701 3116; x_wconf 80' lang='grc'><strong>(77676766,</strong></span> <span class='ocrx_word' id='word_1_458' title='bbox 730 3059 767 3103; x_wconf 89' lang='grc'><strong>66</strong></span> <span class='ocrx_word' id='word_1_459' title='bbox 789 3038 931 3106; x_wconf 86' lang='lat' dir='ltr'><strong><em>ecelesiae</em></strong></span> <span class='ocrx_word' id='word_1_460' title='bbox 952 3059 1029 3105; x_wconf 89' lang='lat' dir='ltr'><strong><em>suae</em></strong></span> <span class='ocrx_word' id='word_1_461' title='bbox 1050 3038 1100 3104; x_wconf 73' lang='lat' dir='ltr'><strong><em>da</em></strong></span> <span class='ocrx_word' id='word_1_462' title='bbox 1151 3035 1272 3100; x_wconf 90' lang='lat' dir='ltr'><strong><em>munda</em></strong></span> <span class='ocrx_word' id='word_1_463' title='bbox 1293 3035 1389 3120; x_wconf 76' lang='lat' dir='ltr'><strong><em>(MsL</em></strong></span> <span class='ocrx_word' id='word_1_464' title='bbox 1412 3041 1439 3116; x_wconf 90' lang='lat' dir='ltr'><strong>l,</strong></span> <span class='ocrx_word' id='word_1_465' title='bbox 1462 3036 1524 3122; x_wconf 83' lang='lat'>10).</span> <span class='ocrx_word' id='word_1_466' title='bbox 1563 3037 1652 3119; x_wconf 80' lang='lat' dir='ltr'><strong><em>Quod</em></strong></span> <span class='ocrx_word' id='word_1_467' title='bbox 1671 3037 1857 3103; x_wconf 85' lang='lat' dir='ltr'><strong><em>uaticinimn</em></strong></span> <span class='ocrx_word' id='word_1_468' title='bbox 1873 3037 1913 3103; x_wconf 88' lang='lat' dir='ltr'><strong><em>de</em></strong></span> <span class='ocrx_word' id='word_1_469' title='bbox 1934 3036 2010 3102; x_wconf 88' lang='grc'><strong>66776</strong></span> <span class='ocrx_word' id='word_1_470' title='bbox 2031 3036 2132 3118; x_wconf 87' lang='lat' dir='ltr'><strong><em>spiri·</em></strong></span> 
     </span>
     <span class='ocr_line' id='line_1_36' title="bbox 77 3121 2135 3209; baseline -0.001 -20"><span class='ocrx_word' id='word_1_471' title='bbox 77 3130 216 3208; x_wconf 75' lang='lat' dir='ltr'><strong><em>essu,</em></strong></span> <span class='ocrx_word' id='word_1_472' title='bbox 244 3127 281 3191; x_wconf 91' lang='grc'><strong>76</strong></span> <span class='ocrx_word' id='word_1_473' title='bbox 303 3125 418 3190; x_wconf 79' lang='lat' dir='ltr'><strong><em>ultima</em></strong></span> <span class='ocrx_word' id='word_1_474' title='bbox 435 3142 526 3188; x_wconf 88' lang='grc'><strong>66666</strong></span> <span class='ocrx_word' id='word_1_475' title='bbox 548 3143 645 3204; x_wconf 76' lang='lat' dir='ltr'><strong><em>quum</em></strong></span> <span class='ocrx_word' id='word_1_476' title='bbox 664 3126 790 3206; x_wconf 86' lang='grc'><strong>9667766</strong></span> <span class='ocrx_word' id='word_1_477' title='bbox 811 3125 921 3209; x_wconf 84' lang='grc'><strong>6976667</strong></span> <span class='ocrx_word' id='word_1_478' title='bbox 941 3125 1024 3204; x_wconf 84' lang='grc'><strong>1766,</strong></span> <span class='ocrx_word' id='word_1_479' title='bbox 1049 3146 1100 3191; x_wconf 85' lang='grc'><strong>66-</strong></span> <span class='ocrx_word' id='word_1_480' title='bbox 1151 3121 1290 3187; x_wconf 76' lang='lat' dir='ltr'><strong><em>tactibus</em></strong></span> <span class='ocrx_word' id='word_1_481' title='bbox 1310 3122 1478 3204; x_wconf 78' lang='lat' dir='ltr'><strong><em>sacrifieiis</em></strong></span> <span class='ocrx_word' id='word_1_482' title='bbox 1494 3123 1595 3205; x_wconf 88' lang='lat' dir='ltr'><strong><em>accipi</em></strong></span> <span class='ocrx_word' id='word_1_483' title='bbox 1616 3143 1679 3189; x_wconf 90' lang='lat' dir='ltr'><strong>nou</strong></span> <span class='ocrx_word' id='word_1_484' title='bbox 1693 3127 1801 3206; x_wconf 81' lang='lat' dir='ltr'><strong><em>potest,</em></strong></span> <span class='ocrx_word' id='word_1_485' title='bbox 1822 3143 1904 3204; x_wconf 77' lang='lat' dir='ltr'><strong><em>quae</em></strong></span> <span class='ocrx_word' id='word_1_486' title='bbox 1915 3122 2037 3189; x_wconf 85' lang='grc'><strong>6677766</strong></span> <span class='ocrx_word' id='word_1_487' title='bbox 2054 3121 2135 3206; x_wconf 90' lang='grc'><strong>76976</strong></span> 
     </span>
     <span class='ocr_line' id='line_1_37' title="bbox 70 3207 2134 3294; baseline -0.001 -18"><span class='ocrx_word' id='word_1_488' title='bbox 70 3217 312 3279; x_wconf 73' lang='lat' dir='ltr'><strong><em>crumentum</em></strong></span> <span class='ocrx_word' id='word_1_489' title='bbox 321 3210 497 3293; x_wconf 83' lang='lat' dir='ltr'><strong><em>eorporiset</em></strong></span> <span class='ocrx_word' id='word_1_490' title='bbox 517 3209 685 3291; x_wconf 82' lang='grc'><strong>6666967676</strong></span> <span class='ocrx_word' id='word_1_491' title='bbox 706 3211 759 3275; x_wconf 90' lang='lat' dir='ltr'><strong>sui</strong></span> <span class='ocrx_word' id='word_1_492' title='bbox 779 3211 925 3291; x_wconf 89' lang='lat' dir='ltr'><strong><em>instituit,</em></strong></span> <span class='ocrx_word' id='word_1_493' title='bbox 946 3211 1101 3294; x_wconf 74' lang='lat' dir='ltr'><strong><em>duptuem</em></strong></span> <span class='ocrx_word' id='word_1_494' title='bbox 1146 3207 1292 3289; x_wconf 83' lang='lat' dir='ltr'><strong><em>propria,</em></strong></span> <span class='ocrx_word' id='word_1_495' title='bbox 1314 3208 1370 3272; x_wconf 89' lang='lat' dir='ltr'><strong>sed</strong></span> <span class='ocrx_word' id='word_1_496' title='bbox 1391 3208 1534 3274; x_wconf 86' lang='lat' dir='ltr'><strong><em>omnibns</em></strong></span> <span class='ocrx_word' id='word_1_497' title='bbox 1551 3207 1740 3290; x_wconf 84' lang='lat' dir='ltr'><strong><em>temporibus</em></strong></span> <span class='ocrx_word' id='word_1_498' title='bbox 1761 3214 1789 3275; x_wconf 90' lang='lat' dir='ltr'><strong><em>et</em></strong></span> <span class='ocrx_word' id='word_1_499' title='bbox 1808 3207 1988 3276; x_wconf 86' lang='lat' dir='ltr'><strong><em>bominibus</em></strong></span> <span class='ocrx_word' id='word_1_500' title='bbox 1999 3227 2134 3274; x_wconf 83' lang='grc'><strong>6666666-</strong></span> 
     </span>
     <span class='ocr_line' id='line_1_38' title="bbox 68 3292 2134 3378; baseline -0.002 -14"><span class='ocrx_word' id='word_1_501' title='bbox 68 3292 191 3363; x_wconf 65' lang='lat' dir='ltr'><strong><em>dus</em></strong></span> <span class='ocrx_word' id='word_1_502' title='bbox 207 3318 300 3364; x_wconf 82' lang='grc'><strong>66666</strong></span> <span class='ocrx_word' id='word_1_503' title='bbox 309 3296 416 3362; x_wconf 88' lang='lat' dir='ltr'><strong><em>statim</em></strong></span> <span class='ocrx_word' id='word_1_504' title='bbox 426 3295 658 3360; x_wconf 81' lang='lat' dir='ltr'><strong><em>commmdaus:</em></strong></span> <span class='ocrx_word' id='word_1_505' title='bbox 680 3301 716 3359; x_wconf 89' lang='lat' dir='ltr'><strong>ut</strong></span> <span class='ocrx_word' id='word_1_506' title='bbox 735 3295 908 3378; x_wconf 74' lang='grc'><strong>6777677766</strong></span> <span class='ocrx_word' id='word_1_507' title='bbox 929 3296 1012 3362; x_wconf 88' lang='grc'><strong>66767</strong></span> <span class='ocrx_word' id='word_1_508' title='bbox 1032 3297 1101 3361; x_wconf 87' lang='lat' dir='ltr'><strong><em>ani-</em></strong></span> <span class='ocrx_word' id='word_1_509' title='bbox 1151 3293 1209 3358; x_wconf 89' lang='lat' dir='ltr'><strong>nia</strong></span> <span class='ocrx_word' id='word_1_510' title='bbox 1225 3294 1391 3373; x_wconf 83' lang='grc'><strong>666767667,</strong></span> <span class='ocrx_word' id='word_1_511' title='bbox 1421 3298 1449 3359; x_wconf 89' lang='grc'><strong>67</strong></span> <span class='ocrx_word' id='word_1_512' title='bbox 1469 3313 1539 3359; x_wconf 89' lang='lat' dir='ltr'><strong>cum</strong></span> <span class='ocrx_word' id='word_1_513' title='bbox 1560 3294 1729 3376; x_wconf 75' lang='lat' dir='ltr'><strong><em>sacrificiis</em></strong></span> <span class='ocrx_word' id='word_1_514' title='bbox 1755 3300 1890 3361; x_wconf 86' lang='lat' dir='ltr'><strong><em>aeterum</em></strong></span> <span class='ocrx_word' id='word_1_515' title='bbox 1911 3314 2033 3378; x_wconf 86' lang='lat' dir='ltr'><strong><em>semper</em></strong></span> <span class='ocrx_word' id='word_1_516' title='bbox 2054 3313 2134 3360; x_wconf 82' lang='lat' dir='ltr'><strong>mm·</strong></span> 
     </span>
     <span class='ocr_line' id='line_1_39' title="bbox 63 3379 2139 3466; baseline 0.001 -21"><span class='ocrx_word' id='word_1_517' title='bbox 63 3390 193 3448; x_wconf 72' lang='lat' dir='ltr'><strong>mac</strong></span> <span class='ocrx_word' id='word_1_518' title='bbox 216 3384 354 3450; x_wconf 76' lang='grc'><strong>66767666</strong></span> <span class='ocrx_word' id='word_1_519' title='bbox 381 3381 564 3446; x_wconf 80' lang='grc'><strong>6776666766</strong></span> <span class='ocrx_word' id='word_1_520' title='bbox 590 3387 778 3447; x_wconf 70' lang='lat' dir='ltr'><strong><em>sumeretur:</em></strong></span> <span class='ocrx_word' id='word_1_521' title='bbox 806 3382 962 3466; x_wconf 82' lang='lat' dir='ltr'><strong><em>Accipite,</em></strong></span> <span class='ocrx_word' id='word_1_522' title='bbox 989 3383 1100 3464; x_wconf 78' lang='lat' dir='ltr'><strong><em>inquit,</em></strong></span> <span class='ocrx_word' id='word_1_523' title='bbox 1151 3379 1252 3444; x_wconf 84' lang='lat' dir='ltr'><strong><em>mintn</em></strong></span> <span class='ocrx_word' id='word_1_524' title='bbox 1272 3379 1473 3445; x_wconf 82' lang='lat' dir='ltr'><strong><em>duraverunt.</em></strong></span> <span class='ocrx_word' id='word_1_525' title='bbox 1516 3379 1563 3445; x_wconf 81' lang='lat' dir='ltr'><strong>At</strong></span> <span class='ocrx_word' id='word_1_526' title='bbox 1583 3381 1657 3461; x_wconf 89' lang='lat' dir='ltr'><strong><em>ipsa</em></strong></span> <span class='ocrx_word' id='word_1_527' title='bbox 1677 3379 1842 3448; x_wconf 84' lang='lat' dir='ltr'><strong><em>verberum</em></strong></span> <span class='ocrx_word' id='word_1_528' title='bbox 1860 3383 1942 3448; x_wconf 88' lang='lat' dir='ltr'><strong><em>serie</em></strong></span> <span class='ocrx_word' id='word_1_529' title='bbox 1963 3381 2044 3446; x_wconf 90' lang='lat' dir='ltr'><strong><em>satis</em></strong></span> <span class='ocrx_word' id='word_1_530' title='bbox 2065 3400 2139 3447; x_wconf 86' lang='lat' dir='ltr'><strong><em>con·</em></strong></span> 
     </span>
     <span class='ocr_line' id='line_1_40' title="bbox 62 3464 2133 3550; baseline -0.001 -14"><span class='ocrx_word' id='word_1_531' title='bbox 62 3464 108 3520; x_wconf 59' lang='lat' dir='ltr'><strong><em>d</em></strong></span> <span class='ocrx_word' id='word_1_532' title='bbox 155 3468 330 3536; x_wconf 67' lang='lat' dir='ltr'><strong><em>mnam.-</em></strong></span> <span class='ocrx_word' id='word_1_533' title='bbox 350 3473 426 3533; x_wconf 89' lang='lat' dir='ltr'><strong><em>etut</em></strong></span> <span class='ocrx_word' id='word_1_534' title='bbox 439 3468 474 3532; x_wconf 90' lang='lat' dir='ltr'><strong>in</strong></span> <span class='ocrx_word' id='word_1_535' title='bbox 495 3468 678 3532; x_wconf 84' lang='lat' dir='ltr'><strong><em>menmrimn</em></strong></span> <span class='ocrx_word' id='word_1_536' title='bbox 693 3467 860 3550; x_wconf 79' lang='lat' dir='ltr'><strong><em>passionis</em></strong></span> <span class='ocrx_word' id='word_1_537' title='bbox 881 3488 958 3534; x_wconf 89' lang='lat' dir='ltr'><strong><em>suae</em></strong></span> <span class='ocrx_word' id='word_1_538' title='bbox 979 3469 1101 3550; x_wconf 80' lang='lat' dir='ltr'><strong><em>offerre·</em></strong></span> <span class='ocrx_word' id='word_1_539' title='bbox 1152 3465 1304 3544; x_wconf 86' lang='lat' dir='ltr'><strong><em>vincitur,</em></strong></span> <span class='ocrx_word' id='word_1_540' title='bbox 1326 3464 1514 3547; x_wconf 75' lang='grc'><strong>9666767666</strong></span> <span class='ocrx_word' id='word_1_541' title='bbox 1535 3466 1621 3548; x_wconf 80' lang='lat' dir='ltr'><strong><em>loqui</em></strong></span> <span class='ocrx_word' id='word_1_542' title='bbox 1646 3466 1684 3533; x_wconf 86' lang='grc'><strong>676</strong></span> <span class='ocrx_word' id='word_1_543' title='bbox 1709 3466 1865 3549; x_wconf 72' lang='lat' dir='ltr'><strong><em>sacrificio</em></strong></span> <span class='ocrx_word' id='word_1_544' title='bbox 1892 3467 1974 3550; x_wconf 78' lang='lat' dir='ltr'><strong><em>pud</em></strong></span> <span class='ocrx_word' id='word_1_545' title='bbox 1997 3466 2133 3534; x_wconf 82' lang='grc'><strong>66776776</strong></span> 
     </span>
     <span class='ocr_line' id='line_1_41' title="bbox 61 3544 2131 3637; baseline -0.001 -16"><span class='ocrx_word' id='word_1_546' title='bbox 61 3544 187 3631; x_wconf 58' lang='lat' dir='ltr'><strong>lur,</strong></span> <span class='ocrx_word' id='word_1_547' title='bbox 206 3556 297 3621; x_wconf 82' lang='lat' dir='ltr'><strong><em>mins</em></strong></span> <span class='ocrx_word' id='word_1_548' title='bbox 317 3552 481 3619; x_wconf 82' lang='grc'><strong>6776776676</strong></span> <span class='ocrx_word' id='word_1_549' title='bbox 500 3553 711 3620; x_wconf 80' lang='lat' dir='ltr'><strong><em>ministerium</em></strong></span> <span class='ocrx_word' id='word_1_550' title='bbox 728 3553 885 3637; x_wconf 81' lang='lat' dir='ltr'><strong><em>apostolis,</em></strong></span> <span class='ocrx_word' id='word_1_551' title='bbox 906 3553 988 3619; x_wconf 90' lang='grc'><strong>66767</strong></span> <span class='ocrx_word' id='word_1_552' title='bbox 1004 3575 1100 3620; x_wconf 82' lang='lat' dir='ltr'><strong><em>mnae</em></strong></span> <span class='ocrx_word' id='word_1_553' title='bbox 1152 3551 1304 3616; x_wconf 78' lang='lat' dir='ltr'><strong><em>odoribus</em></strong></span> <span class='ocrx_word' id='word_1_554' title='bbox 1324 3550 1494 3632; x_wconf 77' lang='lat' dir='ltr'><strong><em>sacrificiis</em></strong></span> <span class='ocrx_word' id='word_1_555' title='bbox 1513 3553 1549 3617; x_wconf 89' lang='lat' dir='ltr'><strong>in</strong></span> <span class='ocrx_word' id='word_1_556' title='bbox 1570 3553 1671 3618; x_wconf 80' lang='grc'><strong>766666</strong></span> <span class='ocrx_word' id='word_1_557' title='bbox 1691 3573 1797 3618; x_wconf 90' lang='lat' dir='ltr'><strong><em>eorum</em></strong></span> <span class='ocrx_word' id='word_1_558' title='bbox 1818 3558 1887 3620; x_wconf 90' lang='lat' dir='ltr'><strong><em>erat</em></strong></span> <span class='ocrx_word' id='word_1_559' title='bbox 1907 3571 2131 3619; x_wconf 78' lang='lat' dir='ltr'><strong><em>successuum</em></strong></span> 
     </span>
     <span class='ocr_line' id='line_1_42' title="bbox 61 3620 2134 3724; baseline -0.003 -13"><span class='ocrx_word' id='word_1_560' title='bbox 61 3620 201 3711; x_wconf 59' lang='grc' dir='ltr'><strong>’φὴ</strong></span> <span class='ocrx_word' id='word_1_561' title='bbox 219 3639 444 3718; x_wconf 86' lang='lat' dir='ltr'><strong><em>sacerdotibus,</em></strong></span> <span class='ocrx_word' id='word_1_562' title='bbox 472 3639 668 3704; x_wconf 74' lang='lat' dir='ltr'><strong><em>contradens:</em></strong></span> <span class='ocrx_word' id='word_1_563' title='bbox 694 3639 776 3719; x_wconf 88' lang='grc' dir='ltr'><strong>Η66,</strong></span> <span class='ocrx_word' id='word_1_564' title='bbox 805 3640 923 3723; x_wconf 77' lang='lat' dir='ltr'><strong><em>inanit,</em></strong></span> <span class='ocrx_word' id='word_1_565' title='bbox 948 3641 1044 3724; x_wconf 75' lang='lat' dir='ltr'><strong><em>facite</em></strong></span> <span class='ocrx_word' id='word_1_566' title='bbox 1064 3641 1101 3706; x_wconf 86' lang='grc'><strong>76</strong></span> <span class='ocrx_word' id='word_1_567' title='bbox 1160 3635 1248 3702; x_wconf 89' lang='lat' dir='ltr'><strong><em>Unde</em></strong></span> <span class='ocrx_word' id='word_1_568' title='bbox 1267 3641 1345 3703; x_wconf 87' lang='grc'><strong>66676</strong></span> <span class='ocrx_word' id='word_1_569' title='bbox 1365 3635 1439 3702; x_wconf 82' lang='lat' dir='ltr'><strong><em>baec</em></strong></span> <span class='ocrx_word' id='word_1_570' title='bbox 1459 3637 1552 3703; x_wconf 86' lang='lat' dir='ltr'><strong><em>cerba</em></strong></span> <span class='ocrx_word' id='word_1_571' title='bbox 1573 3639 1611 3704; x_wconf 91' lang='lat' dir='ltr'><strong><em>de</em></strong></span> <span class='ocrx_word' id='word_1_572' title='bbox 1632 3639 1848 3706; x_wconf 83' lang='lat' dir='ltr'><strong><em>sacratissima</em></strong></span> <span class='ocrx_word' id='word_1_573' title='bbox 1871 3636 1990 3705; x_wconf 83' lang='lat' dir='ltr'><strong><em>Obristi</em></strong></span> <span class='ocrx_word' id='word_1_574' title='bbox 2009 3638 2134 3720; x_wconf 78' lang='lat' dir='ltr'><strong><em>sacrifi·</em></strong></span> 
     </span>
     <span class='ocr_line' id='line_1_43' title="bbox 59 3723 2133 3809; baseline 0.001 -22"><span class='ocrx_word' id='word_1_575' title='bbox 59 3724 186 3787; x_wconf 65' lang='lat' dir='ltr'><strong><em>”tei</em></strong></span> <span class='ocrx_word' id='word_1_576' title='bbox 207 3726 526 3793; x_wconf 86' lang='lat' dir='ltr'><strong><em>commemorationem.</em></strong></span> <span class='ocrx_word' id='word_1_577' title='bbox 1153 3723 1200 3788; x_wconf 88' lang='lat' dir='ltr'><strong>cio</strong></span> <span class='ocrx_word' id='word_1_578' title='bbox 1218 3723 1427 3806; x_wconf 88' lang='lat' dir='ltr'><strong><em>accipiuntur,</em></strong></span> <span class='ocrx_word' id='word_1_579' title='bbox 1449 3744 1511 3789; x_wconf 90' lang='lat' dir='ltr'><strong>non</strong></span> <span class='ocrx_word' id='word_1_580' title='bbox 1531 3725 1588 3791; x_wconf 85' lang='grc'><strong>7776</strong></span> <span class='ocrx_word' id='word_1_581' title='bbox 1609 3725 1750 3807; x_wconf 77' lang='lat' dir='ltr'><strong><em>quidem,</em></strong></span> <span class='ocrx_word' id='word_1_582' title='bbox 1772 3744 1833 3809; x_wconf 76' lang='lat' dir='ltr'><strong><em>qna</em></strong></span> <span class='ocrx_word' id='word_1_583' title='bbox 1854 3745 1887 3791; x_wconf 90' lang='grc'><strong>66</strong></span> <span class='ocrx_word' id='word_1_584' title='bbox 1908 3726 1944 3791; x_wconf 89' lang='lat' dir='ltr'><strong>in</strong></span> <span class='ocrx_word' id='word_1_585' title='bbox 1966 3742 2055 3790; x_wconf 88' lang='lat' dir='ltr'><strong><em>cruce</em></strong></span> <span class='ocrx_word' id='word_1_586' title='bbox 2069 3743 2133 3807; x_wconf 90' lang='lat' dir='ltr'><strong>pra</strong></span> 
     </span>
     <span class='ocr_line' id='line_1_44' title="bbox 219 3809 2132 3895; baseline -0.002 -17"><span class='ocrx_word' id='word_1_587' title='bbox 219 3812 486 3895; x_wconf 78' lang='lat' dir='ltr'><strong><em>Qnernadmadum</em></strong></span> <span class='ocrx_word' id='word_1_588' title='bbox 523 3810 623 3895; x_wconf 84' lang='grc'><strong>797766</strong></span> <span class='ocrx_word' id='word_1_589' title='bbox 662 3816 733 3876; x_wconf 87' lang='lat' dir='ltr'><strong><em>aute</em></strong></span> <span class='ocrx_word' id='word_1_590' title='bbox 777 3810 896 3878; x_wconf 78' lang='lat' dir='ltr'><strong><em>Christi</em></strong></span> <span class='ocrx_word' id='word_1_591' title='bbox 935 3812 1101 3878; x_wconf 83' lang='grc'><strong>6676667666</strong></span> <span class='ocrx_word' id='word_1_592' title='bbox 1147 3809 1285 3890; x_wconf 86' lang='lat' dir='ltr'><strong><em>pcccatis</em></strong></span> <span class='ocrx_word' id='word_1_593' title='bbox 1309 3810 1434 3892; x_wconf 81' lang='lat' dir='ltr'><strong><em>poneris</em></strong></span> <span class='ocrx_word' id='word_1_594' title='bbox 1461 3809 1593 3876; x_wconf 85' lang='lat' dir='ltr'><strong><em>bumani</em></strong></span> <span class='ocrx_word' id='word_1_595' title='bbox 1619 3811 1727 3877; x_wconf 79' lang='lat' dir='ltr'><strong><em>obtulit</em></strong></span> <span class='ocrx_word' id='word_1_596' title='bbox 1753 3811 1850 3892; x_wconf 87' lang='lat' dir='ltr'><strong><em>(ittud</em></strong></span> <span class='ocrx_word' id='word_1_597' title='bbox 1871 3812 1955 3877; x_wconf 89' lang='lat' dir='ltr'><strong><em>enim</em></strong></span> <span class='ocrx_word' id='word_1_598' title='bbox 1975 3829 2029 3875; x_wconf 91' lang='lat' dir='ltr'><strong><em>uec</em></strong></span> <span class='ocrx_word' id='word_1_599' title='bbox 2048 3811 2132 3875; x_wconf 86' lang='lat' dir='ltr'><strong><em>inter</em></strong></span> 
     </span>
     <span class='ocr_line' id='line_1_45' title="bbox 64 3874 2132 3981; baseline -0.001 -18"><span class='ocrx_word' id='word_1_600' title='bbox 64 3874 216 3963; x_wconf 67' lang='lat' dir='ltr'><strong><em>Deus</em></strong></span> <span class='ocrx_word' id='word_1_601' title='bbox 228 3898 378 3981; x_wconf 75' lang='lat' dir='ltr'><strong><em>patribus</em></strong></span> <span class='ocrx_word' id='word_1_602' title='bbox 398 3902 482 3963; x_wconf 90' lang='lat' dir='ltr'><strong><em>certa</em></strong></span> <span class='ocrx_word' id='word_1_603' title='bbox 503 3897 657 3978; x_wconf 78' lang='lat' dir='ltr'><strong><em>quaedam</em></strong></span> <span class='ocrx_word' id='word_1_604' title='bbox 678 3897 840 3979; x_wconf 72' lang='lat' dir='ltr'><strong><em>sacrificia</em></strong></span> <span class='ocrx_word' id='word_1_605' title='bbox 861 3898 1010 3976; x_wconf 87' lang='lat' dir='ltr'><strong><em>tradidit,</em></strong></span> <span class='ocrx_word' id='word_1_606' title='bbox 1033 3899 1102 3980; x_wconf 76' lang='lat' dir='ltr'><strong><em>qui-</em></strong></span> <span class='ocrx_word' id='word_1_607' title='bbox 1151 3899 1263 3978; x_wconf 87' lang='grc'><strong>966766,</strong></span> <span class='ocrx_word' id='word_1_608' title='bbox 1285 3913 1338 3960; x_wconf 88' lang='lat' dir='ltr'><strong>noc</strong></span> <span class='ocrx_word' id='word_1_609' title='bbox 1360 3896 1395 3959; x_wconf 89' lang='lat' dir='ltr'><strong>in</strong></span> <span class='ocrx_word' id='word_1_610' title='bbox 1416 3896 1500 3961; x_wconf 83' lang='grc'><strong>66667</strong></span> <span class='ocrx_word' id='word_1_611' title='bbox 1522 3896 1593 3977; x_wconf 91' lang='grc'><strong>7666,</strong></span> <span class='ocrx_word' id='word_1_612' title='bbox 1615 3896 1724 3963; x_wconf 88' lang='lat' dir='ltr'><strong><em>sedin</em></strong></span> <span class='ocrx_word' id='word_1_613' title='bbox 1746 3897 1870 3963; x_wconf 87' lang='lat' dir='ltr'><strong><em>Iudaea</em></strong></span> <span class='ocrx_word' id='word_1_614' title='bbox 1887 3899 2132 3963; x_wconf 85' lang='lat' dir='ltr'><strong><em>consummatum</em></strong></span> 
     </span>
     <span class='ocr_line' id='line_1_46' title="bbox 67 3957 2131 4068; baseline 0 -20"><span class='ocrx_word' id='word_1_615' title='bbox 67 3957 177 4057; x_wconf 50' lang='grc' dir='ltr'>Μ</span> <span class='ocrx_word' id='word_1_616' title='bbox 210 3984 317 4068; x_wconf 84' lang='grc'><strong>666967</strong></span> <span class='ocrx_word' id='word_1_617' title='bbox 345 3983 440 4048; x_wconf 83' lang='lat' dir='ltr'><strong><em>istius</em></strong></span> <span class='ocrx_word' id='word_1_618' title='bbox 467 3981 635 4062; x_wconf 80' lang='grc'><strong>6666777677,</strong></span> <span class='ocrx_word' id='word_1_619' title='bbox 666 3987 740 4063; x_wconf 79' lang='lat' dir='ltr'><strong><em>[pag.</em></strong></span> <span class='ocrx_word' id='word_1_620' title='bbox 766 3988 819 4063; x_wconf 82' lang='lat'><strong>52]</strong></span> <span class='ocrx_word' id='word_1_621' title='bbox 849 3984 930 4067; x_wconf 80' lang='lat' dir='ltr'><strong><em>quod</em></strong></span> <span class='ocrx_word' id='word_1_622' title='bbox 954 3983 1102 4066; x_wconf 76' lang='lat' dir='ltr'><strong><em>futurarm</em></strong></span> <span class='ocrx_word' id='word_1_623' title='bbox 1153 3981 1213 4063; x_wconf 86' lang='lat' dir='ltr'><strong><em>est)</em></strong></span> <span class='ocrx_word' id='word_1_624' title='bbox 1234 3980 1289 4045; x_wconf 91' lang='lat' dir='ltr'><strong>sed</strong></span> <span class='ocrx_word' id='word_1_625' title='bbox 1305 3981 1388 4062; x_wconf 77' lang='grc'><strong>66667</strong></span> <span class='ocrx_word' id='word_1_626' title='bbox 1409 4002 1447 4046; x_wconf 85' lang='lat' dir='ltr'><strong><em>en</em></strong></span> <span class='ocrx_word' id='word_1_627' title='bbox 1465 3984 1609 4066; x_wconf 78' lang='lat' dir='ltr'><strong><em>pentibus</em></strong></span> <span class='ocrx_word' id='word_1_628' title='bbox 1630 3988 1703 4062; x_wconf 75' lang='lat' dir='ltr'><strong><em>[pag.</em></strong></span> <span class='ocrx_word' id='word_1_629' title='bbox 1724 3988 1777 4063; x_wconf 78' lang='grc'><strong>56]</strong></span> <span class='ocrx_word' id='word_1_630' title='bbox 1799 3987 1982 4067; x_wconf 85' lang='grc'><strong>6669669676</strong></span> <span class='ocrx_word' id='word_1_631' title='bbox 2003 3981 2131 4048; x_wconf 85' lang='grc'><strong>66676676</strong></span> 
     </span>
     <span class='ocr_line' id='line_1_47' title="bbox 72 4065 2132 4151; baseline -0.001 -16"><span class='ocrx_word' id='word_1_632' title='bbox 72 4065 194 4148; x_wconf 67' lang='lat'><strong>‘13⁸⁸&#39;</strong></span> <span class='ocrx_word' id='word_1_633' title='bbox 231 4067 455 4150; x_wconf 70' lang='lat' dir='ltr'><strong><em>exspectabant,</em></strong></span> <span class='ocrx_word' id='word_1_634' title='bbox 499 4068 685 4133; x_wconf 80' lang='lat' dir='ltr'><strong><em>memmimn</em></strong></span> <span class='ocrx_word' id='word_1_635' title='bbox 721 4071 754 4134; x_wconf 91' lang='lat' dir='ltr'><strong>in</strong></span> <span class='ocrx_word' id='word_1_636' title='bbox 799 4070 918 4135; x_wconf 78' lang='lat' dir='ltr'><strong><em>areimis</em></strong></span> <span class='ocrx_word' id='word_1_637' title='bbox 948 4071 1018 4134; x_wconf 88' lang='lat' dir='ltr'><strong><em>suis</em></strong></span> <span class='ocrx_word' id='word_1_638' title='bbox 1051 4090 1103 4134; x_wconf 84' lang='lat' dir='ltr'><strong><em>en-</em></strong></span> <span class='ocrx_word' id='word_1_639' title='bbox 1149 4085 1209 4148; x_wconf 87' lang='lat' dir='ltr'><strong>per</strong></span> <span class='ocrx_word' id='word_1_640' title='bbox 1240 4071 1338 4132; x_wconf 91' lang='lat' dir='ltr'><strong><em>totum</em></strong></span> <span class='ocrx_word' id='word_1_641' title='bbox 1368 4071 1528 4133; x_wconf 86' lang='grc'><strong>7666666666</strong></span> <span class='ocrx_word' id='word_1_642' title='bbox 1559 4067 1664 4135; x_wconf 85' lang='lat' dir='ltr'><strong><em>arbem</em></strong></span> <span class='ocrx_word' id='word_1_643' title='bbox 1696 4069 1784 4151; x_wconf 82' lang='lat' dir='ltr'><strong><em>offert</em></strong></span> <span class='ocrx_word' id='word_1_644' title='bbox 1815 4069 1858 4133; x_wconf 89' lang='lat' dir='ltr'><strong><em>ad</em></strong></span> <span class='ocrx_word' id='word_1_645' title='bbox 1889 4067 2132 4134; x_wconf 72' lang='lat' dir='ltr'><strong><em>recordationum</em></strong></span> 
     </span>
     <span class='ocr_line' id='line_1_48' title="bbox 73 4143 2135 4237; baseline -0 -16"><span class='ocrx_word' id='word_1_646' title='bbox 73 4143 268 4237; x_wconf 60' lang='lat' dir='ltr'><strong><em>“torma</em></strong></span> <span class='ocrx_word' id='word_1_647' title='bbox 294 4155 391 4237; x_wconf 74' lang='lat' dir='ltr'><strong><em>fidem</em></strong></span> <span class='ocrx_word' id='word_1_648' title='bbox 415 4154 604 4232; x_wconf 85' lang='lat' dir='ltr'><strong><em>stabitirent,</em></strong></span> <span class='ocrx_word' id='word_1_649' title='bbox 633 4158 662 4219; x_wconf 90' lang='grc'><strong>67</strong></span> <span class='ocrx_word' id='word_1_650' title='bbox 686 4154 824 4237; x_wconf 76' lang='grc'><strong>[6667666</strong></span> <span class='ocrx_word' id='word_1_651' title='bbox 851 4157 921 4222; x_wconf 89' lang='lat' dir='ltr'><strong><em>eius</em></strong></span> <span class='ocrx_word' id='word_1_652' title='bbox 953 4155 1102 4221; x_wconf 83' lang='grc'><strong>6666766676</strong></span> <span class='ocrx_word' id='word_1_653' title='bbox 1153 4151 1263 4217; x_wconf 78' lang='lat' dir='ltr'><strong><em>mortis</em></strong></span> <span class='ocrx_word' id='word_1_654' title='bbox 1283 4151 1426 4232; x_wconf 88' lang='lat' dir='ltr'><strong><em>Domini,</em></strong></span> <span class='ocrx_word' id='word_1_655' title='bbox 1448 4158 1477 4219; x_wconf 86' lang='lat' dir='ltr'><strong><em>et</em></strong></span> <span class='ocrx_word' id='word_1_656' title='bbox 1497 4154 1540 4220; x_wconf 92' lang='lat' dir='ltr'><strong><em>ad</em></strong></span> <span class='ocrx_word' id='word_1_657' title='bbox 1559 4155 1706 4220; x_wconf 83' lang='grc'><strong>6767667666</strong></span> <span class='ocrx_word' id='word_1_658' title='bbox 1727 4155 1844 4220; x_wconf 89' lang='lat' dir='ltr'><strong><em>einsin</em></strong></span> <span class='ocrx_word' id='word_1_659' title='bbox 1864 4153 2018 4220; x_wconf 76' lang='grc'><strong>6666766766</strong></span> <span class='ocrx_word' id='word_1_660' title='bbox 2029 4158 2135 4220; x_wconf 88' lang='lat' dir='ltr'><strong><em>traus-</em></strong></span> 
     </span>
     <span class='ocr_line' id='line_1_49' title="bbox 79 4224 2133 4324; baseline 0 -18"><span class='ocrx_word' id='word_1_661' title='bbox 79 4224 120 4315; x_wconf 54' lang='lat'><strong>0?</strong></span> <span class='ocrx_word' id='word_1_662' title='bbox 193 4241 307 4307; x_wconf 83' lang='grc'><strong>6666676</strong></span> <span class='ocrx_word' id='word_1_663' title='bbox 354 4239 416 4305; x_wconf 87' lang='lat' dir='ltr'><strong><em>sibi</em></strong></span> <span class='ocrx_word' id='word_1_664' title='bbox 464 4241 673 4322; x_wconf 79' lang='lat' dir='ltr'><strong><em>applicarent,</em></strong></span> <span class='ocrx_word' id='word_1_665' title='bbox 717 4246 745 4306; x_wconf 88' lang='lat' dir='ltr'><strong><em>et</em></strong></span> <span class='ocrx_word' id='word_1_666' title='bbox 777 4262 839 4324; x_wconf 87' lang='lat' dir='ltr'><strong>per</strong></span> <span class='ocrx_word' id='word_1_667' title='bbox 876 4261 983 4307; x_wconf 85' lang='lat' dir='ltr'><strong><em>eorum</em></strong></span> <span class='ocrx_word' id='word_1_668' title='bbox 1020 4240 1102 4306; x_wconf 88' lang='lat' dir='ltr'><strong><em>abta·</em></strong></span> <span class='ocrx_word' id='word_1_669' title='bbox 1150 4237 1360 4320; x_wconf 64' lang='lat' dir='ltr'><strong><em>fundandam:</em></strong></span> <span class='ocrx_word' id='word_1_670' title='bbox 1383 4243 1476 4322; x_wconf 80' lang='grc'><strong>67966</strong></span> <span class='ocrx_word' id='word_1_671' title='bbox 1497 4238 1547 4305; x_wconf 84' lang='grc'><strong>776</strong></span> <span class='ocrx_word' id='word_1_672' title='bbox 1567 4240 1627 4306; x_wconf 85' lang='grc'><strong>7667</strong></span> <span class='ocrx_word' id='word_1_673' title='bbox 1650 4240 1742 4306; x_wconf 72' lang='grc'><strong>777766</strong></span> <span class='ocrx_word' id='word_1_674' title='bbox 1768 4240 1936 4306; x_wconf 78' lang='lat' dir='ltr'><strong><em>intellectus</em></strong></span> <span class='ocrx_word' id='word_1_675' title='bbox 1963 4238 2133 4307; x_wconf 75' lang='lat' dir='ltr'><strong><em>lambentis</em></strong></span> 
     </span>
     <span class='ocr_line' id='line_1_50' title="bbox 83 4302 1673 4410; baseline -0.001 -18"><span class='ocrx_word' id='word_1_676' title='bbox 83 4302 236 4392; x_wconf 52' lang='lat' dir='ltr'><strong>“wem</strong></span> <span class='ocrx_word' id='word_1_677' title='bbox 283 4325 498 4409; x_wconf 66' lang='lat' dir='ltr'><strong><em>umanum</em></strong></span> <span class='ocrx_word' id='word_1_678' title='bbox 540 4324 607 4391; x_wconf 80' lang='grc'><strong>66</strong></span> <span class='ocrx_word' id='word_1_679' title='bbox 652 4328 757 4410; x_wconf 66' lang='lat' dir='ltr'><strong><em>para</em></strong></span> <span class='ocrx_word' id='word_1_680' title='bbox 800 4328 917 4393; x_wconf 70' lang='grc'><strong>66666</strong></span> <span class='ocrx_word' id='word_1_681' title='bbox 960 4327 1101 4392; x_wconf 68' lang='lat' dir='ltr'><strong><em>recrea</em></strong></span> <span class='ocrx_word' id='word_1_682' title='bbox 1147 4327 1280 4405; x_wconf 73' lang='lat' dir='ltr'><strong><em>parum</em></strong></span> <span class='ocrx_word' id='word_1_683' title='bbox 1299 4325 1485 4390; x_wconf 69' lang='lat' dir='ltr'><strong><em>moenum</em></strong></span> <span class='ocrx_word' id='word_1_684' title='bbox 1503 4325 1673 4392; x_wconf 73' lang='lat' dir='ltr'><strong><em>ranno.</em></strong></span> 
     </span>
     <span class='ocr_line' id='line_1_51' title="bbox 90 4402 2131 4494; baseline 0.002 -19"><span class='ocrx_word' id='word_1_685' title='bbox 90 4402 244 4478; x_wconf 60' lang='lat' dir='ltr'><strong><em>’minim</em></strong></span> <span class='ocrx_word' id='word_1_686' title='bbox 275 4413 323 4479; x_wconf 88' lang='grc'><strong>676</strong></span> <span class='ocrx_word' id='word_1_687' title='bbox 352 4411 499 4479; x_wconf 80' lang='grc'><strong>07676766</strong></span> <span class='ocrx_word' id='word_1_688' title='bbox 532 4411 675 4478; x_wconf 77' lang='lat' dir='ltr'><strong><em>eulmine</em></strong></span> <span class='ocrx_word' id='word_1_689' title='bbox 707 4433 786 4479; x_wconf 92' lang='lat' dir='ltr'><strong><em>snae</em></strong></span> <span class='ocrx_word' id='word_1_690' title='bbox 816 4413 968 4479; x_wconf 87' lang='lat' dir='ltr'><strong><em>mundam</em></strong></span> <span class='ocrx_word' id='word_1_691' title='bbox 996 4417 1025 4477; x_wconf 86' lang='lat' dir='ltr'><strong><em>et</em></strong></span> <span class='ocrx_word' id='word_1_692' title='bbox 1050 4432 1101 4478; x_wconf 89' lang='lat' dir='ltr'><strong>sa·</strong></span> <span class='ocrx_word' id='word_1_693' title='bbox 1241 4408 1396 4476; x_wconf 90' lang='lat' dir='ltr'><strong><em>Irenaeus</em></strong></span> <span class='ocrx_word' id='word_1_694' title='bbox 1422 4409 1473 4476; x_wconf 89' lang='lat' dir='ltr'><strong><em>tib.</em></strong></span> <span class='ocrx_word' id='word_1_695' title='bbox 1498 4415 1528 4475; x_wconf 79' lang='lat'><strong>4.</strong></span> <span class='ocrx_word' id='word_1_696' title='bbox 1555 4415 1661 4477; x_wconf 86' lang='lat' dir='ltr'><strong><em>centra</em></strong></span> <span class='ocrx_word' id='word_1_697' title='bbox 1692 4410 1835 4478; x_wconf 83' lang='grc'><strong>76666666</strong></span> <span class='ocrx_word' id='word_1_698' title='bbox 1863 4430 1930 4494; x_wconf 89' lang='lat' dir='ltr'><strong><em>cap.</em></strong></span> <span class='ocrx_word' id='word_1_699' title='bbox 1955 4415 2016 4477; x_wconf 83' lang='lat'><strong>32:</strong></span> <span class='ocrx_word' id='word_1_700' title='bbox 2042 4410 2131 4479; x_wconf 79' lang='grc' dir='ltr'><strong>Ε666</strong></span> 
     </span>
     <span class='ocr_line' id='line_1_52' title="bbox 98 4468 2133 4584; baseline 0 -21"><span class='ocrx_word' id='word_1_701' title='bbox 98 4468 257 4563; x_wconf 63' lang='grc' dir='ltr'><strong>ἰ“·ΐ(ι6666</strong></span> <span class='ocrx_word' id='word_1_702' title='bbox 286 4500 427 4580; x_wconf 84' lang='lat' dir='ltr'><strong><em>corporis</em></strong></span> <span class='ocrx_word' id='word_1_703' title='bbox 464 4503 492 4564; x_wconf 92' lang='lat' dir='ltr'><strong><em>et</em></strong></span> <span class='ocrx_word' id='word_1_704' title='bbox 525 4499 695 4584; x_wconf 73' lang='grc'><strong>6676967676</strong></span> <span class='ocrx_word' id='word_1_705' title='bbox 733 4499 785 4563; x_wconf 92' lang='lat' dir='ltr'><strong>sui</strong></span> <span class='ocrx_word' id='word_1_706' title='bbox 824 4499 1006 4566; x_wconf 79' lang='grc'><strong>6776776666</strong></span> <span class='ocrx_word' id='word_1_707' title='bbox 1043 4498 1106 4573; x_wconf 84' lang='lat' dir='ltr'><strong>sub</strong></span> <span class='ocrx_word' id='word_1_708' title='bbox 1153 4496 1209 4577; x_wconf 78' lang='lat' dir='ltr'><strong>qui</strong></span> <span class='ocrx_word' id='word_1_709' title='bbox 1230 4514 1269 4560; x_wconf 81' lang='grc'><strong>66</strong></span> <span class='ocrx_word' id='word_1_710' title='bbox 1288 4501 1435 4562; x_wconf 87' lang='grc'><strong>66667666</strong></span> <span class='ocrx_word' id='word_1_711' title='bbox 1454 4496 1556 4579; x_wconf 87' lang='lat' dir='ltr'><strong><em>panis</em></strong></span> <span class='ocrx_word' id='word_1_712' title='bbox 1576 4502 1620 4562; x_wconf 87' lang='lat' dir='ltr'><strong>est</strong></span> <span class='ocrx_word' id='word_1_713' title='bbox 1638 4497 1766 4579; x_wconf 87' lang='lat' dir='ltr'><strong><em>acecpit,</em></strong></span> <span class='ocrx_word' id='word_1_714' title='bbox 1794 4496 1965 4580; x_wconf 87' lang='grc'><strong>679667766</strong></span> <span class='ocrx_word' id='word_1_715' title='bbox 1985 4498 2061 4582; x_wconf 86' lang='grc'><strong>6977,</strong></span> <span class='ocrx_word' id='word_1_716' title='bbox 2082 4499 2133 4566; x_wconf 87' lang='lat' dir='ltr'><strong>di·</strong></span> 
     </span>
     <span class='ocr_line' id='line_1_53' title="bbox 106 4574 2136 4671; baseline -0 -20"><span class='ocrx_word' id='word_1_717' title='bbox 106 4574 280 4659; x_wconf 67' lang='lat' dir='ltr'><strong><em>⁸1300icbns</em></strong></span> <span class='ocrx_word' id='word_1_718' title='bbox 305 4585 407 4667; x_wconf 88' lang='lat' dir='ltr'><strong><em>panis</em></strong></span> <span class='ocrx_word' id='word_1_719' title='bbox 435 4589 464 4649; x_wconf 89' lang='lat' dir='ltr'><strong><em>et</em></strong></span> <span class='ocrx_word' id='word_1_720' title='bbox 497 4584 566 4649; x_wconf 88' lang='lat' dir='ltr'><strong><em>uiui</em></strong></span> <span class='ocrx_word' id='word_1_721' title='bbox 597 4586 834 4671; x_wconf 76' lang='lat' dir='ltr'><strong><em>conmendavit,</em></strong></span> <span class='ocrx_word' id='word_1_722' title='bbox 867 4606 932 4668; x_wconf 78' lang='lat' dir='ltr'><strong><em>qua</em></strong></span> <span class='ocrx_word' id='word_1_723' title='bbox 964 4585 1102 4668; x_wconf 85' lang='lat' dir='ltr'><strong><em>corporis</em></strong></span> <span class='ocrx_word' id='word_1_724' title='bbox 1153 4600 1239 4646; x_wconf 87' lang='lat' dir='ltr'><strong><em>cens:</em></strong></span> <span class='ocrx_word' id='word_1_725' title='bbox 1262 4577 1330 4647; x_wconf 89' lang='grc' dir='ltr'><strong>Η66</strong></span> <span class='ocrx_word' id='word_1_726' title='bbox 1346 4586 1392 4648; x_wconf 86' lang='lat' dir='ltr'><strong>est</strong></span> <span class='ocrx_word' id='word_1_727' title='bbox 1412 4602 1525 4664; x_wconf 85' lang='lat' dir='ltr'><strong><em>corpus</em></strong></span> <span class='ocrx_word' id='word_1_728' title='bbox 1545 4603 1655 4649; x_wconf 86' lang='lat' dir='ltr'><strong><em>meum</em></strong></span> <span class='ocrx_word' id='word_1_729' title='bbox 1690 4581 1736 4647; x_wconf 82' lang='lat' dir='ltr'><strong>Et</strong></span> <span class='ocrx_word' id='word_1_730' title='bbox 1757 4582 2136 4668; x_wconf 50' lang='lat' dir='ltr'><strong><em>inuocantibusque·</em></strong></span> 
     </span>
     <span class='ocr_line' id='line_1_54' title="bbox 115 4662 2135 4756; baseline 0.001 -22"><span class='ocrx_word' id='word_1_731' title='bbox 115 4662 201 4726; x_wconf 58' lang='grc' dir='ltr'><em>Μ</em></span> <span class='ocrx_word' id='word_1_732' title='bbox 217 4670 249 4737; x_wconf 85' lang='lat' dir='ltr'><strong>in</strong></span> <span class='ocrx_word' id='word_1_733' title='bbox 275 4689 364 4738; x_wconf 78' lang='grc'><strong>66666</strong></span> <span class='ocrx_word' id='word_1_734' title='bbox 385 4690 449 4753; x_wconf 88' lang='lat' dir='ltr'><strong><em>pro</em></strong></span> <span class='ocrx_word' id='word_1_735' title='bbox 477 4669 565 4735; x_wconf 88' lang='lat' dir='ltr'><strong><em>nobis</em></strong></span> <span class='ocrx_word' id='word_1_736' title='bbox 592 4671 739 4753; x_wconf 88' lang='lat' dir='ltr'><strong><em>appensi,</em></strong></span> <span class='ocrx_word' id='word_1_737' title='bbox 766 4675 794 4736; x_wconf 92' lang='lat' dir='ltr'><strong><em>et</em></strong></span> <span class='ocrx_word' id='word_1_738' title='bbox 815 4672 982 4756; x_wconf 89' lang='grc'><strong>666967676</strong></span> <span class='ocrx_word' id='word_1_739' title='bbox 1009 4670 1101 4754; x_wconf 72' lang='lat' dir='ltr'><strong><em>effusi</em></strong></span> <span class='ocrx_word' id='word_1_740' title='bbox 1153 4671 1199 4734; x_wconf 89' lang='grc'><strong>667</strong></span> <span class='ocrx_word' id='word_1_741' title='bbox 1219 4687 1258 4733; x_wconf 81' lang='lat' dir='ltr'><strong>ea</strong></span> <span class='ocrx_word' id='word_1_742' title='bbox 1280 4687 1317 4731; x_wconf 89' lang='lat' dir='ltr'><strong>ea</strong></span> <span class='ocrx_word' id='word_1_743' title='bbox 1337 4672 1493 4749; x_wconf 82' lang='grc'><strong>66667666,</strong></span> <span class='ocrx_word' id='word_1_744' title='bbox 1515 4688 1596 4751; x_wconf 74' lang='lat' dir='ltr'><strong><em>quae</em></strong></span> <span class='ocrx_word' id='word_1_745' title='bbox 1616 4673 1662 4734; x_wconf 88' lang='lat' dir='ltr'><strong>est</strong></span> <span class='ocrx_word' id='word_1_746' title='bbox 1681 4668 1852 4735; x_wconf 85' lang='lat' dir='ltr'><strong><em>secundum</em></strong></span> <span class='ocrx_word' id='word_1_747' title='bbox 1866 4688 1932 4749; x_wconf 88' lang='lat' dir='ltr'><strong><em>nos,</em></strong></span> <span class='ocrx_word' id='word_1_748' title='bbox 1948 4690 2043 4735; x_wconf 87' lang='lat' dir='ltr'><strong><em>suum</em></strong></span> <span class='ocrx_word' id='word_1_749' title='bbox 2060 4690 2135 4738; x_wconf 85' lang='lat' dir='ltr'><strong><em>san·</em></strong></span> 
     </span>
     <span class='ocr_line' id='line_1_55' title="bbox 126 4753 2135 4923; baseline 0.003 -18"><span class='ocrx_word' id='word_1_750' title='bbox 126 4818 329 4858; x_wconf 38' lang='lat' dir='ltr'><strong>x-</strong></span> <span class='ocrx_word' id='word_1_751' title='bbox 436 4797 443 4809; x_wconf 92' lang='lat'><strong>·</strong></span> <span class='ocrx_word' id='word_1_752' title='bbox 1152 4753 2135 4923; x_wconf 50' lang='lat' dir='ltr'><strong><em>anemae</em></strong></span> 
     </span>
     <span class='ocr_line' id='line_1_56' title="bbox 202 4863 2135 5029; baseline 0.002 -38"><span class='ocrx_word' id='word_1_753' title='bbox 202 4962 227 5029; x_wconf 77' lang='lat'><strong>1)</strong></span> <span class='ocrx_word' id='word_1_754' title='bbox 243 4963 342 5020; x_wconf 75' lang='lat' dir='ltr'><strong><em>verum</em></strong></span> <span class='ocrx_word' id='word_1_755' title='bbox 359 4964 447 5020; x_wconf 78' lang='lat' dir='ltr'><strong><em>Deum</em></strong></span> <span class='ocrx_word' id='word_1_756' title='bbox 464 4963 491 5016; x_wconf 76' lang='lat' dir='ltr'><em>A</em></span> <span class='ocrx_word' id='word_1_757' title='bbox 530 4962 595 5016; x_wconf 75' lang='lat' dir='ltr'><strong>.M</strong></span> <span class='ocrx_word' id='word_1_758' title='bbox 626 5004 632 5016; x_wconf 30' lang='grc' dir='ltr'>ι</span> <span class='ocrx_word' id='word_1_759' title='bbox 691 5004 698 5016; x_wconf 89' lang='lat'><strong>.</strong></span> <span class='ocrx_word' id='word_1_760' title='bbox 1153 4925 1300 4992; x_wconf 87' lang='grc'><strong>66766666</strong></span> <span class='ocrx_word' id='word_1_761' title='bbox 1320 4889 1437 4992; x_wconf 79' lang='lat' dir='ltr'><strong><em>munda</em></strong></span> <span class='ocrx_word' id='word_1_762' title='bbox 1457 4926 1543 5008; x_wconf 81' lang='lat' dir='ltr'><strong><em>affert</em></strong></span> <span class='ocrx_word' id='word_1_763' title='bbox 1562 4924 1645 4992; x_wconf 89' lang='lat' dir='ltr'><strong><em>Deo:</em></strong></span> <span class='ocrx_word' id='word_1_764' title='bbox 1673 4927 1712 4993; x_wconf 87' lang='lat' dir='ltr'><strong><em>de</em></strong></span> <span class='ocrx_word' id='word_1_765' title='bbox 1820 4928 1856 4994; x_wconf 89' lang='lat' dir='ltr'><strong>in</strong></span> <span class='ocrx_word' id='word_1_766' title='bbox 1884 4932 1937 4993; x_wconf 70' lang='lat'><strong>12.</strong></span> <span class='ocrx_word' id='word_1_767' title='bbox 1957 4863 2135 5009; x_wconf 57' lang='lat' dir='ltr'><strong><em>beminis</em></strong></span> 
     </span>
     <span class='ocr_line' id='line_1_57' title="bbox 201 4978 2134 5168; baseline 0.009 -86"><span class='ocrx_word' id='word_1_768' title='bbox 201 4978 789 5098; x_wconf 50' lang='lat' dir='ltr'><strong><em>„minutatione</em></strong></span> <span class='ocrx_word' id='word_1_769' title='bbox 1155 5009 1730 5098; x_wconf 60' lang='lat' dir='ltr'><strong><em>moneamini</em></strong></span> <span class='ocrx_word' id='word_1_770' title='bbox 1770 5013 2134 5168; x_wconf 61' lang='grc'><strong>66696666</strong></span> 
     </span>
     <span class='ocr_line' id='line_1_58' title="bbox 230 5114 1908 5189; baseline -0.014 -14"><span class='ocrx_word' id='word_1_771' title='bbox 230 5117 340 5175; x_wconf 68' lang='lat' dir='ltr'><strong><em>cavan</em></strong></span> <span class='ocrx_word' id='word_1_772' title='bbox 354 5133 445 5189; x_wconf 70' lang='lat' dir='ltr'><strong><em>opera</em></strong></span> <span class='ocrx_word' id='word_1_773' title='bbox 488 5117 544 5173; x_wconf 83' lang='grc'><strong>66.</strong></span> <span class='ocrx_word' id='word_1_774' title='bbox 568 5115 635 5173; x_wconf 74' lang='lat' dir='ltr'><strong><em>eu.</em></strong></span> <span class='ocrx_word' id='word_1_775' title='bbox 1890 5114 1908 5168; x_wconf 77' lang='lat'><strong>3</strong></span> 
     </span>
    </p>
   </div>
   <div class='ocr_carea' id='block_1_4' title="bbox 0 0 2309 5892">
    <p class='ocr_par' dir='ltr' id='par_1_4' title="bbox 0 0 2309 5892">
     <span class='ocr_line' id='line_1_59' title="bbox 0 0 2309 5892; baseline 0 0"><span class='ocrx_word' id='word_1_776' title='bbox 0 0 2309 5892; x_wconf 95' lang='lat' dir='ltr'><strong> </strong></span> 
     </span>
    </p>
   </div>
  </div>
 </body>
</html>
