4620 5894
133 248 260 316 XXVI
634 349 637 353 .
741 244 1015 314 TRAOTATUS
1038 245 1332 313 THEOLOGIOI
1354 245 1577 314 MINORES.

132 437 295 522 feruntur,
321 457 509 523 maqnopere
535 435 714 520 requirebat
742 442 771 502 ct
796 437 884 504 salus
912 441 1019 503 nostra
1043 435 1213 520 flaqitabat.
1258 435 1416 502 Meritoria
1443 436 1569 518 quidem
1596 435 1698 501 adicem
1725 456 1832 501 recens
1860 457 1968 502 eornm
1994 436 2152 503 malornm

135 571 217 636 quae
239 552 275 615 in
290 555 418 634 papatu
440 551 560 634 eaperti
580 572 618 617 ae
634 550 780 633 perpessi
799 549 930 631 fuimns,
954 554 981 614 et
1002 569 1113 614 sensus
1129 549 1347 630 praesentium
1375 549 1523 613 bonorum
1551 548 1809 628 desolationum,
1837 549 1953 629 quibus
1975 568 2058 614 nune
2078 548 2148 615 libe·

134 663 201 727 rati
220 661 374 744 fruimur,
396 662 440 728 ad
461 663 674 746 capitationem
696 683 734 727 ae
755 661 1072 726 commemorationem
1093 665 1159 724 tem
1174 660 1336 741 praeclari
1362 664 1391 723 et
1411 660 1565 723 salutaris
1580 660 1690 741 ¹aperis
1712 679 1782 724 cnm
1803 661 1886 723 amni
1901 661 2038 742 macte,
2067 661 2147 726 bou-

134 773 280 854 colcntia,
302 774 433 841 emitote
454 772 645 857 eraneum
666 772 888 856 usurpandam
908 771 992 837 debet
1012 791 1069 836 nas
1091 772 1175 836 ornni
1195 771 1316 836 rationu
1336 770 1488 836 exulare.-
1509 792 1547 836 ue
1569 793 1624 836 uas
1646 776 1701 835 ant
1722 771 1758 834 in
1779 775 1864 836 tanto
1884 777 2011 853 tumque
2029 772 2147 837 illustri

135 887 206 951 eins
222 884 363 967 beneficio
384 885 581 950 immemores
601 889 630 950 et
650 884 777 968 inqrati,
798 887 855 948 aut
875 882 910 946 in
927 887 1036 947 nostro
1056 881 1157 946 salute
1178 882 1364 965 neqliqentes
1380 903 1446 948 esse
1462 883 1635 948 uideamur.
1671 881 1803 947 Ordinis
1824 887 1936 963 autem
1958 904 2051 964 quern
2062 882 2147 948 Dens

135 996 173 1060 in
194 995 252 1062 liae
273 997 417 1062 ecclesiae
438 995 618 1061 liberatione
639 996 839 1074 conseruauit,
861 995 943 1058 ratio
965 999 993 1057 et
1008 995 1064 1058 cia
1085 992 1266 1059 huiusmodi
1287 999 1345 1073 est,
1375 999 1410 1058 ut
1432 995 1466 1057 in
1488 1015 1521 1059 eo
1542 1015 1605 1059 non
1626 995 1728 1059 solum
1750 1015 1873 1058 summa
1893 993 1958 1059 Dei
1979 996 2148 1076 sapientia,

136 1107 307 1174 sedetiam
334 1107 512 1192 sinqnlaris
538 1107 695 1188 quaedam
720 1107 756 1171 in
783 1125 842 1170 nos
870 1104 1065 1188 indulpentia
1093 1110 1121 1169 et
1147 1104 1321 1189 beniqnitas
1345 1106 1439 1188 facile
1459 1107 1598 1188 perspici
1614 1107 1725 1189 possit.
1770 1106 1878 1189 Neque
1904 1108 1989 1171 enim
2003 1108 2149 1188 priunum

135 1219 284 1285 umlentia
305 1219 418 1315 aliqua
439 1193 557 1302 maqna
578 1224 670 1299 atque
696 1238 733 1282 ea
761 1216 924 1283 acerbitate
945 1238 1026 1282 usus
1047 1222 1104 1297 est,
1132 1238 1194 1298 qna
1223 1218 1322 1282 subito
1343 1217 1500 1299 populum
1526 1239 1619 1282 snum
1646 1218 1689 1282 ad
1717 1224 1860 1300 apertam
1888 1223 1915 1283 et
1936 1219 2148 1300 periculosam

135 1330 276 1395 nominis
297 1331 351 1394 sui
373 1331 600 1413 confessionem
616 1329 903 1411 professionemque
923 1334 1059 1408 voearet,
1087 1329 1259 1396 securus
1285 1348 1472 1393 conservans
1496 1330 1619 1412 qradus
1648 1350 1717 1394 com
1745 1329 1888 1394 adbibuit
1906 1331 2149 1396 moderationem

135 1461 200 1523 qna
222 1441 348 1505 aninms
363 1441 518 1522 primum,
541 1441 652 1506 duride
674 1461 808 1522 corpora
824 1439 1052 1504 immanissime
1074 1441 1224 1505 traatavit.
1271 1439 1403 1504 Primus
1431 1440 1475 1506 ad
1496 1440 1666 1506 libertatem
1687 1442 1796 1506 aditus
1820 1441 2026 1523 introitusque
2046 1442 2147 1524 faetus

127 1573 189 1634 per
200 1551 384 1617 Martinnm
405 1547 588 1632 Lntlnermn,
610 1552 1016 1618 sanctissimorumque
1037 1552 1151 1632 uirum,
1174 1552 1377 1634 quiquidem
1399 1557 1505 1617 autore
1526 1573 1563 1618 ae
1578 1552 1825 1635 prirmpcDeus
1845 1554 1969 1616 animos
1990 1552 2147 1618 bominum

131 1664 627 1730 miserrimaservitnteliberaoit
648 1684 758 1745 easque
779 1663 889 1744 impiis
899 1662 1097 1743 opinionibus
1118 1662 1452 1744 superstitionibusqne
1472 1664 1647 1746 implicatos
1664 1685 1702 1728 ee
1721 1663 1857 1728 uinculis
1869 1663 2016 1744 Satanae,
2038 1665 2148 1746 quibas

132 1777 291 1841 constricti
313 1775 502 1854 tenebuntur,
525 1777 560 1839 in
582 1795 652 1839 eam
669 1775 873 1840 conscientiae
895 1773 1064 1838 libertatem
1085 1775 1221 1839 restituit
1238 1776 1273 1838 in
1291 1795 1354 1855 qua
1371 1776 1599 1840 suavissimam
1616 1780 1643 1839 et
1663 1773 1927 1841 amabilissimum
1940 1773 2017 1840 Iesu
2031 1775 2147 1841 Obristi

130 1888 272 1968 qratiam
293 1888 414 1966 sentire,
437 1887 581 1968 amplecti
601 1907 770 1968 amaroque
785 1890 962 1968 potuerunt.
1008 1885 1074 1950 His
1096 1887 1188 1952 iactis
1209 1886 1360 1951 libertatis
1379 1886 1513 1968 fidemne
1531 1886 1746 1968 fundamentis
1763 1906 1951 1969 propressus
1975 1892 2022 1951 est
2039 1887 2147 1953 deinde

133 1998 177 2063 ad
197 1998 438 2079 redemptionem
467 2019 632 2079 corporum
660 2019 740 2079 quae
767 1998 891 2079 quidem
919 1997 1036 2076 adliue,
1066 1999 1101 2061 in
1121 1997 1164 2059 iis
1192 1997 1287 2061 etiam
1308 1998 1363 2077 qui
1386 1999 1492 2062 antimo
1514 1997 1607 2062 soluti
1629 2019 1666 2061 ae
1687 1999 1810 2062 liberati
1831 2003 1929 2076 orarit,
1956 2000 2146 2081 pravissima

131 2110 277 2173 seruitute
298 2129 450 2190 oppressa
471 2109 660 2189 tenebantur,
682 2101 869 2192 nefariaque
891 2110 1046 2175 idolorum
1064 2108 1234 2189 pollutione
1255 2128 1325 2172 oum
1351 2128 1474 2173 mmma
1504 2114 1531 2172 et
1560 2109 1691 2191 indique
1719 2111 1867 2175 creatoris
1888 2111 2147 2192 redemptorisque

131 2219 275 2300 ipsorum
296 2220 480 2285 emdnmelia
500 2221 715 2303 foedabantur.
752 2221 822 2302 Qua
843 2221 878 2284 in
894 2225 990 2301 parte
1010 2221 1238 2302 redemptionis
1261 2220 1398 2303 insipnis
1422 2241 1524 2299 opero,
1545 2221 1631 2301 fides,
1656 2221 1814 2285 industria
1832 2227 1925 2303 utque
1942 2221 2145 2287 admirabilis

131 2332 308 2397 constantia
333 2331 501 2398 Guilicbni
524 2331 660 2411 Farelli,
684 2331 817 2396 Ioannis
837 2331 972 2410 Caluini,
1000 2331 1088 2396 Petri
1118 2331 1217 2395 Vireti
1240 2333 1365 2396 exstitit.
1420 2331 1507 2396 Nam
1534 2331 1589 2396 lios
1618 2332 1743 2414 quidem
1765 2337 1826 2396 tres
1847 2333 1935 2398 uideo
1956 2334 2069 2415 fuisse,
2091 2332 2144 2415 qni

132 2464 153 2506 a
176 2441 244 2508 Dea
266 2444 359 2507 nemsi
380 2445 509 2525 eiusque
529 2444 671 2508 monimo
692 2444 809 2526 spiritu
825 2444 967 2526 praediti
988 2448 1079 2525 atque
1101 2443 1240 2522 incitati,
1269 2463 1366 2524 quum
1393 2463 1522 2524 corpora
1550 2443 1709 2507 bominum
1738 2444 1776 2507 ab
1798 2444 1855 2508 illa
1877 2445 2033 2508 idolorum
2052 2443 2145 2527 foedi-

131 2558 193 2618 tate
231 2559 322 2636 atque
357 2555 515 2637 impietate
546 2556 591 2620 ad
623 2554 795 2621 libertatem
833 2576 871 2620 ac
907 2557 1101 2619 sanctitatem
1137 2559 1339 2634 uocauerunt,
1378 2560 1444 2618 tum
1476 2577 1545 2620 cero
1582 2557 1656 2636 fidei
1698 2555 1916 2639 relipionisque
1955 2555 2145 2621 christianae

131 2652 355 2748 confessionum
387 2687 425 2731 ecc
447 2666 578 2731 tenebris
599 2667 637 2767 in
667 2668 768 2732 lucem
793 2656 955 2744 eruerunt,
988 2687 1024 2731 ao
1056 2686 1163 2730 uerum
1184 2665 1248 2731 Dei
1275 2666 1392 2730 cultum
1414 2672 1442 2731 et
1458 2667 1600 2732 bonorem
1622 2668 1774 2750 enariqclii
1796 2668 1832 2731 in
1865 2668 1963 2732 oeulis
1985 2667 2145 2732 bominum

130 2778 361 2844 constituerunt.
410 2777 494 2860 Quid
516 2779 599 2842 enim
622 2782 714 2843 antea
736 2778 779 2841 od
801 2777 927 2843 landem
948 2776 1013 2842 Dei
1034 2782 1062 2842 ct
1081 2778 1217 2861 planiam
1234 2777 1458 2843 illustrandam
1480 2780 1633 2859 moderat
1660 2779 1861 2844 conscientias
1888 2779 2000 2844 babere
2027 2781 2073 2847 n's
2093 2800 2146 2844 sn-

124 2889 347 2972 perstitionum
368 2889 504 2957 uinculis
525 2890 646 2956 solutus
666 2893 694 2953 ct
715 2888 840 2968 liberas,
866 2909 962 2972 quum
983 2889 1087 2973 inch
1106 2889 1172 2970 filii
1193 2888 1258 2954 Dei
1279 2891 1314 2954 in
1335 2890 1517 2970 corporibus
1538 2891 1655 2953 nostris
1676 2892 1832 2972 impressa
1855 2891 1900 2955 sie
1922 2890 2146 2957 commaculata

129 2999 416 3084 atqne'defornmta
434 3006 519 3081 essct,
542 3003 617 3083 ipsa
638 3021 708 3065 cera
727 3000 803 3082 fidei
819 3001 961 3083 uitaeque
977 3001 1144 3082 professio,
1164 3022 1242 3082 quae
1263 3022 1356 3079 suum
1377 3002 1600 3082 redemptorem
1623 3002 1730 3066 Iesum
1755 2999 1916 3067 bleristnm
1936 3023 2148 3086 recoqnoscere

129 3111 262 3190 debebat,
280 3133 352 3178 enm
374 3114 472 3195 impio
493 3113 651 3179 idolorum
672 3113 756 3177 cnltn
777 3118 870 3195 atque
880 3112 1071 3178 Antichristi
1092 3112 1254 3177 dominata
1274 3114 1443 3178 carmentire
1459 3114 1558 3196 plane
1579 3112 1759 3178 viduetur?
1806 3112 1901 3195 Papo
1922 3114 2050 3195 quidem
2071 3133 2146 3181 sun

122 3225 271 3305 pitonius
290 3224 352 3305 flii
374 3223 439 3290 Dei
460 3225 612 3290 inimicus
632 3225 725 3290 illum
746 3225 925 3290 interiorem
946 3223 1062 3290 cultum
1082 3223 1119 3288 iu
1142 3223 1261 3288 animis
1279 3223 1438 3290 bominum
1461 3224 1612 3289 ocncltum
1631 3223 1726 3307 facile
1741 3245 1915 3306 perpessus
1938 3229 2025 3304 esset,
2046 3247 2067 3290 a
2089 3246 2147 3308 quo

35 3326 44 3341 '
129 3336 256 3417 quidem
277 3336 429 3403 scelerato
450 3337 519 3402 dns
541 3336 767 3403 dominatione
787 3337 920 3419 nefariq
944 3335 1099 3417 totiusque
1120 3334 1309 3400 christianae
1331 3335 1494 3419 reiiqionis
1510 3336 1694 3418 profanatio
1716 3356 1753 3401 oe
1776 3339 1951 3418 oppressio,
1981 3357 2147 3420 nnnqnmm

129 3448 164 3511 in
186 3446 265 3512 banc
283 3452 405 3512 tantam
425 3449 523 3514 lucem
546 3453 637 3530 atqiu
658 3448 819 3514 bominum
841 3449 1042 3532 capnitionem
1057 3448 1191 3528 prolata
1212 3451 1297 3512 esset.
1355 3447 1448 3513 Nunc
1470 3468 1541 3513 cero
1562 3448 1668 3530 ipsius
1691 3449 1823 3529 spiritus
1844 3449 2004 3528 uirtutem,
2033 3468 2147 3531 corpas

129 3561 281 3635 nostrum,
303 3558 576 3642 dioma·qnadam
596 3559 738 3624 societate
759 3561 822 3626 sibi
843 3561 1046 3640 coniunctum
1068 3560 1107 3623 ab
1129 3558 1219 3624 illius
1240 3558 1458 3624 erudelissima
1486 3560 1653 3643 tyrannide
1675 3564 1703 3624 et
1725 3561 1911 3641 turpissima
1933 3561 2082 3626 seruitute
2103 3559 2150 3625 ad

129 3669 362 3734 sanctissimam
383 3669 522 3750 filiarum
544 3671 608 3736 Dei
631 3671 800 3736 libertatem
822 3672 1012 3750 revocantis,
1025 3676 1116 3751 atque
1137 3671 1340 3752 redemptoris
1359 3670 1494 3754 ptoriam
1517 3671 1603 3735 omni
1624 3671 1811 3752 coinfessione
1834 3672 2035 3751 illustrantis,
2059 3673 2147 3738 nullo

128 3780 219 3846 modo
238 3779 323 3863 ferre
340 3785 452 3861 potest.
498 3781 611 3862 Itaque
632 3783 792 3865 sinpulori
816 3781 928 3846 borum
957 3782 1214 3846 triumvirorum
1235 3786 1263 3845 ct
1283 3781 1425 3847 doctrina
1454 3787 1481 3846 ct
1509 3784 1676 3866 diliquitia
1696 3782 1871 3865 perfectum
1893 3804 1958 3849 esse
1979 3784 2085 3866 video,
2113 3789 2150 3855 nt

128 3893 225 3958 bonas
247 3891 312 3958 Dei
331 3893 590 3976 pnrissimusqne
611 3894 681 3958 eins
702 3893 804 3958 cultus
824 3913 917 3958 suam
938 3892 1160 3972 quodammodo
1182 3893 1425 3974 possessionem,
1453 3915 1549 3976 quem
1571 3894 1624 3958 ille
1640 3895 1789 3974 perditus
1811 3914 1848 3959 ae
1871 3895 2042 3961 sceleratus
2063 3914 2149 3983 accip

125 4009 236 4085 parat,
258 4024 342 4069 niuno
362 4024 546 4087 recuperare
567 4005 720 4070 uideamr.
757 4004 860 4086 Quum
881 4008 985 4068 autem
1005 4004 1111 4069 onmia
1133 4024 1238 4069 eorum
1259 4007 1287 4068 ct
1306 4003 1393 4084 facta
1413 4011 1442 4070 et
1462 4007 1546 4071 diota
1567 4011 1595 4071 et
1613 4007 1732 4087 scripta
1752 4026 1822 4069 eum
1842 4005 1981 4087 fructum
2002 3994 2149 4089 affuaui,

129 4116 242 4197 quiin
263 4118 329 4182 vita
351 4137 388 4182 ae
409 4115 550 4181 moribus
564 4117 698 4198 piorum
719 4115 866 4182 ctDenm
887 4117 1063 4182 timentium
1084 4115 1263 4181 uberrimus
1277 4118 1637 4200 praestantissimumque
1659 4118 1889 4197 demonstretur,
1912 4123 1978 4182 tum
1996 4140 2067 4184 vero
2088 4119 2149 4184 bae

132 4225 260 4293 Caluini
279 4227 462 4310 fidet-issimi
484 4233 513 4292 ct
528 4228 760 4311 sapientissimi
780 4229 925 4294 iciunae
946 4228 1088 4293 ministri
1109 4227 1268 4293 cannones
1295 4228 1330 4292 in
1358 4229 1443 4294 omni
1459 4230 1587 4310 pietatis
1607 4251 1690 4312 pare
1711 4234 1853 4310 casteque
1876 4230 2019 4295 minidm
2036 4252 2148 4314 ponere

24 4386 30 4396 .
129 4338 177 4403 ita
198 4340 355 4419 excellunt,
377 4344 414 4404 ut
435 4340 601 4419 institutio,
622 4340 766 4405 doctrina
788 4339 1015 4424 admonitisque
1029 4340 1129 4424 plane
1151 4339 1324 4405 christiana
1346 4341 1389 4404 ad
1411 4341 1551 4405 amnium
1573 4341 1746 4420 bominum,
1775 4346 1802 4403 ct
1824 4362 1929 4405 earum
1952 4344 2010 4423 qui
2032 4345 2068 4407 in
2089 4344 2148 4408 bac

130 4450 258 4516 ecclesia
280 4457 362 4531 sunt,
385 4457 412 4516 et
433 4451 564 4518 illorum
586 4452 642 4534 qni
652 4456 761 4516 nostra
767 4451 892 4534 priuati
913 4436 1051 4518 libertate
1073 4451 1112 4516 ab
1134 4473 1172 4517 ea
1188 4450 1310 4532 absunt,
1331 4453 1485 4516 rationem
1507 4453 1604 4534 officii
1626 4457 1655 4517 et
1674 4452 1789 4517 salutis
1797 4454 1968 4533 prudenter
1980 4475 2148 4521 aeeornmo·

130 4559 206 4625 data
227 4562 395 4627 uideatur:
422 4565 562 4628 manime
583 4568 687 4628 autem
709 4561 897 4642 obstinatus,
926 4568 1018 4645 atque
1038 4565 1074 4628 in
1094 4563 1205 4645 fallaci
1221 4564 1333 4630 mundi
1361 4585 1465 4629 amore
1491 4564 1685 4645 obfirmatus,
1709 4585 1867 4645 propeque
1888 4565 2074 4647 desperatus
2095 4569 2146 4644 sit,

131 4670 188 4752 qui
216 4677 307 4737 antea
335 4674 468 4738 multum
494 4675 610 4756 diuque
635 4673 675 4739 ab
702 4694 736 4739 eo
762 4675 914 4754 monitus,
941 4696 1025 4743 nuno
1051 4677 1119 4740 eins
1145 4677 1373 4758 pravissimam
1399 4675 1639 4740 exhortationum
1669 4680 1761 4756 atque
1787 4678 1986 4741 autoritatem
2015 4699 2081 4744 non
2102 4701 2146 4744 se·

131 4783 249 4863 quitur,
268 4782 433 4864 Deumque
454 4787 489 4850 in
511 4807 546 4852 ea
566 4786 737 4878 loquentem
759 4792 851 4868 atque
872 4807 1119 4868 unumquemque
1136 4786 1345 4852 exhortantem
1368 4791 1564 4867 aspernatur.
1613 4786 1825 4868 Quamobrem,
1853 4809 1949 4869 quum
1969 4789 2029 4855 bae
2050 4791 2146 4857 lami

131 4893 196 4957 liae
216 4893 283 4957 sive
304 4878 463 4960 condones
484 4897 525 4961 ab
544 4899 615 4979 ipso
636 4898 760 4964 habitae
782 4899 822 4964 ab
844 4899 947 4964 eodem
967 4920 1106 4964 sermone
1125 4897 1239 4982 pollice
1260 4899 1395 4982 scriptae
1417 4903 1524 4977 essent,
1541 4899 1716 4983 perdiqnae
1737 4898 1817 4964 milii
1838 4902 1926 4966 visae
1948 4907 2031 4981 sunt,
2055 4910 2147 4986 atque

130 5003 176 5069 ad
195 5005 349 5068 rationem
371 5009 542 5086 tempomrm
566 5013 744 5074 nostrarum
765 5012 978 5094 maximopere
1000 5015 1203 5092 opportunae,
1232 5030 1312 5092 qnae
1339 5011 1382 5075 ad
1404 5030 1511 5075 corum
1533 5011 1735 5094 eopiiitionem
1758 5031 1794 5077 ae
1815 5012 2058 5079 admonitionum
2074 5036 2145 5096 per-

130 5117 281 5197 uenirent,
301 5115 417 5197 quibem
438 5118 551 5201 linqua
570 5110 688 5204 palliae
710 5122 816 5205 iqnota
838 5129 924 5189 esset.
968 5122 1037 5206 Epa
1060 5121 1164 5187 Deum
1185 5128 1213 5186 ct
1230 5128 1355 5204 patrem
1378 5121 1511 5188 Domini
1531 5123 1631 5187 nostri
1655 5121 1730 5188 Iesu
1757 5121 1878 5191 Obristi
1900 5144 1953 5189 oro
1974 5131 2009 5190 nt
2030 5127 2145 5206 spirita
