4620 5894
116 235 180 299 ooo
262 330 266 339 Ι
590 190 593 195 ’
934 236 1034 302 ocu
1061 232 1306 302 snmooco.

115 426 347 490 sacramentum
375 422 466 503 fidei,
499 426 567 490 sinc
598 445 661 506 qua
688 424 771 491 uuiti
797 446 939 508 unquam
966 424 1092 507 conticit
1427 478 1433 490 .
1678 481 1685 495 .
1904 481 1910 495 .

115 507 310 589 iustificatio.
353 508 492 575 Domum
508 513 604 576 mrim
619 512 768 594 fomontis
788 533 888 579 causa
908 516 954 576 est
969 511 1092 576 iustitia
1284 473 1400 542 cmm
1421 497 1547 543 mamm
1568 477 1792 546 'mmmmm
1810 481 1974 563 flamm·

115 595 191 675 Dei,
223 615 285 660 non
312 616 376 677 qna
402 596 469 676 ipse
499 598 604 662 iustus
636 603 696 663 est:
728 599 784 664 sed
816 618 881 680 ouo
906 618 964 662 nos
993 599 1092 664 iustos
1233 594 1276 660 X.
1302 597 1455 678 Qmmois
1475 604 1578 664 autem
1598 601 1810 666 necessarium
1820 602 1863 667 sit
1880 602 2012 680 medere,
2033 622 2133 685 neque

114 681 210 765 facit:
241 701 306 761 ono
333 681 472 746 mdeticet
498 682 537 748 ab
564 704 597 748 eo
624 683 732 748 donati
757 705 946 750 renovamur
974 684 1092 764 spiritu
1142 681 1268 762 remitti,
1286 685 1529 764 nequercmissa
1546 704 1685 768 unquam
1700 686 1803 768 fuisse
1817 693 1956 768 peccata,
1973 688 2040 753 uisi
2054 709 2131 772 pra·

114 768 232 834 mentis
249 772 437 846 nostramet
458 789 519 832 nou
540 771 631 835 modo
647 776 839 852 reputamur,
860 771 915 835 sed
931 790 1000 834 uere
1015 771 1093 835 iusti
1143 768 1193 848 tis,
1215 767 1325 834 dimna
1340 769 1565 848 misericordia,
1577 792 1639 854 per
1652 772 1676 855 ¹)
1696 770 1870 838 Christum:
1886 775 2005 838 omnini
2025 779 2130 840 tamen

114 853 319 920 nominamur
349 858 378 918 et
403 873 530 933 sumus,
563 856 720 920 iustitiam
746 858 781 921 iu
802 856 891 922 nobis
911 857 1093 937 recipientes
1141 853 1295 935 fiduciam
1308 860 1337 919 et
1352 856 1568 921 certitudinem
1581 859 1779 923 remissionis
1789 864 1985 941 peccatorum
2000 879 2132 925 urorum

115 938 334 1019 unnsqumoue
353 959 455 1020 socam
477 941 647 1006 sennodum
667 962 848 1007 masuram
869 962 965 1024 qnam
989 940 1093 1022 Spiri·
1142 940 1485 1018 iactanti,etineasota
1496 942 1669 1023 quiescenti,
1675 949 1807 1024 peccata
1819 948 1895 1023 [pag.
1911 948 1985 1025 144]
1999 945 2130 1026 dimitti,

115 1030 168 1091 tus
189 1028 316 1089 sanctus
333 1028 476 1107 partitur
495 1027 639 1109 succutis,
662 1034 756 1107 prout
777 1029 851 1107 ontt,
872 1033 901 1093 et
921 1028 1093 1093 secuudum
1142 1026 1337 1092 oddimisso
1351 1047 1417 1091 esse
1432 1027 1599 1094 dicendum
1610 1034 1669 1107 est,
1693 1049 1789 1110 quum
1801 1031 1891 1110 apud
1908 1030 2079 1097 haereticos
2101 1036 2130 1096 et

109 1111 282 1195 propriam
315 1112 561 1193 uniuscuiusque
588 1114 824 1194 dispositionem
856 1118 885 1180 et
911 1116 1094 1195 cooperatio-
1143 1111 1356 1178 schismaticos
1371 1114 1473 1193 possit
1494 1133 1573 1194 esse,
1600 1115 1663 1178 inno
1684 1121 1792 1181 nostra
1812 1121 1990 1197 tempestate
2011 1117 2066 1196 sit,
2098 1121 2129 1182 ot

114 1216 197 1263 nem.
244 1196 432 1278 &mopiam
453 1200 536 1262 enim
557 1220 645 1263 nemo
668 1201 771 1281 possit
799 1220 866 1266 esse
885 1201 1003 1280 iustus,
1027 1200 1094 1264 nisi
1138 1198 1340 1282 praedicetur
1365 1218 1481 1282 maana
1507 1205 1615 1265 contra
1641 1200 1817 1267 Ecdcsiam
1842 1201 2026 1266 catholicam
2058 1221 2129 1267 coro·

114 1285 168 1349 cori
196 1283 309 1347 merita
332 1285 499 1363 passionis
528 1283 649 1350 Christi
675 1288 954 1365 communicantur,⁸
984 1286 1020 1351 id
1047 1291 1094 1350 ta·
1143 1285 1284 1362 tentione,
1306 1282 1382 1350 haec
1403 1305 1487 1349 oona
1507 1289 1536 1350 et
1557 1285 1598 1351 ab
1619 1287 1703 1350 unni
1719 1288 1836 1368 pietate
1856 1291 1975 1352 mmota
1995 1287 2128 1367 fiducia.

114 1389 187 1435 men
207 1369 245 1432 iu
264 1367 325 1434 hoo
345 1370 438 1451 impii
455 1370 676 1452 iustificatione
694 1373 739 1453 fit,
756 1373 833 1438 dum
851 1373 989 1438 eiusdem
1005 1391 1094 1437 sono
1147 1369 1210 1436 Sed
1229 1390 1326 1450 neque
1347 1369 1432 1435 ibtud
1453 1372 1655 1436 asserendum
1676 1378 1730 1452 est,
1753 1377 1890 1454 oportere
1912 1392 1963 1438 eos
1985 1374 2040 1453 qni
2057 1392 2130 1439 uere

114 1460 164 1521 tae
186 1454 354 1537 possimis
379 1458 501 1536 merito,
530 1477 593 1538 per
621 1455 779 1537 Spiritum
805 1463 947 1523 sanctum
975 1459 1094 1522 caritas
1146 1455 1311 1536 iustificati
1332 1461 1420 1535 sunt,
1449 1457 1563 1537 absque
1589 1457 1657 1523 utta
1680 1459 1804 1523 omuino
1824 1457 2019 1524 dubitatione
2038 1459 2128 1539 apud

114 1538 183 1608 Du·
202 1540 395 1622 diffunditur
420 1543 456 1605 in
477 1542 622 1607 cordibus
643 1564 762 1623 mrum,
789 1545 844 1626 qui
872 1544 1094 1626 iustificantur,
1146 1542 1327 1622 semetipsos
1347 1547 1490 1621 statuere,
1512 1562 1546 1608 se
1565 1564 1635 1608 uere
1656 1563 1722 1609 esse
1743 1543 1942 1624 iustificatos,
1963 1544 2129 1609 munnam·

114 1631 209 1709 atam
229 1626 313 1707 ipsis
335 1626 490 1693 inhaerd:
516 1629 599 1694 unde
621 1629 657 1694 in
678 1631 751 1711 ipso
768 1630 1001 1710 instihcotione,
1024 1650 1095 1698 oum
1146 1649 1205 1710 que
1232 1628 1351 1692 obsotoi
1377 1649 1399 1692 a
1420 1629 1571 1709 peccatis,
1600 1650 1639 1695 ac
1665 1629 1851 1710 iustificari,
1881 1631 1948 1695 nisi
1976 1650 2046 1695 eum
2073 1628 2131 1710 oui

114 1712 301 1778 remissione
315 1719 522 1793 pcccatomcm,
544 1713 618 1780 haec
639 1717 746 1780 omnia
767 1717 864 1781 simnb
884 1717 996 1798 infusa
1017 1718 1096 1782 uoci·
1147 1719 1228 1782 certo
1249 1715 1355 1779 credat
1374 1733 1409 1779 se
1430 1713 1617 1795 absolutum,
1645 1734 1684 1779 ac
1702 1714 1910 1796 iustificatum
1931 1734 2011 1781 esse:
2038 1721 2131 1795 atoue

110 1800 163 1881 pit
183 1796 288 1876 homo,
309 1819 373 1880 per
395 1798 504 1866 Iesmn
527 1799 688 1865 Christum
717 1803 769 1866 cui
795 1803 962 1882 inseritur,
989 1803 1093 1884 fidem,
1147 1802 1206 1866 hae
1232 1798 1301 1864 sota
1327 1799 1390 1880 nae
1416 1799 1636 1865 absolutionem
1662 1819 1700 1865 aa
1728 1801 1980 1882 iustificatiouem
2001 1800 2131 1884 perfici:

114 1903 212 1967 spen,
234 1887 263 1948 ct
283 1884 453 1949 caritatem
499 1886 587 1950 Nam
606 1887 686 1968 fides
707 1887 773 1952 nisi
794 1888 838 1953 ad
860 1908 928 1953 eam
954 1908 1025 1971 spes
1046 1908 1097 1954 aa
1147 1886 1243 1970 qnasi
1263 1885 1320 1967 qui
1340 1886 1395 1952 hoa
1416 1906 1478 1950 nan
1499 1887 1609 1966 credit,
1638 1887 1677 1951 de
1697 1885 1763 1952 Dei
1779 1888 2004 1969 promissione,
2033 1885 2131 1968 doque

116 1970 220 2049 cedat,
247 1973 276 2034 et
300 1971 435 2051 coritas,
462 1977 753 2054 neqne[pug.142]
782 1975 852 2038 uuit
873 1975 1006 2057 perfecte
1025 1993 1097 2038 oum
1146 1971 1257 2038 mortis
1278 1991 1316 2036 oc
1332 1973 1573 2038 resurrectionis
1585 1970 1704 2037 Christi
1721 1972 1837 2038 dubitet
1854 1972 2004 2054 efficacia.
2040 1971 2130 2037 Nom

118 2054 260 2134 (bristo,
285 2075 383 2137 mque
406 2060 544 2138 corporis
570 2060 640 2123 eius
669 2061 774 2123 uicum
801 2061 974 2126 membrum
994 2059 1096 2141 efficit.
1147 2060 1229 2125 sicut
1255 2077 1341 2122 nemo
1362 2058 1444 2138 pius
1464 2044 1587 2122 de'Dei
1608 2058 1845 2136 misericordia,
1866 2060 1904 2125 de
1928 2055 2048 2124 Christi
2068 2076 2134 2121 me·

119 2142 190 2225 Qua
210 2141 333 2206 ratione
348 2144 513 2208 uerissime
529 2144 645 2209 dicitm
661 2146 753 2223 tidem
770 2146 838 2211 siue
854 2148 998 2228 operibns
1014 2167 1097 2213 mor-
1147 2146 1225 2222 rito,
1259 2163 1297 2208 ac
1322 2149 1590 2209 sacramentorum
1615 2144 1728 2208 mrtute
1755 2149 1783 2208 et
1813 2143 1958 2226 efficacia
1985 2142 2131 2208 dubitare

115 2232 204 2293 mam
230 2232 261 2291 et
287 2227 418 2295 chosam
444 2230 528 2311 sore:
557 2231 643 2294 etin
665 2228 789 2296 Christo
811 2231 895 2312 Iesu,
916 2252 1015 2315 neque
1035 2234 1095 2298 air·
1147 2229 1239 2306 debet,
1261 2229 1307 2295 sic
1329 2228 1458 2311 quilibet
1478 2230 1555 2295 dum
1566 2230 1696 2313 suam2)
1717 2229 2128 2312 propriamindrmitatm

116 2313 351 2393 mmcisionun,
383 2335 481 2397 neque
504 2319 707 2398 praeputium
736 2317 859 2399 aliquid
890 2320 1008 2398 catere,
1041 2319 1096 2385 sed
1147 2336 1185 2381 ac
1211 2315 1481 2396 indispositionem
1507 2316 1649 2397 respicit,
1677 2315 1715 2380 de
1741 2336 1803 2380 sua
1822 2317 1931 2399 pratia
1951 2313 2127 2396 formidare

115 2398 208 2481 fidon
228 2420 310 2481 quae
325 2420 386 2482 per
407 2402 569 2468 caritatem
590 2407 746 2484 operatur.
791 2403 886 2470 Hanc
909 2405 1005 2486 Mun
1024 2411 1096 2471 ante
1147 2422 1184 2468 ao
1205 2402 1313 2467 timere
1329 2405 1444 2483 potest:
1466 2421 1563 2482 quum
1584 2401 1695 2467 nutius
1716 2403 1797 2467 scire
1818 2402 1922 2466 oateat
1943 2399 2128 2466 certitudine

115 2485 265 2569 baptismi
284 2492 523 2568 sacramentum,
545 2509 584 2552 er
603 2490 769 2555 traditione
790 2490 1025 2571 Apostolorum,
1047 2512 1098 2557 ca
1146 2488 1236 2571 fidei,
1264 2488 1317 2556 mi
1336 2507 1399 2552 nou
1416 2492 1517 2569 potest
1537 2488 1660 2553 subesse
1679 2486 1815 2568 schum,
1845 2508 1878 2553 se
1903 2487 2042 2570 oratiam
2064 2483 2129 2550 Dei
2216 2515 2218 2520 ·

117 2571 287 2637 tcetomneni
309 2571 348 2636 ab
370 2571 514 2639 Euboia
529 2579 647 2655 petunt,
668 2595 768 2656 quum
783 2582 898 2656 petunt
915 2576 1024 2658 fidem,
1053 2577 1099 2641 ai-
1151 2596 1217 2641 esse
1239 2579 1469 2655 consequutum.

118 2661 182 2725 nu
202 2661 364 2722 aeternam
378 2666 608 2741 praestantem,
639 2682 736 2742 quom
757 2663 825 2726 sine
846 2684 901 2745 spe
923 2670 950 2728 et
971 2665 1099 2728 caritate
1547 2713 1554 2725 .
1611 2711 1617 2724 .
1696 2710 1703 2722 .
1750 2711 1756 2723 .
1802 2710 1809 2723 .
1931 2744 1933 2749 Ι

120 2742 196 2825 fides
210 2748 380 2824 praestare
400 2766 462 2810 non
472 2752 582 2827 potest.
612 2746 701 2813 Unde
718 2749 825 2812 statim
843 2749 968 2815 uerbum
981 2747 1100 2814 Christi
1306 2711 1359 2779 De
1380 2717 1520 2793 “mm
1541 2710 1773 2793 mmmmm
1795 2713 2016 2841 'mmmm'
2039 2829 2045 2841 .
2118 2827 2125 2841 ·

122 2829 271 2895 andiunt:
306 2829 345 2894 Si
372 2832 422 2896 vis
449 2834 493 2898 ad
524 2835 622 2897 oitom
648 2834 787 2917 inpredo',
818 2855 910 2901 serua
939 2837 1099 2901 mandata.
1240 2842 1312 2914 [pag.
1335 2838 1408 2912 145]
1435 2832 1500 2897 XI.
1536 2830 1591 2898 Sic
1612 2850 1684 2914 erpo
1704 2829 1878 2911 iustificati,
1901 2834 1930 2893 ct
1949 2847 2046 2894 amice
2060 2827 2134 2908 Der,

124 2914 352 2998 ltaqueoeram
368 2922 398 2982 et
410 2916 794 2984 (heristianamiustitiom
812 2922 1002 3002 accipientes,
1020 2942 1098 3001 cam,
1152 2926 1180 2986 et
1207 2919 1367 2986 domestici
1391 2921 1485 3002 sacti,
1507 2923 1612 2984 euntes
1633 2918 1670 2981 de
1688 2916 1802 2981 virtute
1823 2915 1860 2980 in
1881 2915 2026 2980 uirtutem
2047 2933 2136 2979 reno-

122 3022 174 3068 oen
190 3001 334 3082 primam
354 3003 481 3081 stolam,
504 3026 566 3086 pro
590 3005 648 3070 itta
670 3026 766 3087 quam
787 3005 897 3073 Adam
918 3028 979 3073 sua
999 3008 1101 3073 inobe-
1152 3012 1280 3086 uantur,
1304 3010 1339 3071 ut
1359 3004 1530 3088 Apostotus
1551 3004 1669 3085 inquit,
1691 3002 1801 3068 dedic
1822 3001 1858 3066 in
1879 3001 1978 3098 diem:
2003 2999 2058 3065 hoc
2079 3004 2134 3078 est,

124 3087 242 3153 diemia
267 3088 330 3152 sibi
362 3090 503 3155 duobis
529 3092 686 3171 perdidit,
713 3112 774 3174 per
802 3092 962 3159 Christum
992 3094 1101 3160 Iesum
1153 3092 1375 3175 mortificantes
1405 3093 1543 3158 membra
1574 3089 1683 3154 carnis
1713 3108 1805 3166 suae,
1838 3091 1867 3151 et
1898 3085 2070 3150 cohibentes
2095 3103 2134 3149 ea

124 3172 187 3238 diis
208 3175 360 3240 donatam
380 3177 549 3241 candidam
570 3183 597 3242 et
617 3179 853 3244 immaculatam
873 3180 1018 3246 iubentia
1038 3185 1102 3245 sta·
1154 3200 1247 3246 arura
1267 3177 1412 3244 institiae
1433 3178 1510 3257 Deo,
1530 3177 1567 3240 in
1587 3173 1871 3254 sanctificatum
1887 3192 1949 3270 per
1969 3170 2134 3269 obseruau-

125 3259 177 3323 tim
197 3261 304 3327 renat-i
325 3280 515 3343 conseruare,
536 3270 573 3328 ut
592 3284 662 3328 eam
681 3266 883 3346 proferant1)
913 3272 983 3331 ante
1004 3266 1102 3331 tribu
1154 3267 1233 3331 tiam
1259 3264 1480 3330 mandatorum
1499 3261 1565 3327 Dei
1589 3266 1619 3326 et
1639 3259 1813 3337 Ecclesiae,
1842 3259 1879 3323 iu
1903 3277 1976 3338 ipsa
1997 3260 2132 3354 numidia,

125 3345 177 3410 nat
208 3346 346 3413 Domini
377 3350 478 3412 nostri
511 3349 588 3415 Iesu
622 3349 749 3428 Christi,
783 3356 810 3416 et
841 3350 973 3417 habeant
1004 3354 1101 3418 uitam
1150 3350 1341 3432 perChristi
1355 3349 1495 3431 oratiam
1510 3351 1640 3428 compta,
1662 3349 1843 3427 cooperante
1861 3342 1933 3424 fide,
1954 3343 2044 3408 barris
2065 3360 2135 3440 ope·

126 3436 290 3498 odanam
779 3461 789 3476 ·
1153 3437 1256 3514 ribus,
1277 3440 1430 3513 commod,
1456 3437 1485 3499 et
1505 3433 1609 3516 napis
1627 3452 1665 3496 ao
1685 3431 1790 3515 inopis
1809 3427 2031 3511 imtiticantm,
2053 3431 2136 3493 suu

1154 3522 1305 3603 scriptum
1332 3525 1394 3586 est:
1424 3520 1486 3602 Qui
1513 3520 1617 3584 inustus
1643 3522 1703 3597 est,
1730 3514 1918 3596 iustificetur
1944 3513 2055 3612 adhuc.
2090 3511 2137 3577 m

128 3619 190 3701 Quo
215 3621 308 3686 modo
335 3621 530 3705 inteliipatur
557 3625 695 3704 impium
722 3645 783 3706 per
812 3627 906 3706 fidem
939 3631 967 3690 et
995 3629 1101 3710 pratis
1153 3611 1283 3674 tibrum-¹
1327 3606 1378 3672 Νθ
1411 3606 1551 3706 θρἴθᾳήΰ
1587 3624 1687 3702 “⁶9²⁴ss
1718 3603 1762 3668 “d
1791 3606 1920 3699 'Mem
1947 3599 2132 3700 ‚busitfiwst

519 3711 700 3791 iustificare,
1154 3694 1200 3761 Et
1226 3714 1359 3760 merses:
1394 3691 1514 3757 Videtis
1538 3710 1687 3773 quomam
1713 3709 1752 3753 eoo
1773 3683 2134 3785 openbuslrustcficotur

1153 3782 1256 3859 tmnm,
1287 3785 1315 3845 et
1340 3799 1402 3843 nau
1423 3799 1461 3843 ee
1481 3776 1545 3857 hdo
1565 3780 1693 3841 tanetum.
1738 3774 1807 3838 Hoc
1828 3793 1900 3838 cero
1921 3776 2063 3837 iustitiae
2084 3790 2134 3834 m·

207 3861 466 3941 [oeg.143]IX.
504 3863 607 3944 Qucum
627 3885 696 3930 vero
708 3865 879 3947 Apostolus
895 3869 989 3947 dicat,
1011 3869 1101 3933 iusti
1152 3872 1341 3933 crementum
1356 3865 1435 3946 petit
1454 3868 1564 3930 sancta
1580 3861 1731 3938 Eodesia,
1752 3878 1851 3941 auum
1861 3863 1945 3924 orat:
1966 3853 2132 3933 Danobis,

116 3944 212 4025 ficari
240 3941 396 4012 hominem
417 3968 480 4028 per
501 3949 596 4030 fidem
623 3956 651 4015 et
678 3954 799 4034 pratis:
826 3974 862 4017 ea
890 3956 984 4019 cerba
1010 3956 1046 4018 in
1067 3975 1102 4019 eo
1154 3953 1300 4031 Domine,
1320 3950 1405 4033 fidei,
1427 3951 1497 4032 spei
1517 3954 1546 4014 et
1567 3948 1711 4013 caritatis
1731 3949 1938 4028 auctmentum,
1959 3946 2012 4007 02⁶·

118 4051 215 4097 Μ
236 4032 438 4117 intettipenda
460 4041 542 4114 sunt,
567 4056 657 4116 amm
672 4043 843 4119 perpetmos
865 4039 1025 4106 Ecclesiae
1051 4060 1102 4107 co-

118 4116 249 4184 thotieae
276 4139 445 4184 mensus
470 4123 568 4185 renuis
591 4127 619 4186 ep
643 4126 811 4203 expressit,
840 4131 874 4189 ,p
900 4127 1015 4192 scam
1039 4147 1101 4208 W
1154 4090 1205 4156 De
1227 4089 1434 4156 obseruatione
1455 4084 1689 4163 mandatorum,
1718 4083 1815 4165 mone
1840 4078 1932 4145 itlius
1953 4076 2135 4143 neccessitate

111 4201 214 4281 num
238 4205 309 4270 uu
337 4205 510 4286 resonem
536 4208 696 4286 omma,
726 4211 804 4289 quea
823 4210 903 4290 aas
928 4217 973 4276 ea
992 4212 1103 4276 coma
1511 4168 1773 4253 ⁶²P⁰⁸⁸²W²²⁰b
1816 4285 1822 4299 ,
1868 4284 1875 4298 ,
1934 4283 1939 4296 ,
2112 4281 2118 4295 ,

116 4309 183 4356 noe
201 4289 319 4356 smmis
339 4292 478 4369 initium,
499 4293 737 4374 fundamentum
759 4301 787 4358 et
808 4297 906 4361 radio
927 4299 1029 4362 ornnis
1049 4299 1099 4362 iu·
1243 4293 1330 4357 XII.
1377 4291 1477 4357 Nauio
1498 4296 1616 4368 amem,
1638 4293 1840 4370 quantumuis
1861 4282 2066 4364 indificatus,
2093 4281 2133 4347 tr·

114 4375 335 4456 stificationis,
363 4378 432 4442 siue
460 4399 524 4459 qua
544 4380 734 4459 impossibiie
755 4387 801 4445 est
817 4383 941 4462 placere
961 4382 1044 4461 Deo,
1073 4388 1102 4447 et
1153 4381 1260 4446 berum
1281 4400 1314 4444 se
1335 4399 1400 4444 esse
1420 4377 1461 4442 ab
1482 4374 1688 4442 observatione
1706 4372 1929 4469 mandatorum
1944 4372 2063 4450 putare
2082 4368 2134 4433 de

116 4460 166 4527 ad
184 4460 326 4543 fitiorum
349 4465 538 4528 consortium
553 4467 734 4545 peruenire:
759 4469 862 4550 pratis
882 4474 987 4532 autem
1008 4469 1101 4532 iusti-
1153 4467 1215 4530 bet:
1240 4485 1328 4530 nuno
1353 4463 1522 4529 mmeraria
1546 4461 1619 4538 itha,
1648 4465 1675 4524 et
1700 4480 1722 4523 a
1742 4456 1893 4555 patribus
1920 4454 1978 4520 sub
2002 4452 2134 4519 abab&

113 4544 215 4621 ficari
241 4548 309 4613 ideo
331 4548 490 4629 dicamur,
511 4552 589 4631 quia
608 4551 690 4616 nihii
712 4574 825 4632 earum,
847 4575 929 4636 quae
950 4555 1101 4636 iustihco·
1153 4557 1235 4618 mate
1257 4558 1331 4630 [pag.
1346 4556 1418 4627 146]
1436 4547 1599 4631 prohibita
1619 4564 1689 4611 uoce
1710 4547 1759 4607 uti
1779 4540 1949 4641 debetDer
1964 4543 2134 4638 praccepta

117 4631 237 4698 &mun
251 4635 452 4717 praecedunt,
474 4637 540 4700 sice
559 4635 648 4717 fides,
671 4639 737 4704 sioe
758 4659 860 4721 opera,
882 4641 988 4723 ipsam
1010 4642 1102 4706 iusti-
1152 4638 1274 4704 homini
1299 4636 1467 4718 iustificata
1494 4634 1537 4698 ad
1562 4629 1788 4728 obseruandum
1813 4646 1888 4726 esse·
1913 4623 2133 4709 impossibilia.

120 4714 280 4792 fioationis
294 4721 435 4803 aratiam
448 4728 658 4804 promeretur:
674 4726 705 4790 si
722 4726 806 4790 enim
820 4729 937 4808 pratia,
954 4728 1022 4792 iam
1039 4747 1102 4792 nou
1156 4724 1244 4790 Nam
1264 4723 1354 4789 Deus
1374 4719 1566 4803 impossibile
1587 4736 1649 4782 noro
1675 4713 1769 4793 enbet,
1798 4712 1853 4779 sed
1875 4712 2006 4811 nubendo
2031 4713 2134 4777 manet

123 4820 170 4866 a
187 4806 346 4885 moos.-
369 4808 545 4890 anacim)
566 4811 674 4892 pun
694 4812 762 4877 rau
783 4833 844 4877 uon
864 4818 942 4879 esso
957 4815 1074 4897 pau.
1154 4811 1298 4892 afuat
1319 4809 1401 4889 osaea
1416 4806 1532 4889 rosus,
1554 4806 1702 4884 onore
1722 4800 1804 4883 quoa
1820 4819 1883 4866 ooo
1895 4818 2011 4881 rosso,
2033 4795 2136 4862 oot-

1156 4987 1231 4994 ,-

199 5094 227 5157 lt
244 5095 320 5152 coo.
357 5099 484 5156 efferent
1223 5101 1254 5235 ἐξ
1272 5100 1456 5224 &propios

197 5162 226 5227 2)
243 5166 287 5221 At.
364 5176 420 5222 ‚ut
437 5169 507 5226 idem
525 5171 676 5240 Apostolus
693 5171 786 5241 inquit
1365 5183 1395 5223 se
1412 5167 1502 5235 ipsum
1519 5179 1657 5234 suamque.

232 5252 341 5312 aarum
357 5273 449 5325 opera.
492 5258 548 5312 roz.
573 5257 639 5312 roo.
1893 5240 1929 5298 2⁸
