4620 5894
143 236 207 302 471
820 230 944 299 hort
965 228 1147 298 SYNODI
1165 228 1488 298 dampnemur
2095 231 2159 295 471

149 423 260 506 3,17).
297 421 401 486 Item:
419 419 603 488 Victoriam
617 440 689 486 esse
707 428 867 500 nostram,
889 439 955 502 qua
968 418 1130 484 mundum
1182 419 1321 485 lectione
1342 421 1390 486 ita
1411 419 1546 503 garrire.
1592 416 1719 482 Eadem
1737 417 1914 482 securitate
1935 415 2064 482 coelum
2085 438 2161 501 pro·

146 508 311 575 vincimus
329 507 360 584 (l
376 506 494 572 Ioann.
507 508 594 588 14).
638 505 742 570 Item:
767 503 910 572 Scotum
928 526 1000 571 esso
1024 503 1129 586 repel·
1182 505 1325 571 mercale
1346 513 1533 589 exponunt,
1561 503 1625 586 ipsi
1647 503 1774 567 interea
1795 506 1871 580 [pag.
1895 507 1971 581 113]
1998 503 2035 567 11
2064 524 2160 586 prae·

147 593 257 661 lendis
280 591 402 658 diaboli
423 592 601 657 insultibus
624 591 903 673 (1111111111
924 591 1014 656 Petr.
1035 596 1064 668 1,
1084 592 1129 672 9).
1182 591 1269 657 senti
1300 590 1465 670 mercede,
1499 591 1550 655 oui
1583 589 1730 665 inhiant,
1769 588 1917 670 occupati
1930 587 1966 671 ¹).
2016 588 2161 657 Frustra

148 680 253 746 Item:
285 675 369 743 Fide
384 698 445 743 nos
467 678 505 742 in
524 678 649 742 virtute
664 677 728 741 Dei
756 676 913 742 custodiri
934 676 969 740 11
989 675 1131 740 salutem
1182 678 1271 742 enim
1292 678 1440 761 pulchris
1462 676 1543 754 istis,
1566 696 1648 759 qnos
1669 682 1783 756 postea
1803 672 1973 750 inducunt,
1996 674 2160 742 coloribus

150 767 184 850 (1
199 765 291 831 Patr.
306 771 334 842 l,
349 763 392 844 5).
428 763 506 828 Non
516 782 595 847 ergo
607 761 743 827 dubium
765 771 825 839 est,
847 763 926 844 quin
938 761 1068 845 sepulte
1086 759 1131 824 sit
1183 762 1294 829 oculos
1325 785 1392 829 non
1425 783 1558 847 prorsus
1591 758 1724 825 hebetes
1755 768 1887 824 tentant
1919 762 2158 845 perstringere:

149 852 331 932 obrutaque
341 849 621 925 fidesinhomine‚
644 847 743 912 simul
755 858 853 930 atque
865 847 973 913 victus
985 854 1037 911 est
1057 852 1130 911 ten·
1182 848 1260 913 dum
1283 849 1468 932 prohibent,
1491 869 1533 912 ne
1556 847 1629 930 quis
1658 843 1811 928 operibus
1833 844 1885 911 vel
1931 845 2083 925 lorietur,
2106 846 2161 913 vel

152 937 275 1002 tatione
298 934 416 1016 aliqua,
439 943 478 999 ut
495 955 516 998 1
537 935 656 998 timore
674 933 738 997 Dei
760 932 912 999 discedat.
947 933 1023 997 Non
1041 931 1131 997 anim
1182 934 1338 1001 confidat:
1373 935 1529 1020 quoniam
1562 933 1631 997 sint
1663 933 1727 996 Dei
1766 930 1862 996 dona.
1908 866 2087 1014 biquidcm
2122 944 2161 998 ut

153 1023 260 1106 magis
282 1020 419 1104 spiritus
437 1018 705 1085 sanctificationis
727 1040 748 1083 a
768 1018 843 1094 fide,
865 1017 1131 1102 quemchristus
1183 1023 1346 1099 omittam,
1380 1020 1467 1105 quod
1499 1019 1653 1084 humanis
1684 1016 1810 1082 viribus
1841 1017 1959 1081 maiori
1991 1037 2033 1081 ex
2065 1028 2161 1101 parte

152 1108 224 1191 ipse
251 1107 397 1190 separari
423 1115 539 1188 potest.
584 1104 699 1186 Neque
732 1119 844 1170 tamen
870 1125 994 1181 assero,
1028 1124 1131 1203 quum
1181 1107 1275 1191 prius
1296 1114 1502 1190 armgnmnt,
1525 1124 1608 1187 quae
1631 1103 1717 1168 dona
1734 1124 1806 1167 esse
1818 1104 1880 1167 Dei
1898 1123 1988 1168 nunc
1998 1103 2161 1170 fatentur:

157 1192 339 1259 excidimus
369 1212 389 1257 1
416 1192 533 1256 timore
556 1189 708 1266 Domini,
736 1211 871 1272 prorsus
899 1190 1068 1273 exstingui
1094 1210 1132 1253 m
1183 1194 1406 1258 1111111111
1434 1213 1548 1258 eorum
1571 1189 1710 1265 decreto,
1733 1209 1818 1270 quoe
1840 1189 1918 1254 ferri
1940 1209 2006 1253 non
2029 1189 2160 1267 debent,

152 1279 248 1344 nobis
271 1276 380 1343 fidem.
426 1275 495 1342 Sed
518 1273 793 1359 quemadmodum
821 1276 933 1360 pravis
959 1275 1132 1358 concupis·
1184 1289 1301 1344 errata
1345 1279 1433 1344 Nam
1462 1278 1524 1341 etsi
1550 1274 1654 1340 obiter
1681 1275 1863 1358 attingunt,
1894 1273 2020 1340 Christi
2041 1275 2160 1343 merito

153 1365 270 1430 centiis
303 1363 504 1447 opprimitur
529 1363 593 1427 Dei
626 1362 739 1439 timor,
776 1361 823 1425 ita
858 1361 946 1426 hano
978 1360 1133 1425 snfiboari
1183 1365 1270 1431 bona
1291 1363 1420 1447 piorum
1443 1383 1542 1447 opera
1570 1381 1641 1425 esse
1669 1360 1851 1439 meritoria,
1879 1359 1966 1442 quod
1989 1368 2103 1426 tamen
2124 1363 2161 1427 in

152 1449 234 1528 dico,
258 1455 297 1514 ut
318 1450 389 1514 vim
412 1467 507 1513 suam
529 1447 635 1511 nihilo
656 1447 739 1530 plus,
763 1445 805 1512 ad
827 1454 967 1530 tempus,
989 1454 1132 1522 exserat,
1182 1451 1299 1536 primis
1322 1471 1454 1517 necesse
1476 1457 1548 1513 erat
1569 1453 1796 1530 praetereunt:
1827 1446 1955 1510 nullum
1975 1467 2048 1512 esse
2066 1468 2159 1531 opus,

47 1600 53 1609 .
152 1556 252 1619 quem
286 1535 315 1600 ei
347 1532 586 1617 quodammode
619 1541 707 1598 18861
739 1532 967 1598 intermortua
1011 1533 1133 1597 Aetute
1183 1536 1269 1621 quod
1290 1558 1358 1602 non
1379 1538 1538 1602 infectum
1556 1535 1600 1598 sit
1621 1530 1695 1596 labe
1717 1531 1836 1613 aliqua,
1860 1532 1925 1596 nisi
1937 1531 2066 1598 Christi
2082 1553 2161 1599 1111·

151 1621 278 1688 11111111
298 1619 488 1686 cuniculum
510 1618 653 1684 effodere
680 1619 863 1683 moliuntur
885 1618 989 1684 sancti
1011 1629 1132 1700 patres,
1184 1626 1285 1708 guine
1303 1623 1464 1688 abluatur.
1509 1618 1601 1700 Quin
1625 1618 1734 1699 potius
1763 1617 1880 1682 falsam
1909 1617 2062 1700 operibus
2087 1617 2161 1704 dig-

151 1706 188 1772 in
214 1727 280 1789 quo
307 1705 427 1789 dogma
455 1703 536 1770 illud
565 1726 662 1770 suum
688 1703 829 1786 impium
856 1703 1033 1770 occultent:
1064 1723 1132 1767 non
1183 1710 1322 1774 nitatem
1345 1710 1524 1791 affingunt,
1552 1714 1590 1769 ut
1610 1705 1681 1769 sine
1702 1704 1800 1767 venia
1820 1703 1980 1785 placeant
2025 1702 2161 1788 Specio-

151 1792 222 1858 sola
242 1790 309 1856 fide
330 1811 392 1855 nos
412 1791 592 1855 iustificari.
625 1787 909 1871 Sedquiahac¹)
932 1810 1132 1855 11111111-
1184 1817 1258 1861 snm
1286 1795 1417 1877 quidem
1445 1802 1495 1859 est
1527 1789 1615 1873 quod
1643 1786 1839 1853 obtendunt:
1872 1789 1976 1854 fluere
2003 1790 2161 1855 omniaa

153 1878 211 1949 dit.
232 1877 299 1942 alia
319 1876 510 1941 adoriantur
531 1877 594 1941 via.
1184 1882 1302 1963 spiritu
1330 1880 1465 1946 Christi.
1511 1874 1579 1943 Sed
1606 1875 1661 1940 ubi
1694 1874 1844 1939 absoluta
1877 1875 2014 1956 spiritus
2054 1880 2162 1942 sancti

240 1961 402 2045 Superest
422 1969 626 2044 postremum
639 1968 746 2042 eaput,
770 1960 810 2026 de
832 1961 949 2026 merito
972 1961 1132 2026 bonorum
1184 1968 1291 2031 virtus
1313 1964 1517 2049 reperietur?
1562 1963 1686 2027 Annon
1707 1958 1748 2024 ad
1770 1981 1957 2025 mensuram
1985 1962 2161 2045 unicuique

155 2070 303 2134 operum.
348 2047 442 2112 Nihil
471 2068 568 2130 porro
596 2048 770 2111 internos
798 2048 1042 2112 controversiae
1072 2054 1131 2123 est,
1184 2052 1392 2117 distribuitur
1414 2053 1445 2136 (1
1473 2050 1547 2115 Gor.
1572 2051 1619 2124 12,
1645 2046 1717 2127 ll)?
1751 2044 1927 2111 Debebunt
1948 2066 2027 2130 ergo
2049 2045 2161 2114 obser-

154 2136 235 2218 quin
256 2132 457 2200 exhortandi
474 2133 540 2197 sint
563 2131 604 2196 ad
627 2131 712 2196 bona
734 2153 834 2214 opera
853 2131 981 2210 fideles,
1000 2139 1035 2196 11
1054 2151 1132 2214 pro·
1183 2160 1271 2216 vare,
1294 2159 1423 2220 semper
1445 2135 1568 2218 aliquid
1586 2140 1718 2198 nostrae
1740 2132 1839 2196 111111
1860 2131 2054 2209 admixtum,
2073 2133 2161 2216 qnod

152 2221 260 2303 petite
281 2219 380 2284 etiem
401 2218 554 2284 mercede
572 2217 773 2284 stimulandi·
797 2217 887 2298 Quid
908 2216 1032 2301 igitur?
1056 2217 1132 2282 Pri·
1183 2224 1361 2307 puritatem
1394 2222 1483 2286 illam
1519 2221 1652 2284 inficiat.
1710 2216 1820 2297 Quum
1856 2226 1966 2282 autem
1999 2217 2163 2284 deformet

152 2326 262 2383 mum,
291 2304 378 2387 quod
399 2304 502 2368 vitam
525 2311 695 2368 aeternam
716 2303 843 2368 faciunt
867 2303 1066 2380 mercedem,
1096 2304 1133 2366 11
1184 2330 1294 2374 coram
1316 2310 1388 2374 Deo
1415 2306 1573 2390 quidquid
1596 2304 1733 2368 anobis
1761 2323 1896 2385 operum
1924 2303 2049 2385 prodit,
2076 2326 2161 2387 quae

152 2413 191 2456 eo
214 2390 343 2456 abillis
366 2389 539 2455 dissentio:
562 2409 668 2470 neque
690 2389 779 2453 enim
801 2389 829 2453 si
849 2389 886 2452 in
906 2389 977 2455 vita
998 2398 1133 2454 aeterna
1183 2394 1277 2460 nobis
1306 2395 1458 2460 inhaeret
1485 2392 1660 2457 vitiositas:
1689 2411 1794 2453 unum
1821 2398 1985 2471 superest,
2019 2401 2058 2454 ut
2084 2411 2161 2474 gra·

151 2478 246 2543 Dens
267 2497 367 2559 opera
392 2482 639 2551 remuneratur,
666 2474 744 2539 inde
771 2474 922 2556 protinus
947 2475 1131 2552 conficient,
1184 2481 1268 2546 tuita
1296 2480 1482 2563 acceptione
1510 2479 1666 2562 gratiam,
1702 2496 1801 2557 quam
1828 2497 1894 2539 non
1923 2474 2049 2539 habent
2078 2496 2099 2540 a
2125 2498 2161 2543 11

152 2567 227 2642 [111-1·
247 2567 322 2639 222]
346 2563 449 2627 Vitem
472 2561 579 2644 ipsam
601 2580 687 2636 esee,
710 2579 792 2642 quae
812 2561 848 2623 in
870 2581 909 2624 ea
929 2558 1131 2642 rependitur,
1183 2567 1279 2649 ipsis,
1313 2573 1516 2648 recuperent.
1562 2563 1600 2626 Id
1629 2563 1682 2635 fit,
1717 2558 1794 2624 dum
1828 2561 1862 2624 in
1897 2561 2161 2628 aestimationem

152 2647 347 2713 mercedem.
393 2645 484 2727 Quin
506 2647 614 2729 potius
634 2644 871 2710 haereditatem
894 2668 983 2724 1111,
1012 2647 1132 2729 ubique
1183 2674 1249 2717 non
1272 2652 1412 2719 veniunt
1432 2652 1518 2732 ipsa:
1541 2647 1599 2714 sed
1619 2669 1716 2712 suum
1738 2670 1757 2709 a
1780 2646 1914 2711 (lhristo
1932 2647 2077 2729 pretium
2087 2670 2161 2713 mu-

154 2734 321 2816 soriptura
343 2732 508 2807 clamitat,
537 2752 621 2814 quae
641 2752 708 2796 non
735 2731 815 2810 alio,
843 2752 942 2815 quam
969 2734 1133 2816 gratuitae
1182 2747 1329 2817 tuantur,
1351 2747 1386 2802 et
1406 2737 1497 2820 quasi
1520 2733 1736 2800 emendicant·

153 2817 337 2902 adoptionis
359 2819 441 2896 iure,
461 2817 558 2882 nobis
576 2816 720 2883 obvenit.
757 2815 824 2882 Sed
846 2818 950 2883 maior
972 2827 1024 2884 est
1039 2819 1075 2882 in
1094 2839 1132 2883 eo
1270 2830 1344 2904 [pag.
1363 2829 1439 2902 224]
1462 2822 1555 2886 Haeo
1572 2819 1638 2884 iam
1656 2818 1756 2882 nimis
1777 2839 1886 2883 crassa
1903 2819 2069 2901 impiaque
2090 2818 2162 2885 hal·

155 2902 401 2972 10111ηᾶἰωῦἆί
422 2904 571 2977 materie,
594 2924 697 2985 (11111111
720 2924 775 2968 ⁰⁰⁸
795 2904 960 2969 affirmare
981 2924 1050 2969 11011
1071 2925 1132 2987 pu·
1184 2910 1354 2975 lucinatio:
1367 2929 1435 2973 non
1447 2925 1632 2991 agnoscere,
1656 2902 1942 2968 hoosolodomum
1960 2905 2162 2972 nomineao·

153 2990 224 3069 det,
254 2989 340 3055 nihil
361 2989 474 3055 deesse
495 2987 661 3066 fidelibus,
690 2989 867 3072 quominus
887 2989 954 3073 legi
975 2989 1051 3065 Dei,
1072 3011 1132 3072 pro
1185 2995 1471 3078 ceptumesseDeo
1483 2990 1640 3074 quidquid
1652 2989 1919 3072 operumanobis
1928 2989 2046 3072 prodit,
2059 3012 2164 3074 quum

153 3077 254 3142 huius
276 3075 409 3159 quidem
434 3076 519 3140 vitae
542 3083 639 3152 statu,
662 3075 871 3154 satisfecisse,
900 3084 934 3140 et
954 3076 1058 3140 vitam
1078 3098 1132 3142 aa·
1184 3090 1325 3164 paterna
1335 3078 1543 3162 indulgentia
1559 3075 1717 3159 quidquid
1735 3077 1889 3140 vitiosum
1903 3086 1952 3141 cst
1969 3077 2161 3160 ignoscitur.

151 3171 281 3228 ternam
304 3162 525 3245 promeruisse
547 3169 752 3226 censeantur.
797 3161 863 3227 Ubi
884 3182 963 3245 ergo
991 3163 1055 3226 erit
1076 3162 1134 3228 illa
1184 3167 1301 3232 Altera
1322 3173 1433 3231 autem
1454 3164 1523 3228 fere
1545 3161 1714 3241 similis22)
1737 3161 1825 3243 quod
1844 3183 1910 3226 non
1933 3170 2105 3244 reputant,
2135 3162 2164 3228 si

152 3247 321 3315 beatitudo
337 3269 421 3331 quoe
439 3245 601 3313 aDavide
621 3245 840 3330 praedicatur,
863 3247 950 3313 Psal.
973 3250 1012 3311 32
1033 3251 1077 3331 (v.
1100 3251 1132 3331 1)
1184 3252 1263 3336 quid
1289 3253 1389 3317 etiam
1415 3269 1513 3333 opere
1542 3269 1608 3313 uno
1635 3248 1738 3313 simus
1770 3248 1955 3331 promeriti,
1988 3254 2097 3313 totum
2128 3247 2165 3313 id

154 3335 224 3401 sine
253 3356 317 3416 qua
352 3354 467 3398 sumus
502 3353 618 3398 omnes
651 3340 704 3398 tar
735 3331 870 3398 miseri?
915 3333 988 3398 Vae
1020 3342 1132 3399 autem
1184 3346 1472 3422 quantumcunque
1495 3336 1547 3414 sit,
1570 3333 1736 3399 contrario
1758 3334 2018 3416 transgressione
2037 3334 2162 3416 perire:

153 3421 283 3486 miseris
305 3419 427 3501 istis‚²)
451 3420 585 3500 quinon
599 3418 801 3502 intelligunt,
824 3440 901 3484 eum
912 3419 970 3501 qui
982 3408 1132 3502 proxime
1184 3423 1252 3504 Qui
1274 3422 1449 3505 deliquerit
1470 3423 1505 3485 in
1528 3440 1602 3497 uno,
1626 3421 1732 3484 faetus
1750 3427 1801 3483 est
1818 3421 1964 3484 omnium
1981 3438 2058 3484 reus
2081 3420 2163 3503 (Iao

154 3504 196 3569 ad
217 3504 450 3587 perfectionem
472 3505 622 3581 accessit,
646 3504 794 3568 nondum
817 3504 858 3569 ad
880 3503 1053 3571 dimidium
1075 3528 1131 3571 us·
1185 3516 1214 3586 2,
1237 3509 1301 3594 10).
1347 3507 1459 3588 Quam
1487 3507 1547 3572 tibi
1575 3505 1740 3588 promittis
1767 3505 1966 3582 mercedem,
1996 3505 2052 3571 ubi
2079 3506 2165 3570 nihil

155 3610 219 3673 que
248 3591 312 3654 iter
340 3610 549 3672 progressum
577 3611 659 3656 esso.
708 3589 795 3654 Nam
822 3590 1030 3656 verissimum
1060 3612 1132 3657 essa
1184 3617 1284 3678 quarn
1318 3596 1432 3659 mortis
1463 3602 1615 3658 aeternas
1644 3600 1755 3656 reatus
1788 3589 1964 3655 indicitur?
2020 3591 2165 3657 Faciunt

153 3675 237 3741 illud
256 3674 437 3758 Augustini
454 3677 612 3753 sentiunt,
635 3675 819 3757 quicunque
837 3677 1051 3742 exercitatam
1072 3676 1131 3741 ha·
1183 3683 1293 3763 itaquo
1320 3701 1509 3763 perperam,
1543 3676 1621 3742 dum
1650 3675 1691 3742 ad
1724 3678 1859 3742 unicum
1885 3677 1947 3740 hoc
1978 3677 2165 3743 remedium

28 3838 31 3845 Ι
152 3763 233 3828 bont
255 3759 502 3826 conscientiam:
526 3759 726 3826 Sanctorum
742 3760 901 3825 iustitiam
920 3762 956 3825 in
978 3762 1040 3828 hac
1062 3766 1133 3828 vita
1184 3788 1250 3830 non
1273 3767 1476 3848 confugiunt,
1500 3771 1538 3827 ut
1559 3763 1686 3827 liberali
1703 3764 1815 3827 favore
1837 3762 1992 3845 dignetur
2008 3763 2114 3841 Deus,
2136 3765 2165 3828 si

154 3847 348 3914 remissione
375 3854 584 3929 peecatorum
612 3860 762 3912 constare
788 3846 909 3928 magis,
936 3866 1035 3929 quam
1057 3870 1132 3930 per·
1184 3851 1264 3934 qnid
1285 3853 1320 3915 in
1342 3851 1436 3915 nobis
1458 3859 1508 3914 est
1529 3850 1614 3927 boni,
1636 3849 1732 3925 mala,
1753 3869 1837 3930 quae
1855 3847 1952 3931 longe
1969 3855 2003 3913 et
2024 3869 2166 3915 numero

151 3935 292 4000 faotione
305 3933 475 3997 virtutum.
486 3931 515 4012 ³)
560 3931 682 3996 Verius
696 3930 877 3996 etiamnum
895 3931 1132 3998 illudalterum
1185 3947 1222 4004 et,
1239 3935 1384 4019 pondere
1405 3944 1572 4017 superant,
1596 3955 1663 3998 non
1681 3933 1884 4016 imputando.
1930 3934 2062 3999 Tertius
2086 3956 2166 4001 vero

152 4020 237 4103 quod
265 4021 332 4083 iarn
362 4017 474 4084 citavi:
504 4015 674 4096 Quamdiu
703 4016 765 4081 sub
798 4016 907 4083 cernis
938 4017 1131 4083 infirmitate
1185 4044 1277 4087 error
1308 4021 1405 4105 longe
1438 4019 1650 4085 deterrimus:
1681 4022 1767 4102 quod
1795 4019 1911 4084 salutis
1940 4018 2094 4085 fiduciam
2122 4020 2165 4086 ab

150 4102 1131 4190 1111111111111111111111111111111111111,1111111-
1184 4128 1320 4190 operum
1347 4107 1472 4171 intuitu
1502 4105 1753 4190 suspendant.⁸)
1797 4104 1908 4171 Verbo
1935 4104 2068 4188 quidem
2097 4128 2165 4171 uno

151 4191 311 4258 dictorem
333 4189 458 4255 habent
479 4188 666 4264 Christum,
690 4209 751 4272 per
771 4209 868 4271 quem
890 4189 963 4255 Deo
985 4191 1131 4257 reconoi-
1183 4193 1375 4276 prohibent,
1406 4214 1448 4257 ne
1475 4191 1569 4257 nobis
1598 4191 1750 4256 fidamus:
1779 4191 1836 4256 scd
1858 4212 1960 4273 quum
1987 4212 2105 4257 rursus
2126 4194 2166 4257 in

149 4277 283 4343 liuntur.
292 4277 322 4358 ⁴)
355 4273 423 4342 Sed
445 4296 512 4340 non
530 4275 652 4339 mirum
674 4282 733 4347 est,
757 4274 920 4341 crassnlos
941 4276 1129 4354 monachos,
1183 4299 1283 4363 opera
1304 4277 1420 4343 iubent
1440 4279 1572 4354 intueri,
1595 4287 1633 4342 ut
1655 4285 1791 4343 eatenus
1809 4276 1903 4342 nobis
1915 4286 2006 4346 certe
2026 4278 2071 4343 sit
2089 4300 2166 4362 spes

152 4364 208 4446 qui
235 4362 366 4437 nullum
393 4383 538 4443 unquam
562 4369 729 4426 certamen
751 4361 969 4427 conscientiae
991 4364 1128 4445 experti,
1182 4365 1316 4443 salutis,
1350 4373 1509 4448 quantam
1540 4363 1608 4429 illio
1636 4364 1839 4446 reperiemus
1872 4362 2027 4445 sperandi
2058 4375 2167 4430 mate-

152 4449 351 4514 nuncetiam
376 4448 427 4512 val
449 4447 628 4513 ambitione
644 4446 806 4523 inebriati,
830 4447 882 4512 vel
902 4448 1047 4530 crapula,
1069 4470 1129 4514 sno
1181 4450 1286 4517 riam?
1310 4472 1421 4516 nonne
1445 4461 1547 4516 totam
1557 4450 1593 4513 in
1616 4449 1709 4515 nobis
1726 4449 1879 4515 fiduciam
1899 4457 2011 4532 aperte
2032 4448 2165 4516 locant?

153 4543 284 4599 tantum
306 4531 432 4617 1111111)
462 4533 623 4599 ventilare
646 4553 683 4599 se
705 4533 854 4615 cupiunt,
880 4531 921 4598 do
949 4532 1032 4618 logis
1054 4556 1128 4618 per·

149 4740 355 4752 ——-.-—-

1253 4739 1320 4805 1)ss
1343 4756 1376 4793 ne
1396 4740 1456 4794 leur
1480 4747 1575 4794 eooste
1599 4742 1657 4794 rien
1681 4740 1714 4793 de
1738 4747 1834 4794 mettre
1858 4740 1884 4794 la
1909 4740 1959 4793 ciel
1984 4756 2018 4794 en
2036 4749 2119 4797 vente
2137 4750 2168 4797 et

1184 4810 1304 4864 1111111
1329 4826 1365 4862 nn
1392 4809 1482 4877 loyer,
1510 4816 1538 4862 et
1562 4809 1716 4877 oependant
1737 4809 1773 4861 111
1796 4816 1859 4862 sont
1881 4824 2001 4876 occuper
2026 4825 2061 4863 au
2088 4810 2168 4880 loyer

149 4939 153 4945 Ι
221 4874 251 4940 1)
267 4875 337 4928 haec
356 4873 424 4928 11176
441 4888 513 4943 aeqq.
1183 4885 1296 4946 present
1319 4875 1401 4945 qu’ilz
1426 4877 1579 4931 attendent:
1605 4876 1672 4932 c’est
1695 4877 1790 4932 adire
1815 4877 1841 4931 la
1863 4884 2007 4946 payement
2024 4894 2078 4945 qne
2106 4879 2167 4935 leur

219 4943 251 5008 2)
267 4942 393 4998 malheur
409 4959 455 4999 sur
473 4957 518 4997 ces
535 4958 686 5011 reprouraz
703 4943 884 5000 Anteohristz.
1183 4947 1283 5001 rendra
1300 4945 1326 4998 le
1344 4944 1422 5012 Papo
1439 4961 1509 5013 poor
1528 4946 1605 5000 avoir
1622 4946 1682 5000 bien
1701 4945 1828 5000 combatu
1845 4955 1938 5001 contre
1956 4945 1984 5000 la
2001 4946 2097 5003 verite

219 5011 251 5074 3)
271 5010 354 5066 Libro
373 5011 407 5066 de
426 5012 533 5065 civitate
551 5009 603 5065 Dei
620 5009 654 5062 19
682 5029 705 5067 c.
722 5010 765 5066 27.
1253 5012 1337 5080 1111
1357 5029 1386 5067 11
1406 5021 1557 5068 monstrent
1575 5016 1648 5069 aussi
1666 5014 1758 5069 bestes
1777 5031 1812 5068 au
1831 5014 1931 5069 second
1948 5015 2050 5083 poinct

220 5080 251 5145 4)
272 5079 357 5161 Libro
374 5080 409 5134 sd
428 5079 547 5133 Bonifac.
565 5076 590 5147 3,
608 5094 631 5134 c.
649 5053 674 5132 b.
1252 5081 1284 5148 3)
1302 5082 1338 5135 ilz
1356 5081 1478 5147 pendent
1501 5082 1528 5136 la
1550 5081 1638 5138 donce
1660 5082 1695 5138 de
1717 5090 1810 5138 nostre
1835 5083 1906 5137 salut
1922 5099 1957 5138 an
1976 5083 2093 5139 creoda
2111 5101 2165 5139 nor

220 5149 252 5218 b)
272 5148 332 5204 leur
349 5148 422 5204 rdole
440 5148 474 5203 de
493 5145 585 5202 Rome.
1038 5154 1045 5171 ·
1183 5151 1303 5207 marites.
