4620 5894
149 204 212 269 ⁷03
1023 195 1286 266 CONSENSIO
2099 201 2165 267 704

146 389 282 475 paribus
315 390 420 474 signis
452 387 567 454 eadem
595 387 742 472 loquutio
769 397 802 452 te
832 385 990 452 ostendit?
1036 386 1127 469 Quid
1177 385 1248 453 Nec
1270 406 1348 452 vero
1367 386 1448 453 adeo
1470 408 1600 454 crassus
1622 408 1705 464 sum,
1728 396 1767 452 ut
1788 387 1941 470 spiritum
1963 389 2026 453 Dei
2050 387 2104 454 vel
2126 388 2165 454 in

147 476 233 561 quod
255 475 382 541 Paulus
404 473 512 551 tradit,
536 495 595 540 nos
617 493 676 557 per
698 473 898 557 baptismum
920 473 1127 556 consepultos
1178 493 1297 555 panem
1319 472 1373 538 vel
1394 473 1430 537 in
1451 494 1572 556 aquam
1594 473 1748 556 opinione
1774 493 1848 538 mea
1871 473 2048 539 includam
2093 471 2165 540 Sed

147 582 220 628 esse
251 560 387 628 christo
419 561 529 646 (Rom.
553 564 587 638 6,
610 558 683 644 4)·ῑ,
714 558 811 641 Quod
842 559 880 622 in
912 560 1128 624 sacramentis
1178 559 1241 624 hac
1267 557 1447 625 obiectione
1474 580 1541 624 non
1563 559 1703 636 evincis,
1734 569 1979 625 sacramentum
2000 581 2068 625 non
2089 581 2164 626 esse

146 646 238 713 nuda
259 647 364 732 signe,
387 646 562 730 praeterito
583 646 699 722 verbo,
725 645 927 722 consideras,
950 645 984 709 in
1007 666 1046 710 eo
1068 645 1126 710 ahs
1177 643 1439 710 instrumentum
1471 645 1598 730 gratiae
1631 644 1855 710 conferendae.
1910 645 2000 710 Nam
2031 653 2067 712 et
2095 665 2165 711 vox

146 740 181 802 te
203 732 369 798 dissentio.
414 733 515 812 Panis
547 732 650 811 enim,
687 740 721 796 et
749 731 881 808 vinum,
916 740 951 795 et
978 752 1063 813 aque
1090 732 1126 796 in
1178 729 1321 795 hominis
1343 730 1385 796 ad
1402 729 1544 796 salutem
1562 730 1860 796 administrandam
1876 729 1941 796 Dei
1959 733 2166 798 instrumen-

147 820 363 885 sacramentis
384 817 524 883 eundem
547 817 671 883 habent
690 818 800 883 locum
822 838 920 900 quem
938 816 1074 882 metalla
1090 817 1128 880 in
1177 825 1251 880 tum
1273 825 1331 894 est,
1354 837 1456 899 quum
1474 838 1527 882 res
1545 816 1589 881 sit
1605 816 1760 881 inanima.
1798 814 1858 882 Sol
1876 828 1999 882 terram
2017 824 2163 903 vegetat,

147 906 302 971 nummis.
336 905 441 970 Porro
459 904 575 982 forma,
594 926 662 969 non
680 903 828 979 materia,
846 923 1022 968 nummum
1039 902 1124 969 facit.
1178 903 1309 966 tametsi
1338 911 1428 967 caret
1456 903 1528 986 ipse
1557 902 1677 986 vigore.
1721 902 1840 981 Panis,
1874 905 1929 986 qui
1958 907 2064 970 vitam
2093 923 2164 968 non

147 989 347 1072 Quanquam
369 991 404 1054 in
427 991 641 1055 sacramentis
663 999 701 1054 ut
727 989 851 1073 primas
873 997 964 1054 tenet
990 989 1127 1071 spiritus
1179 986 1292 1066 habet,
1321 1007 1394 1051 eam
1421 996 1534 1052 tamen
1563 988 1657 1053 nobis
1678 987 1874 1070 suppeditat.
1918 989 2032 1055 Nihilo
2054 989 2165 1074 magis

147 1077 299 1155 efficacia,
320 1077 386 1141 imo
409 1075 478 1141 sola
494 1085 621 1160 regnat,
643 1076 693 1141 ita
709 1096 878 1157 nunquam
895 1075 1004 1139 omitti
1021 1073 1126 1152 debet,
1179 1074 1378 1138 sententiam
1398 1094 1506 1139 meam
1527 1086 1706 1157 oppugnat,
1728 1074 1813 1157 quod
1832 1076 1986 1140 continuo
2007 1087 2083 1159 post
2105 1075 2164 1141 ad·

147 1161 204 1227 ubi
224 1162 267 1226 de
286 1161 418 1227 illorum
439 1161 549 1227 fructu
570 1163 692 1245 agitur.
728 1159 825 1242 Quod
843 1158 885 1225 ad
902 1160 1127 1244 loquutionem
1179 1158 1245 1236 dis,
1274 1181 1333 1243 per
1354 1159 1508 1243 spiritum
1531 1168 1565 1224 et
1586 1159 1685 1226 fidem
1713 1158 1876 1226 duntaxat
1901 1161 2042 1227 conferri
2067 1162 2165 1228 nobis

147 1248 304 1331 pertinet,
333 1249 445 1313 Lucae
466 1258 554 1314 certe
576 1248 733 1312 virtutem
756 1247 891 1329 spiritus
913 1246 1017 1312 sancti
1039 1267 1127 1312 oom-
1179 1246 1291 1310 omnia
1312 1244 1438 1311 Christi
1460 1245 1554 1312 bona
1600 1245 1691 1326 Quin
1712 1247 1831 1329 potius,
1854 1248 1980 1312 utiam
2002 1255 2080 1313 ante
2102 1246 2164 1313 tihi

146 1333 316 1400 municare
344 1340 482 1398 externo
510 1331 659 1417 symbolo
689 1333 804 1410 voluit,
838 1352 941 1414 quum
974 1332 1127 1415 spiritum
1178 1331 1315 1396 memini
1337 1352 1391 1395 me
1413 1331 1593 1416 scripsisse,
1616 1331 1704 1410 inde,
1726 1330 1814 1414 quod
1835 1341 1873 1397 tu
1894 1333 2070 1416 improbas,
2094 1333 2162 1399 col·

147 1417 218 1485 dari
240 1419 372 1503 scripsit
389 1440 448 1502 per
465 1440 624 1484 manuum
645 1419 903 1502 impositionem:
927 1439 988 1484 nec
998 1418 1127 1484 Paulus
1178 1416 1259 1500 ligo,
1293 1439 1353 1501 per
1380 1428 1594 1483 sacramenta·
1613 1438 1741 1501 quoque
1769 1418 1919 1483 conferri.
1974 1418 2063 1484 Nam
2087 1418 2164 1485 ideo

146 1506 278 1589 spiritui
307 1514 420 1570 sancto
449 1505 539 1570 vocis
561 1525 642 1570 suae
663 1505 808 1570 sonitum
830 1504 996 1588 opposuit,
1024 1524 1126 1587 quum
1180 1511 1267 1568 certe
1287 1501 1472 1586 perfidem,
1495 1503 1573 1587 quia
1592 1525 1653 1587 per
1674 1504 1823 1568 verbum.
1864 1505 1968 1590 Atqui
1989 1525 2165 1588 nunquam

147 1590 284 1657 Galatas
313 1591 437 1656 diceret
463 1591 508 1675 (3,
532 1594 566 1672 2)
595 1591 749 1673 spiritum
778 1611 819 1656 ex
846 1589 1012 1656 auditione
1033 1590 1125 1655 verbi
1179 1598 1422 1655 sacramentum
1444 1591 1515 1656 sine
1534 1590 1646 1668 verbo,
1669 1610 1771 1672 quum
1789 1600 1823 1654 et
1839 1590 1949 1672 ipsum
1967 1591 2098 1658 visibile
2120 1590 2165 1658 sit

146 1677 324 1760 accepisse
342 1676 399 1742 sed
410 1676 640 1756 instrumenta,
652 1676 769 1760 quibus
779 1676 884 1741 utitur
894 1674 997 1755 Deus,
1010 1696 1127 1742 secun-
1178 1674 1333 1753 verbum,
1357 1685 1391 1739 et
1411 1675 1449 1739 in
1469 1697 1505 1742 se
1525 1676 1792 1760 promissionem,
1814 1676 1908 1742 cuius
1930 1677 2079 1762 sigillum
2102 1684 2163 1758 est,

147 1761 256 1828 dariae
278 1762 400 1828 habere
421 1763 457 1826 in
479 1761 607 1846 agendo
624 1773 734 1846 partos
755 1761 943 1828 admonent.
1178 1760 1341 1826 inclusam
1363 1758 1490 1827 hebeat
1526 1760 1610 1827 Fide
1631 1783 1710 1846 ergo
1731 1781 1832 1844 quum
1850 1763 1974 1846 percipi
1993 1763 2163 1845 concedas,

579 1899 633 1964 Ad
656 1900 686 1962 v
1179 1867 1263 1930 quae
1280 1845 1379 1912 fidem
1397 1857 1560 1930 generant
1576 1856 1635 1912 aut
1651 1848 1989 1930 confirmantpraeter
2000 1850 2165 1916 rationem

690 1949 697 1964 ·
975 1977 976 1981 =
1179 1932 1337 1999 excludis.
1381 1933 1504 1999 Fateor
1525 1933 1673 2017 quidem,
1696 1941 1733 1998 ut
1754 1931 1906 2012 verbum,
1928 1935 1977 1999 ita
1998 1946 2033 2000 et
2054 1955 2165 2002 sacra·

233 2019 327 2085 Nihil
349 2029 400 2086 est
421 2019 507 2104 quod
529 2018 755 2102 respondeam,
778 2020 842 2085 nisi
863 2040 917 2084 me
939 2018 1020 2085 adeo
1039 2040 1127 2085 cras-
1178 2028 1337 2094 mentum,
1360 2019 1482 2102 absque
1499 2019 1564 2085 fide
1581 2019 1666 2084 nihil
1684 2017 1847 2102 prodesse.
1887 2019 1957 2086 Nec
1975 2041 2055 2086 sane
2073 2022 2166 2088 aliud

147 2127 222 2172 sum
243 2127 311 2170 non
333 2126 404 2173 esse
425 2114 464 2171 ut
485 2114 661 2171 externum
683 2105 909 2170 caeremoniae
932 2127 1030 2171 usum
1051 2126 1127 2170 cum
1179 2101 1251 2170 dico
1270 2125 1370 2188 quam
1388 2105 1553 2189 prodesse,
1576 2117 1740 2189 quatenus
1758 2116 1808 2169 est
1826 2105 1904 2171 fidei
1921 2105 2164 2176 adiumentum.

148 2191 296 2257 interiori
317 2193 452 2274 spiritus
474 2192 581 2277 gratia
601 2189 809 2257 contundam.
1178 2190 1273 2255 Nihil
1295 2189 1363 2266 hic,
1397 2191 1484 2274 quod
1505 2213 1526 2257 a
1546 2192 1688 2258 Paulina
1720 2191 1869 2256 doctrina
1902 2192 1954 2257 vel
1987 2195 2166 2261 minimum

572 2326 626 2393 Ad
644 2328 696 2392 VI
1180 2275 1352 2359 discrepet,
1375 2278 1529 2360 reperies.
1566 2277 1657 2358 Quin
1680 2279 1789 2361 potius
1810 2275 1871 2342 hoc
1893 2275 1980 2343 idem
2002 2278 2166 2363 estquod

697 2377 705 2393 ·
1180 2363 1300 2445 ubique
1322 2361 1424 2429 docet.

234 2449 308 2532 llgo
328 2447 469 2514 libenter
491 2447 672 2515 subscribo:
703 2447 800 2513 modo
822 2450 869 2514 ita
890 2449 955 2514 Dei
976 2447 1129 2531 spiritum

147 2555 207 2619 per
224 2555 259 2600 se
277 2556 337 2600 nos
354 2532 491 2600 reddere
509 2533 636 2601 Ohristi
654 2535 830 2618 participes
847 2533 945 2614 dicas,
964 2544 1003 2599 ut
1020 2553 1129 2600 sacra·
1586 2500 1640 2566 Ad
1660 2500 1755 2567 v111.

148 2621 271 2686 mentis
289 2620 461 2686 inferiores
479 2642 558 2686 suae
575 2621 664 2687 vires
681 2620 917 2704 relinquantur.
950 2620 1025 2686 Non
1041 2619 1129 2704 quod
1268 2618 1363 2701 Quae
1394 2619 1474 2687 dicis
1507 2643 1586 2686 vera
1617 2631 1694 2687 sunt
1726 2624 1837 2688 omnia
1869 2632 1903 2689 et
1935 2644 2010 2688 curn
2039 2627 2167 2692 nostris

149 2722 296 2772 seorsum
317 2706 385 2771 illis
407 2727 426 2771 a
446 2706 566 2789 spiritu
587 2706 765 2790 quidquam
791 2706 891 2772 velim
920 2706 1037 2773 tribui:
1071 2705 1129 2771 sed
1180 2705 1321 2789 pulchre
1343 2717 1540 2792 congruunt.

147 2794 225 2875 quia
245 2792 316 2858 eius
337 2802 417 2857 sunt
436 2793 665 2871 instrumenta,
688 2814 732 2857 ne
753 2793 867 2857 inania
884 2800 918 2857 ct
934 2792 1030 2857 nihili
1052 2814 1129 2858 cen·
1603 2844 1658 2910 Ad
1678 2841 1740 2911 IX·

148 2887 293 2944 scantur.

1268 2963 1346 3030 Ideo
1373 2972 1407 3029 te
1433 2964 1571 3029 offendit
1597 2965 1760 3047 particula
1786 2976 1898 3032 SIMUL
1926 2968 2003 3051 quia
2031 2975 2166 3052 tempus

562 3014 616 3081 Ad
638 3014 718 3080 VH·
1181 3060 1296 3116 notare
1323 3059 1430 3135 putas.
1474 3052 1548 3135 Ego
1571 3059 1683 3116 autern
1704 3051 1789 3117 nihil
1817 3053 1930 3120 minus
1952 3054 2040 3119 volui
2061 3075 2166 3137 quam

233 3137 309 3203 Scio
330 3136 523 3201 innumeros
545 3155 617 3201 esse
635 3136 707 3218 pios
725 3135 877 3202 homines
894 3156 1033 3219 quorum
1052 3157 1129 3201 con-
1154 3164 1157 3199 ι
1181 3138 1322 3222 gratiam
1344 3137 1408 3202 Dei
1429 3136 1471 3202 ad
1490 3147 1621 3220 tempus
1641 3135 1725 3203 illud
1744 3139 1944 3223 restringere
1965 3160 2030 3222 quo
2052 3161 2166 3206 sacra·

146 3223 302 3290 scientias
319 3222 441 3305 optime
461 3221 589 3287 sedarit
605 3222 686 3288 haec
704 3221 866 3288 doctrina:
889 3228 1019 3287 tantum
1036 3221 1130 3287 abest
1154 3216 1157 3259 ¹
1180 3232 1293 3288 menta
1312 3222 1519 3306 percipimus.
1556 3223 1659 3289 Ouios
1675 3225 1724 3288 rei
1734 3224 1789 3289 vel
1801 3247 1887 3291 unus
1899 3225 2029 3292 libellus
2047 3233 2166 3292 contra

146 3316 185 3373 ut
211 3307 288 3374 inde
318 3314 466 3373 urantur.
512 3308 560 3373 Te
590 3329 666 3373 vero
695 3330 755 3375 cur
778 3308 920 3394 affligat,
954 3307 1048 3373 nulla
1078 3317 1129 3372 est
1180 3309 1417 3392 Anabaptistas
1450 3308 1637 3374 luculentus
1670 3311 1734 3374 erit
1765 3312 1866 3376 testis.
1934 3310 2053 3376 Gratia
2088 3313 2165 3392 Dei,

145 3416 253 3460 causa.
298 3393 440 3459 Frustra
461 3393 552 3458 enim
574 3393 670 3459 times
692 3415 734 3459 ne
756 3415 838 3478 opus
860 3394 975 3460 salutis
998 3402 1129 3460 nostrae
1180 3397 1300 3473 fatam,
1323 3416 1391 3459 non
1413 3395 1448 3459 in
1470 3394 1641 3460 Abraham
1663 3396 1769 3475 modo,
1791 3395 1847 3461 sed
1870 3397 1905 3460 in
1927 3398 2104 3477 Eunucho,
2127 3400 2166 3464 in

146 3479 306 3546 creaturis
333 3478 443 3562 potius
472 3499 570 3561 quam
597 3480 670 3544 Dec
698 3479 891 3546 adscribam.
936 3478 974 3546 Si
997 3482 1051 3563 qui
1075 3481 1126 3546 vel
1153 3508 1156 3537 ε
1181 3481 1350 3558 Ocrnelio,
1378 3481 1414 3545 in
1437 3480 1526 3560 aliis,
1554 3481 1756 3562 baptismum
1781 3483 1966 3565 praecessit.
2011 3484 2166 3551 Infantes

145 3565 318 3630 minimam
341 3564 412 3630 eius
428 3574 558 3647 partem
575 3565 617 3629 ad
634 3576 802 3630 creaturas
821 3565 983 3644 derivant,
1005 3566 1046 3631 ab
1066 3567 1128 3632 hac
1153 3562 1156 3623 l
1180 3589 1247 3633 non
1269 3566 1384 3632 eodem
1405 3567 1562 3650 temporis
1583 3579 1748 3633 momento
1770 3569 1923 3650 spiritum
1941 3572 2166 3652 regeneratio-

147 3651 340 3733 suspicione,
358 3659 396 3715 ut
407 3670 512 3732 spero,
530 3670 583 3714 me
594 3650 789 3727 liberabunt,
809 3652 996 3734 quicunque
1007 3654 1129 3735 scripta
1180 3656 1242 3729 nis,
1254 3675 1318 3735 quo
1329 3652 1539 3735 baptismum,
1552 3654 1745 3736 percipiunt.
1779 3655 1841 3719 Est
1852 3654 1940 3718 enirn
1952 3654 2017 3719 illis
2028 3657 2165 3723 futurae

146 3757 221 3803 mea
241 3736 392 3821 legerint.
437 3735 550 3802 Unum
572 3743 660 3801 certe
681 3757 734 3800 me
756 3759 798 3800 cx
819 3736 861 3803 iis
884 3757 955 3802 esse
977 3738 1127 3811 arbitror,
1179 3741 1286 3823 magis
1308 3739 1433 3823 gratiae
1455 3739 1659 3823 symbolum,
1688 3760 1785 3822 quam
1813 3742 2009 3822 praesentis,
2037 3741 2103 3806 hac
2128 3745 2166 3809 in

146 3824 203 3908 qui
235 3821 452 3888 illustrandae
483 3822 548 3886 Dei
580 3822 703 3906 gloriae
734 3822 866 3887 fidelem
900 3843 1033 3905 operam
1066 3823 1128 3889 hoc
1180 3837 1281 3907 parte.
1326 3825 1441 3907 Itaque
1467 3825 1628 3907 particula
1651 3835 1763 3890 SIMUL
1786 3826 1840 3890 hic
1861 3825 1943 3890 mihi
1966 3826 2050 3891 nihil
2071 3829 2166 3895 aliud

146 3909 276 3976 saeculo
304 3906 544 3991 impenderunt.
591 3906 677 3972 Vide
705 3917 814 3973 tamen
844 3908 939 3991 quale
968 3910 1011 3972 sit
1032 3917 1127 3973 tuum
1153 3924 1156 3941 ¹
1180 3911 1344 3994 significat
1375 3929 1475 3993 quam
1509 3910 1668 3976 similiter.
1713 3915 1823 3994 Atque
1849 3912 1910 3976 -hic
1943 3933 2060 3978 sensus
2095 3926 2162 3982 est:
2194 3916 2200 3928 “

146 4004 391 4080 argumentum:
412 3994 504 4058 Deus
523 3992 612 4058 solus
633 3993 716 4078 agit3
739 4006 869 4060 cessant
886 3995 987 4077 igitur
1004 3994 1128 4059 instru-
1179 4006 1248 4061 tam
1271 4017 1348 4061 vere
1366 4017 1425 4060 nos
1442 3996 1514 4060 fieri
1532 4007 1697 4081 compotes
1716 3998 1763 4062 rei
1782 3999 1940 4080 signat-ae,
1964 4020 2064 4082 quam
2084 4023 2166 4068 vere

144 4090 266 4148 menta.
304 4079 416 4161 Quid?
436 4100 547 4144 annon
564 4079 690 4145 Paulus
708 4080 764 4164 qui
783 4079 937 4145 admonet
954 4079 1038 4144 nihil
1057 4102 1128 4147 esse
1153 4118 1156 4155 ι
1180 4082 1313 4166 signum
1335 4081 1439 4146 oculis
1461 4084 1634 4148 cernimus.
1679 4082 1817 4162 Obiicis,
1847 4084 1988 4149 Paulum
2018 4085 2166 4152 circum·

144 4174 253 4233 totum
264 4167 436 4233 hominum
457 4164 602 4230 laborem
621 4187 799 4249 omnesque
816 4175 962 4244 conatus,
983 4165 1071 4231 idem
1094 4188 1129 4232 se
1152 4164 1156 4271 l
1180 4170 1323 4252 spectius
1345 4169 1526 4251 loquutum,
1551 4167 1605 4232 ubi
1624 4168 1719 4235 docet
1738 4192 1797 4235 nos
1816 4191 1921 4234 unum
1939 4192 2010 4235 osse
2028 4191 2164 4254 panem,

144 4255 318 4336 profitetur
345 4252 411 4317 Dei
439 4251 686 4335 cooperarium?
731 4253 825 4318 Deus
852 4273 931 4336 ergo
957 4252 1046 4318 solus
1068 4275 1127 4318 nos
1152 4276 1155 4391 q
1180 4276 1246 4320 non
1275 4255 1368 4319 effici.
1414 4254 1518 4337 Atqui
1545 4275 1610 4318 non
1638 4255 1765 4333 minus,
1788 4257 1917 4338 opinor,
1945 4257 2041 4322 Rom.
2066 4269 2166 4326 sexto

147 4358 184 4404 re
208 4347 329 4416 encrat,
353 4337 410 4403 sed
433 4337 577 4404 hominis
599 4358 706 4420 opera.
752 4338 994 4422 Hyperbolicae
1012 4339 1127 4404 simili·
1180 4343 1225 4422 (v.
1250 4344 1295 4422 4),
1329 4340 1403 4406 Gal.
1428 4341 1524 4405 tertio
1548 4342 1593 4423 (v.
1618 4343 1674 4424 27)
1708 4342 1942 4423 circumspecte
1972 4341 2060 4408 idem
2086 4367 2165 4428 pro-

147 4434 185 4488 tu
210 4425 288 4503 nes,
311 4445 393 4507 quas
410 4434 447 4488 tu
465 4422 608 4503 adducis,
632 4423 715 4488 nihil
734 4423 776 4489 ad
794 4447 860 4489 me:
885 4426 960 4508 quia
976 4424 1042 4491 illis
1059 4446 1128 4490 non
1153 4394 1156 4493 l
1179 4427 1323 4505 nunciat,
1344 4448 1404 4491 nos
1421 4426 1567 4508 sepultos
1585 4447 1656 4491 esse
1673 4448 1732 4509 per
1749 4427 1946 4509 baptismum
1964 4428 2000 4492 in
2017 4443 2166 4499 mortem

149 4508 299 4575 delector.
335 4510 408 4592 ligo
427 4520 515 4576 certe
535 4512 785 4593 consequentias
802 4511 884 4575 istas
895 4532 961 4576 non
973 4510 1126 4576 admitto:
1153 4532 1156 4607 q
1179 4512 1319 4587 Christi,
1354 4523 1387 4576 et
1414 4514 1600 4595 quicunque
1628 4513 1783 4595 baptisati
1810 4523 1889 4578 sunt
1911 4513 2087 4580 Christum
2112 4520 2166 4583 in-

147 4594 240 4660 Deus
273 4615 332 4678 per
364 4595 565 4678 baptismum
600 4597 736 4662 exhibet
767 4596 852 4680 quod
883 4599 1018 4681 figuram
1050 4619 1128 4680 ergo
1180 4598 1299 4664 duisse.
1361 4599 1477 4682 Itaque
1509 4597 1561 4662 vel
1594 4599 1843 4682 incogitantiae,
1880 4600 1932 4665 vel
1965 4603 2168 4671 temeritatis

146 4679 330 4763 baptismus
350 4681 596 4747 infundibulum
617 4690 667 4748 est
688 4682 741 4749 vel
763 4683 897 4749 canalis.
942 4682 1021 4749 Ideo
1039 4684 1127 4749 enim
1180 4684 1338 4749 damnare
1365 4706 1423 4749 nos
1452 4706 1519 4749 non
1547 4695 1652 4767 potes,
1686 4685 1766 4766 quin
1787 4685 1914 4751 Paulus
1941 4686 2011 4768 ipse
2034 4690 2167 4757 crimen

146 4786 207 4850 per
219 4771 463 4832 sacramentum
480 4768 638 4834 exhibere
649 4769 770 4836 dicitur
782 4770 874 4835 Deus
892 4767 979 4853 quod
996 4771 1127 4855 figurat,
1178 4770 1273 4852 prius
1296 4771 1464 4835 sustineat.
1500 4771 1548 4834 Et
1565 4792 1624 4835 nos
1642 4770 1696 4836 hic
1714 4771 1870 4854 sophistis
1888 4792 2048 4855 aggregas
2067 4779 2166 4858 quasi

148 4873 216 4917 non
243 4852 320 4934 quia
348 4850 414 4916 illic
439 4851 483 4915 sit
510 4853 689 4933 inclusum,
724 4855 781 4921 sed
810 4856 886 4939 quia
913 4856 1048 4939 spiritus
1076 4856 1128 4921 sui
1178 4861 1292 4921 nostra
1317 4855 1467 4938 probent.
1512 4857 1585 4940 ligo
1613 4865 1738 4934 autem,
1772 4864 1810 4922 ut
1832 4857 1890 4922 tihi
1913 4858 2078 4942 gratulor,
2110 4865 2167 4929 cui

148 4939 273 5004 virtute
291 4935 386 5002 nobis
404 4946 557 5018 praestet,
575 4962 617 5005 ne
637 4940 738 5006 fallax
756 4941 812 5006 vel
828 4941 939 5007 inanis
957 4943 1001 5007 sit
1010 4943 1126 5026 figura
1180 4941 1347 5024 sophistae
1369 4939 1449 5006 adeo
1467 4942 1533 5007 sint
1554 4942 1668 5025 ignoti,
1692 4943 1745 5009 hic
1763 4951 1796 5008 te
1814 4951 1965 5027 rogatum
1984 4945 2096 5026 velim,
2121 4971 2166 5016 ne

149 5022 247 5105 Quod
269 5021 391 5098 obiicis,
422 5043 487 5086 non
508 5045 579 5089 esse
602 5025 761 5090 donorum
782 5028 847 5093 Dei
869 5049 973 5111 capax
995 5028 1127 5111 signum
1178 5027 1252 5092 ideo
1275 5029 1397 5110 scripta
1423 5049 1496 5092 mea
1523 5028 1689 5111 improbes
1711 5027 1797 5112 quod
1819 5029 1975 5112 sophistis
1997 5030 2164 5113 placeant.

148 5108 287 5190 visibile,
306 5129 409 5193 quum
431 5128 484 5174 res
504 5110 547 5174 sit
568 5111 722 5190 inanima,
746 5112 781 5177 id
802 5135 863 5198 ego
884 5120 994 5180 tecum
1012 5113 1127 5178 fateor.
1179 5114 1298 5197 Longe
1319 5114 1409 5179 enim
1431 5112 1549 5179 bacin
1571 5137 1607 5180 re
1629 5116 1760 5181 falleris.
