4620 5894
148 215 212 278 315
898 204 1149 274 ADVERSUS
1171 207 1209 272 P.
1233 205 1412 273 CAROLI
2098 211 2164 274 316

230 400 295 467 Cui
322 399 455 465 obsecro
483 417 551 462 non
578 397 781 463 satisfieturu
814 402 901 462 esset
927 402 999 461 tam
1029 395 1128 479 plena
1179 395 1281 461 iorem
1320 393 1591 480 expressionem?
1640 394 1744 461 Vides
1784 415 1863 479 ergo
1904 414 2039 461 carmen
2077 416 2161 477 esse,

143 496 178 554 et
198 485 373 572 perspicua
400 482 624 550 confessione?
669 480 759 563 Quid
782 482 871 546 enim
895 487 946 546 est
967 481 1055 564 quod
1076 482 1127 546 111-
1178 482 1284 567 magis
1307 480 1505 547 cantillaudo
1527 486 1642 565 aptum
1663 502 1763 563 quam
1785 479 1961 547 formulam
1983 481 2164 549 confessio-

144 573 208 640 dex
236 593 302 638 non
329 571 463 636 omniuo
491 569 626 652 iniquus
652 567 689 632 iu
717 589 757 632 ea
779 565 965 633 desideret?
1009 568 1064 632 Ex
1087 588 1127 632 ea
1179 568 1248 646 uis,
1282 568 1410 652 inqua
1443 565 1605 653 syllabam
1637 588 1742 633 unam
1769 564 1955 633 redundare
1982 565 2166 635 absurdum

144 667 232 728 certe
254 663 393 742 apparet
414 676 512 739 quam
539 653 653 738 procul
676 653 718 718 ab
739 653 929 719 Arianismo
956 651 1127 719 01801101-
1179 660 1238 719 est.
1284 652 1373 735 Quid
1405 652 1492 736 quod
1519 652 1741 737 Augustinus,
1775 653 1832 737 qui
1866 650 1963 719 valde
1989 653 2166 740 religiosus

143 745 296 812 lianismo
318 742 491 809 abfirerint.
536 739 640 823 Atqui
661 746 754 804 tanta
774 740 838 804 fuit
858 737 969 804 Caroli
989 740 1044 805 vel
1065 740 1127 803 im·
1178 740 1242 805 fuit
1264 740 1368 806 cultor
1388 739 1556 806 Nicaeuae
1577 739 1710 824 synodi,
1738 740 1867 804 fortiter
1888 739 2064 823 impugnat
2083 760 2164 823 par-

95 866 99 871 ·
143 831 303 931 pudentia
334 829 388 896 vel
419 826 541 906 rabies,
571 825 724 924 1111111110
752 824 865 890 decern
887 825 1015 891 circiter
1048 825 1128 891 locis
1181 825 1324 925 tierrlam·
1339 825 1445 891 illam:
1469 823 1575 925 Credo
1597 826 1634 890 in
1655 832 1801 892 sanctam
1825 823 2019 925 ecclesiam?
2050 825 2163 890 Vitio-

144 909 1128 1082 11100111111101111111111
1179 911 1709 1080 {secuturarum
1726 911 2008 1082 battitiis
2024 911 2167 1080 ilbi?

144 1095 237 1155 mata
268 1106 419 1169 crepare,
452 1085 578 1167 quotics
610 1083 729 1149 volunt
768 1082 891 1167 aliquid
923 1083 1125 1149 damnatum.
1179 1082 1340 1148 atalibus
1363 1082 1532 1149 autoribus
1554 1082 1727 1150 manasse?
1773 1082 1865 1165 Quin
1886 1084 1987 1148 etiam
2008 1082 2162 1149 inscitiae

143 1172 276 1241 Validis
302 1180 414 1239 tamen
443 1170 709 1253 responsionibus
736 1169 882 1235 deiectus
906 1171 1049 1253 turpiter
1070 1190 1126 1253 pe-

145 1260 221 1327 dem
250 1258 400 1336 reduxit;
430 1277 491 1322 nec
515 1255 605 1321 aliud
632 1256 694 1321 sibi
716 1254 878 1339 reliquum
901 1256 978 1321 fecit
1000 1255 1042 1320 ad
1064 1255 1126 1320 cri-

143 1344 353 1422 minandum,
381 1362 480 1426 quam
502 1340 588 1425 quod
619 1343 753 1407 nomina
779 1342 937 1406 trinitatis
960 1347 993 1406 ct
1014 1361 1127 1423 perso-

143 1452 263 1497 narum
284 1429 352 1494 illic
373 1434 578 1506 tacerentur,
608 1426 726 1492 deiude
748 1427 834 1510 quod
856 1426 1011 1501 Christus
1032 1447 1127 1508 prae-

144 1517 311 1584 dicaretur
332 1514 489 1593 Iehovah,
511 1515 569 1596 qui
591 1513 768 1585 essentiam
789 1513 928 1579 haberet
948 1534 968 1577 a
989 1534 1024 1578 se
1046 1513 1126 1596 ipso.

144 1601 214 1669 Sed
236 1602 276 1666 de
294 1600 346 1666 his
364 1601 441 1683 quia
457 1607 571 1682 postea
589 1620 647 1664 0110
667 1599 737 1666 1000
755 1600 959 1677 tractabitur,
981 1600 1016 1664 iu
1034 1619 1128 1682 prae-

145 1709 221 1756 seus
237 1688 334 1770 plura
356 1686 464 1752 dicere
486 1687 609 1750 omitto.

231 1771 344 1838 Tertia
362 1776 436 1851 [pag.
450 1776 504 1851 46]
523 1792 600 1853 pars
618 1771 774 1836 orationis
788 1772 1034 1837 excusationem
1052 1791 1128 1834 con-

144 1859 287 1938 tinebat,
316 1857 402 1943 quod
429 1857 617 1942 postulante
645 1855 764 1921 Carolo
798 1856 957 1941 symbolis
986 1854 1128 1922 subscri·

144 1945 222 2011 bere
249 1950 448 2011 recusarent.
502 1941 641 2008 Calvino
670 1941 857 2026 quidemst
889 1943 959 2008 aliis
982 1942 1129 2025 proposi-

144 2039 218 2097 tum
240 2050 447 2114 nequaquam
469 2036 541 2094 erat
560 2027 711 2112 symbola
738 2029 879 2095 abiicere
901 2035 959 2093 aut
984 2027 1050 2092 illis
1072 2027 1129 2092 de-

146 2138 264 2202 rogare
294 2115 408 2194 fidem,
439 2113 496 2180 sed
521 2115 599 2197 quia
628 2115 674 2180 010
697 2135 873 2199 aggressus
896 2123 968 2180 erat
989 2135 1043 2179 eos
1065 2113 1129 2179 Ca·

145 2203 246 2280 relus,
270 2208 458 2285 suspectam
480 2201 542 2266 sibi
564 2221 634 2265 esse
657 2221 770 2265 eorum
787 2199 897 2277 fidem,
917 2201 1019 2266 donec
1038 2220 1128 2282 sym·

144 2289 294 2354 bclorum
317 2287 555 2370 subscriptione
577 2306 651 2351 eam
678 2285 887 2368 probassent,
917 2286 1074 2351 nolebant
1093 2285 1128 2350 in

143 2373 362 2460 praeteritum
388 2380 520 2456 tempus
546 2371 606 2437 tali
632 2370 757 2438 invidia
784 2373 926 2456 gravari.
970 2372 1017 2436 Et
1038 2391 1127 2449 sane,

167 2460 225 2526 uid
263 2459 353 2524 aliud
391 2459 454 2524 hoc
492 2464 565 2523 erat
602 2478 702 2541 quam
744 2457 895 2540 iugulum
938 2456 1127 2541 porrigere?

145 2483 348 2630 Quanquam
380 2566 447 2609 uon
485 2552 555 2608 tam
595 2563 651 2607 eos
683 2545 839 2608 movebat
876 2544 928 2609 sui
960 2550 1128 2628 respectus

145 2654 244 2716 quam
266 2630 456 2709 ministerii,
481 2627 568 2713 quod
588 2628 642 2694 his
664 2629 825 2694 cuniculis
846 2629 1066 2712 impetebatur
1088 2630 1129 2694 ab

146 2717 282 2783 homine
308 2737 453 2799 nequam
475 2723 509 2780 et
533 2715 700 2781 scelerato.
751 2713 914 2798 Sperabat
943 2717 1031 2780 enim
1065 2715 1128 2780 hac

147 2805 255 2888 specie
278 2803 400 2867 infame
420 2800 588 2866 redditum
609 2800 651 2865 iri
672 2800 797 2865 Farclli
818 2821 950 2879 nomeu,
973 2810 1012 2866 ut
1033 2799 1128 2884 quid-

146 2889 224 2975 quid
246 2890 407 2955 haetenus
429 2888 549 2972 egisset
569 2889 604 2951 in
626 2886 849 2970 promovendo
868 2886 994 2953 Christi
1016 2908 1128 2970 regno,

1180 1169 1291 1253 arguit
1324 1188 1380 1234 eos
1408 1170 1465 1251 qui
1499 1169 1547 1234 sic
1573 1169 1761 1252 loquuntur.
1808 1170 1859 1235 Tu
1888 1177 2000 1234 autem
2027 1167 2164 1253 adigere

1179 1255 1363 1405 {itquqqqnes
1384 1254 1507 1334 fideles,
1529 1261 1567 1319 ut
1584 1255 1644 1320 tibi
1665 1257 1701 1320 in
1722 1256 1785 1322 hoc
1803 1256 1903 1321 etiam
1919 1275 2031 1320 errore
2049 1275 2168 1321 assen-

1266 1511 1307 1576 In
1320 1510 1529 1577 extenuanda
1548 1512 1771 1597 symbolorum
1789 1513 1966 1578 autoritate
1983 1535 2050 1579 non
2070 1514 2165 1582 ultra

1179 1619 1391 1682 progressum
1418 1619 1489 1664 esse
1511 1598 1708 1678 Calvinum,
1736 1606 1837 1665 testes
1865 1605 1942 1664 sunt
1969 1601 2163 1684 omnesqui

1180 1684 1369 1763 adfuerunt;
1397 1706 1459 1750 uec
1481 1683 1544 1748 alio
1567 1684 1734 1767 spectabat
1759 1685 1822 1750 nisi
1841 1691 1880 1750 ut
1901 1683 2014 1753 Caroli
2033 1692 2167 1770 proter·

1180 1770 1271 1835 viam
1300 1769 1400 1834 simul
1434 1779 1467 1834 et
1499 1769 1714 1853 pertinaciam
1748 1769 1921 1853 paululum
1955 1774 2162 1855 reprimeret

1180 1856 1227 1920 Et
1252 1857 1323 1939 ipse
1356 1877 1485 1939 quoque
1511 1857 1600 1922 cauis
1628 1855 1716 1921 ultro
1749 1856 1897 1922 concedit
1923 1857 2063 1925 Calvino
2091 1878 2163 1923 non

1180 1942 1281 2007 fuisse
1304 1948 1377 2021 [pag.
1397 1947 1450 2020 48]
1471 1943 1674 2026 propositum
1690 1942 1791 2008 fidem
1813 1943 1971 2026 symbolis
1993 1943 2166 2029 derogare.

1182 2025 1261 2093 Suis
1283 2029 1373 2093 euim
1395 2027 1515 2108 verbis,
1538 2028 1600 2094 hoc
1622 2036 1673 2094 est
1695 2028 1866 2095 sorbouiea
1888 2029 2061 2115 elegantia,
2085 2028 2166 2096 Cal-

1182 2114 1299 2179 vinum
1333 2113 1380 2179 sic
1412 2113 1602 2198 loquentem
1634 2114 1773 2181 inducit:
1808 2115 1882 2199 Ego
1915 2138 2019 2199 neque
2054 2115 2165 2199 credo,

1181 2198 2167 2371 stltatfltlttfthtftttt”lutatis-tt

1181 2371 1336 2437 concedit.
1381 2372 1534 2454 Denique
1555 2374 1725 2455 responsio
1744 2371 1878 2439 Calyiui
1900 2382 1980 2453 erat,
2003 2381 2042 2439 ut
2059 2373 2166 2458 vulgo

1180 2457 1339 2540 loquitur,
1374 2478 1442 2522 uon
1474 2465 1543 2522 tam
1578 2455 1620 2522 ad
1656 2479 1743 2538 rem,
1777 2481 1877 2542 quarn
1912 2459 1955 2527 ad
1982 2460 2166 2527 hominem.

1180 2542 1300 2624 Qualis
1328 2551 1442 2626 postea
1469 2543 1570 2608 fuerit
1596 2542 1801 2628 disceptatio,
1830 2546 1993 2612 coniicere
2019 2567 2062 2611 ex
2090 2548 2167 2631 ipso

1181 2635 1270 2695 statu
1292 2629 1492 2712 quaestionis
1514 2629 1599 2708 licet,
1622 2638 1656 2694 et
1675 2632 1820 2714 partium
1848 2631 2000 2717 ingeniis.
2046 2630 2169 2714 Quan-

1181 2722 1253 2780 tum
1271 2723 1379 2781 autem
1398 2713 1623 2781 adhibendum
1637 2716 1680 2783 sit
1690 2715 1767 2782 fidei
1778 2717 1897 2783 Carclo
1910 2718 2066 2789 referenti
2077 2719 2168 2803 quod

1182 2801 1247 2867 sibi
1275 2801 1482 2866 commodum
1508 2804 1578 2867 fore
1599 2803 1750 2885 putabat,
1780 2803 1853 2868 sani
1873 2803 2012 2871 lectores
2034 2824 2096 2890 per
2117 2827 2167 2887 se,

1180 2909 1243 2953 nec
1266 2887 1398 2952 aliunde
1418 2887 1590 2967 admoniti,
1618 2889 1713 2954 facile
1734 2891 1944 2974 reputabunt.
1989 2889 2169 2970 Quaedam

145 2996 280 3060 pessum
302 2975 376 3040 iret.
409 2971 539 3039 Deinde
557 2972 713 3038 uolebant
730 2973 792 3037 hcc
809 2972 999 3056 tyrannidis
1017 2993 1129 3039 exem·
1178 2981 1292 3039 tamen
1314 2973 1493 3056 specimina
1513 2973 1567 3039 hic
1588 2973 1747 3054 iudicabo,
1771 2977 1889 3058 quibus
1907 2976 1949 3041 ad
1968 2982 2059 3044 reete
2079 2976 2170 3045 iudi-

16 3108 22 3117 ·
143 3063 235 3162 plum
247 3062 284 3126 iu
305 3061 476 3128 ecclesiam
493 3058 620 3139 induci;
643 3066 681 3123 ut
702 3059 731 3123 is
749 3059 934 3124 haereticus
952 3058 1128 3124 haberetur

144 3170 202 3232 qur
235 3169 303 3212 11011
342 3144 385 3212 ad
412 3146 548 3210 alterins
581 3145 822 3229 praescriptum
851 3145 1005 3228 loquutus
1033 3152 1126 3210 esset.

143 3234 222 3301 Huc
244 3233 334 3299 enim
351 3232 546 3300 incubuerat
563 3230 712 3309 Carolus,
734 3230 864 3295 nullum
882 3232 1004 3314 absque
1022 3231 1129 3296 tribus

145 3319 304 3404 symbolis
325 3338 398 3386 esse
419 3317 658 3384 Christianum.
704 3314 793 3397 Quid
815 3323 925 3382 autem
947 3318 1128 3382 contentio·

146 3407 229 3484 sius,
257 3406 367 3488 inquit
391 3405 601 3489 Augustinus
628 3403 670 3468 ad
697 3403 927 3480 Pascentium‚
950 3425 1049 3487 quarn
1071 3402 1128 3467 ubi

146 3489 187 3556 de
209 3511 246 3554 re
268 3490 433 3567 convenit,
456 3489 497 3553 de
519 3489 684 3554 vocabulis
706 3489 860 3574 litigare?
892 3490 1030 3555 Falsum
1051 3510 1128 3574 ergo

146 3584 198 3640 est
224 3575 311 3658 quod
338 3576 401 3651 ait,
430 3573 608 3640 Calvinum
629 3575 788 3640 adversus
815 3576 879 3640 tria
900 3575 1050 3659 symbola
1072 3576 1128 3639 de-

146 3661 342 3726 clamitasse.
392 3659 445 3723 De
477 3658 626 3743 symbolo
656 3659 833 3725 Athanasii
855 3662 978 3726 iocatus
1011 3669 1061 3725 est
1092 3663 1128 3725 in

146 3746 238 3813 hunc
260 3745 412 3810 modum:
441 3745 688 3824 Pronunciasti,
712 3744 844 3824 Carole,
863 3767 997 3812 versum
1017 3746 1127 3810 illum:

144 3833 245 3899 Hauc
261 3831 378 3897 „fidem
404 3831 591 3914 quicunque
622 3851 691 3895 non
717 3831 877 3910 tenuerit,
917 3832 1029 3897 salvus
1056 3853 1128 3897 esse

144 3939 214 3985 nou
241 3918 372 4002 poterit.
422 3917 475 3980 'llu
502 3923 612 3981 autem
640 3937 707 3981 non
735 3924 837 3982 tenes.
886 3917 1001 4000 Neque
1029 3919 1127 3997 enim,

1181 3059 1323 3127 eandum
1344 3059 1496 3124 nonnihil
1518 3059 1670 3126 adiuvari
1698 3069 1829 3144 queant.
1874 3061 2053 3130 Calvinum
2076 3085 2169 3132 asse-

1181 3147 1226 3210 rit
1260 3144 1461 3210 causidicum
1497 3147 1599 3211 fuisse
1635 3146 1803 3212 Castelleti
1816 3151 1840 3230 ι)
1871 3148 2071 3232 parisiensis.
2118 3153 2170 3217 At

1182 3253 1242 3316 ego
1264 3231 1331 3297 scio
1354 3252 1395 3295 ne
1421 3231 1567 3296 tribuual
1596 3232 1729 3314 quidem
1750 3233 1833 3298 illud
1855 3233 1996 3301 Calvino
2018 3257 2172 3321 uuquam

1182 3319 1289 3384 visum
1318 3338 1398 3381 0000.
1444 3315 1641 3400 Quicunque
1674 3325 1785 3383 autem
1819 3339 1895 3384 eum
1930 3329 2095 3389 noverrmt
2130 3323 2170 3390 hi

1180 3405 1298 3483 sciunt,
1321 3424 1484 3487 nusquam
1496 3425 1571 3468 eum
1594 3425 1728 3470 causam
1750 3405 1857 3490 egisse
1875 3414 1943 3472 tota
1962 3409 2041 3488 vita,
2064 3429 2102 3474 ao
2123 3431 2171 3478 ne

1180 3490 1381 3574 professione
1402 3488 1535 3572 quidem
1561 3496 1620 3554 aut
1645 3490 1742 3555 titulo
1769 3492 1870 3557 fuisse
1892 3513 2039 3578 uuquam
2060 3494 2165 3562 advo-

1182 3584 1302 3642 catum.
1348 3575 1468 3655 Cuius,
1495 3575 1645 3654 obsecro,
1675 3577 1894 3643 verecundiae
1922 3588 1987 3660 cst,
2017 3582 2165 3663 primam

1181 3661 1382 3726 narrationis
1404 3662 1560 3745 paginam
1582 3661 1752 3728 mendacio
1776 3683 1963 3748 aspergere,
1986 3666 2073 3749 quod
2095 3688 2169 3734 non

1182 3747 1283 3812 tacita
1311 3747 1408 3812 modo
1433 3748 1587 3831 opinione
1616 3747 1791 3827 lectorum,
1821 3750 1879 3815 sed
1904 3751 1993 3817 clara
2015 3753 2168 3820 omnium

1181 3854 1261 3899 voce
1290 3834 1439 3916 protinus
1470 3834 1639 3897 refutetur.
1686 3833 1777 3915 Quin
1804 3836 1904 3901 etiam
1930 3834 2009 3903 inde
2035 3840 2168 3924 perspi·

1181 3941 1281 3984 cuum
1304 3925 1368 3998 est,
1399 3924 1522 4001 quauta
1540 3919 1721 3985 mentiendi
1751 3920 1888 3987 libidine
1915 3924 2033 4008 flagret
2060 3924 2170 3992 Caro-

144 4027 247 4089 quum
275 4004 332 4069 diu
360 4003 505 4069 luctatus
527 4022 632 4080 esses,
662 4000 704 4065 ad
725 4009 880 4084 quartum
898 4023 1032 4068 versum
1054 4024 1127 4085 per·
1180 4005 1241 4081 lus,
1265 4004 1352 4087 quod
1374 4012 1558 4086 temperare
1576 4005 1639 4070 sibi
1656 4008 1769 4089 nequit
1790 4009 1871 4090 quin
1892 4011 2082 4091 mentiatur,
2108 4013 2170 4079 ubi

144 4092 259 4158 venire
279 4090 424 4175 potuisti.
470 4086 560 4169 Quid
583 4089 612 4152 si
636 4096 782 4154 nuncto
807 4109 896 4154 mors
917 4088 1127 4170 intercipiat?

1181 4089 1274 4155 nulla
1302 4096 1353 4155 est
1374 4112 1474 4156 eausa
1503 4097 1536 4155 et
1556 4090 1650 4156 nulla
1676 4113 1811 4159 merces.
1857 4093 1948 4176 Quid
1975 4097 2065 4162 enim
2087 4119 2170 4182 pro-

146 4185 180 4243 et
212 4177 361 4243 diabolus
399 4181 474 4255 [pag.
500 4179 555 4254 47]
582 4181 692 4240 tecum
725 4181 811 4259 agat,
845 4173 931 4258 quod
964 4176 1128 4259 conceptis
1180 4177 1306 4255 fecerit,
1337 4177 1365 4241 si
1386 4176 1530 4242 maxime
1551 4183 1679 4242 constet
1705 4179 1741 4242 iu
1763 4182 1871 4247 causis
1893 4182 2028 4266 agendis
2050 4182 2168 4251 Calvi-

145 4265 255 4330 verbis
275 4271 310 4328 te
331 4268 464 4328 aeterno
491 4260 592 4325 exitio
614 4259 802 4338 devoveris,
829 4261 894 4326 nisi
916 4269 1061 4326 armatus
1082 4261 1128 4326 sis
1180 4283 1263 4326 uum
1294 4261 1470 4346 aliquando
1497 4269 1666 4329 versatum
1693 4265 1785 4330 esse?
1830 4267 1990 4352 Magnum
2022 4269 2172 4339 dedecus

145 4351 311 4432 praesenti
334 4349 435 4414 huius
455 4346 533 4412 fidei
555 4346 712 4412 custodia.
744 4347 797 4411 De
815 4345 965 4431 symbolo
982 4346 1127 4412 Nicacuo
1180 4348 1314 4415 scilicet.
1352 4355 1424 4428 [pag.
1449 4354 1502 4429 49]
1524 4347 1615 4430 Quid
1637 4371 1714 4435 ergo
1736 4352 1886 4418 facturus
1909 4363 1995 4419 esset
2012 4355 2166 4439 Carolus,

146 4435 194 4499 ita
219 4435 377 4518 loquutus
403 4440 465 4501 est:
502 4431 593 4514 Quid
621 4433 649 4497 si
677 4454 719 4497 110
743 4455 796 4498 0111
828 4433 915 4498 haue
942 4433 1126 4513 formulam,

146 4539 248 4603 quam
272 4519 357 4585 mihi
384 4519 546 4599 obtrudis,
578 4541 599 4584 a
625 4539 708 4602 syuo
731 4540 749 4584 0
776 4519 922 4585 Nicaena
949 4519 1128 4602 profectam

147 4602 253 4671 esse?
287 4605 403 4687 Neque
425 4606 514 4671 euim
537 4604 692 4671 credibile
714 4612 779 4684 est,
805 4627 907 4688 quum
935 4607 1041 4672 sancti
1068 4626 1128 4688 pa·

146 4698 224 4769 tres,
247 4709 347 4773 quam
364 4691 508 4756 maxima
524 4699 660 4773 possent
681 4691 851 4770 brevitate,
869 4691 1042 4774 complecti
1059 4691 1128 4758 vel-

146 4776 218 4842 lent
237 4774 416 4841 formulam
436 4777 648 4859 compositam
658 4799 701 4844 ex
727 4775 827 4843 rebus
849 4774 996 4860 adprime
1015 4798 1129 4845 neces·

1181 4436 1209 4500 si
1229 4434 1312 4502 falsa
1333 4435 1498 4501 narrando
1520 4456 1681 4520 maguum
1701 4436 1832 4520 aliquod
1854 4439 2063 4507 commodum
2084 4463 2166 4510 oon·

1181 4522 1273 4606 sequi
1295 4544 1330 4589 se
1352 4543 1447 4605 posse
1469 4521 1671 4589 confideret?

1267 4607 1321 4674 Sit
1343 4609 1404 4673 hoc
1423 4608 1563 4673 alterum
1585 4609 1770 4692 specimen:
1790 4609 1969 4676 Calvinum
1986 4631 2006 4675 a
2023 4613 2166 4681 vocibus

1181 4692 1338 4758 trinitatis
1374 4701 1408 4757 et
1434 4714 1649 4776 personarum
1685 4694 1894 4762 abhorruisse
1924 4698 2037 4782 fingit,
2072 4699 2163 4785 quod

1181 4779 1321 4843 nimium
1350 4777 1584 4845 Ciceronianus
1612 4788 1714 4857 esset;
1744 4783 1939 4865 quasivero
1962 4784 2002 4849 ab
2024 4783 2079 4852 his
2101 4807 2164 4854 10-

145 4863 252 4942 001110,
274 4861 392 4927 lusisse
413 4882 616 4944 supervacuo
632 4861 811 4930 verborum
832 4863 979 4929 circuitu.
1024 4863 1129 4929 Vides
1180 4865 1271 4930 cibus
1289 4863 1449 4929 Calvinus
1466 4866 1502 4929 iu
1520 4866 1648 4948 scriptis
1668 4868 1736 4933 suis
1754 4868 1961 4949 abstinuerit;
1980 4872 2077 4954 quasi
2093 4893 2165 4939 non

147 4957 259 5014 autem
280 4948 317 5012 iu
336 4946 388 5012 his
404 4945 514 5013 verbis
531 4967 602 5012 esse
623 4948 846 5034 battologiam,
863 4949 976 5014 Deum
992 4947 1033 5014 de
1044 4948 1127 5028 Deo,
1179 4951 1246 5015 iam
1267 4957 1349 5014 tunc
1369 4958 1515 5015 exstaret
1535 4951 1719 5033 Institutio,
1744 4975 1828 5037 quae
1850 4955 1891 5020 ab
1913 4954 1977 5023 hae
1996 4957 2165 5025 calumnia

145 5035 261 5101 lumen
272 5033 456 5111 delumine,
468 5032 578 5097 Deum
590 5054 707 5099 verum
718 5035 758 5100 de
769 5034 842 5101 Deo
855 5056 941 5101 1010.
959 5033 1128 5116 Quorsum

146 5121 211 5187 ista
221 5117 394 5205 repetitio?
424 5117 740 5201 Aurelemphasim
751 5120 975 5200 habetullam,
992 5120 1127 5187 velme-

1249 5135 1339 5204 1)Le
1359 5136 1485 5195 detelct
