4620 5894
1 1427 2 1434 *
67 1344 84 1385 η’
136 1392 330 1465 IOANNIS
350 1394 569 1484 EALLERI
591 1393 1048 1462 ANIMADVERSIONES
1071 1389 2163 1460 AD10.0ALvntIOONFESSIONEMassNISTRORUM

503 1497 849 1564 GENEVENSIUM
876 1494 1061 1563 NOMINE
1085 1495 1277 1562 SYNODO
1300 1494 1538 1560 BERNENSI
1562 1493 1799 1560 OBLATAM.

229 1685 270 1749 Iu
294 1685 406 1766 prima
428 1686 643 1765 propositione
669 1685 809 1766 ponitis:
854 1685 956 1766 ραανα
984 1686 1020 1750 in
1046 1683 1128 1750 buria
1179 1682 1315 1749 Domini
1357 1683 1401 1747 ael
1443 1681 1547 1764 ipsius
1588 1682 1692 1762 faeere
1733 1703 1898 1764 possemus
1947 1704 2162 1750 commemora-

138 1772 236 1855 hnem
257 1776 452 1836 sacramenta
474 1769 634 1836 Dominus
656 1771 828 1835 instituerit
856 1776 891 1835 ut
912 1791 974 1851 per
995 1791 1033 1835 ea
1052 1791 1126 1853 pra·
1180 1768 1317 1835 tiberem?

142 1861 223 1923 tiam
244 1877 335 1922 suam
357 1857 445 1921 nobis
462 1861 585 1921 testetur
610 1862 701 1938 atque
729 1857 881 1939 obsipnet‚
909 1861 944 1918 ut
965 1876 1040 1920 aera
1061 1857 1128 1920 sint

36 1943 39 1947 ’
140 1945 265 2028 prateae
288 1943 353 2007 Dei
374 1944 550 2008 testimonia
579 1947 607 2007 et
631 1943 758 2024 sipilla,
787 1965 856 2007 cere
877 1943 966 2006 nabis
988 1941 1127 2006 enleiberi
1265 1939 1321 2004 aa
1343 1939 1487 2019 quintam
1509 1938 1563 2004 hoe
1586 1940 1710 2016 aeliieio,
1733 1941 1814 2020 quael
1829 1938 1988 2004 Christum
2005 1961 2072 2005 uua
2092 1960 2162 2006 uem

141 2034 258 2110 oportet
286 2029 367 2109 quael
394 2029 541 2110 hpuraat.
587 2028 697 2092 Placet
724 2027 776 2092 hie
802 2028 882 2092 milii
909 2029 990 2109 quael
1011 2028 1126 2105 elicitis,
1179 2025 1402 2107 spiritualibus
1429 2027 1497 2089 eius
1522 2027 1611 2090 dariis
1639 2026 1795 2105 recipiant
1823 2028 1878 2106 qui
1900 2029 1956 2107 pie
1983 2030 2163 2092 utauturet

141 2135 213 2179 vere
235 2115 321 2177 uobis
343 2114 481 2178 exhiberi
502 2114 584 2194 quael
604 2113 760 2196 ripemunt,
783 2136 853 2191 nou,
875 2135 944 2178 acre
965 2113 1054 2177 nabis
1075 2133 1126 2176 eu·
1179 2113 1240 2175 rite
1272 2113 1484 2176 sacramentis.
1545 2112 1645 2175 Nemo
1678 2112 1779 2175 reiicit
1811 2111 1879 2190 leae,
1915 2114 1961 2176 sie
1994 2117 2099 2177 tamen
2130 2117 2164 2176 ut

142 2200 254 2264 hibere.
302 2197 418 2281 Collipo
446 2200 528 2262 enim
550 2199 623 2264 leina
645 2203 775 2262 utentem
807 2205 943 2264 vestram
973 2220 1032 2263 uon
1062 2219 1127 2263 esse
1173 2203 1284 2280 pastea
1298 2198 1433 2278 ponitis,
1462 2204 1496 2263 ut
1517 2198 1576 2263 illa
1592 2198 1747 2278 perceptio
1769 2199 1844 2262 usin
1867 2219 1929 2262 nan
1956 2199 2000 2262 sit
2021 2198 2161 2282 altipeta,

141 2285 231 2356 harre,
255 2285 337 2365 quael
358 2289 556 2349 sacramenta
577 2305 647 2350 aere
668 2304 777 2348 nemim
799 2306 911 2364 eorpus
935 2282 1055 2349 Christi
1076 2305 1126 2348 eu·
1178 2304 1267 2365 quae,
1295 2304 1392 2364 queem
1413 2285 1456 2349 sit
1475 2286 1575 2351 solius
1595 2283 1680 2362 fidei,
1709 2303 1805 2364 neque
1834 2306 1855 2348 a
1881 2286 2089 2350 sacramentis
2113 2305 2164 2349 eu-

141 2371 280 2450 hibeant,
313 2372 408 2451 quasi
441 2369 606 2434 acleibemli
640 2376 667 2434 et
699 2370 877 2451 eonferendi
909 2371 1126 2448 iustrumenta,
1179 2370 1264 2434 deebi
1280 2375 1397 2451 potest,
1422 2389 1519 2451 neque
1539 2370 1581 2434 acl
1602 2375 1799 2433 saeramcnta
1821 2369 1953 2451 altipert
1974 2374 2025 2434 ete.
2072 2370 2165 2435 Recte

142 2458 197 2523 scel
220 2456 302 2538 quaet
328 2454 486 2520 Dominus
514 2455 602 2520 uobis
624 2477 686 2536 per
713 2458 864 2538 spiritum
892 2461 1034 2521 sanctum
1063 2456 1127 2537 hae
1179 2457 1273 2521 etiam
1295 2476 1367 2520 mou
1390 2458 1484 2535 quasi
1501 2477 1563 2538 per
1585 2455 1818 2536 explicationem
1842 2457 1999 2534 adimitis,
2032 2461 2070 2520 ut
2098 2457 2164 2521 illia

140 2563 212 2607 aere
234 2541 374 2607 ealeibcat
395 2542 477 2623 quael
498 2547 694 2607 sacramenta
717 2541 896 2625 obsipnant,
927 2547 1079 2606 testantur
1099 2547 1127 2606 et
1180 2541 1269 2606 nebis
1290 2543 1427 2622 affertur,
1449 2563 1558 2623 pennae
1577 2543 1640 2622 fiete
1650 2545 1677 2603 et
1688 2542 1805 2620 spiritu
1823 2542 2020 2622 reeipiendus
2038 2547 2067 2605 et
2084 2563 2164 2607 coru-

139 2629 291 2710 hpurant‚
324 2648 433 2707 nempe
463 2628 562 2691 eitam
590 2627 701 2691 habere
729 2629 763 2692 in
791 2628 907 2693 tradito
940 2649 1066 2711 corpore
1097 2632 1127 2692 et
1173 2628 1361 2708 plectendus.
1407 2627 1451 2693 Et
1479 2629 1537 2693 hae
1565 2628 1686 2691 ratione
1713 2647 1810 2690 aaran
1838 2633 1883 2690 est
1904 2627 2008 2707 Deus,
2034 2629 2105 2708 qui,
2129 2632 2163 2692 ut

138 2717 213 2795 fuso
240 2715 410 2796 sanquine,
444 2712 630 2777 ablutionem
660 2715 732 2778 item
754 2718 952 2796 peeeatorum
973 2715 1008 2778 in
1030 2718 1127 2779 morte
1179 2714 1268 2778 uobis
1295 2715 1329 2777 in
1354 2714 1442 2777 aerbo
1464 2714 1622 2796 promittit
1649 2717 1675 2775 et
1704 2714 1738 2774 iu
1770 2715 1976 2777 saerameutis
2004 2714 2163 2796 sipuificat

143 2800 272 2877 Christi,
295 2804 440 2879 quotquot
460 2800 589 2864 eredunt
609 2800 644 2863 in
667 2821 744 2864 eum.
781 2800 835 2864 Ita
857 2801 926 2864 sine
943 2800 1038 2865 dubio
1056 2819 1127 2864 rere
1177 2799 1315 2880 fruetum
1341 2801 1452 2864 mortis
1480 2800 1544 2881 filii
1573 2800 1626 2863 sui
1655 2819 1688 2861 se
1716 2797 1804 2862 nabis
1828 2819 1889 2879 per
1915 2798 2010 2878 helem
2041 2820 2163 2882 semper

140 2885 298 2952 exhibetur
317 2885 461 2965 fidelibus
483 2885 625 2950 omnebus
654 2886 735 2967 quaet
761 2891 957 2951 sacramenta
977 2886 1125 2969 fipuraut.
1179 2885 1320 2950 ealiibere
1340 2885 1429 2963 aelle,
1460 2887 1505 2950 ita
1527 2889 1672 2965 praestat
1700 2885 1828 2947 cunctam
1847 2884 1986 2965 fructum
2009 2887 2162 2963 omn-ibus,

141 2973 207 3037 Nea
229 2992 282 3036 aas
304 2972 397 3036 aliter
423 2971 592 3054 intellipere
621 2992 659 3036 eu
675 2972 903 3053 posterioribus
924 2972 1034 3056 eollipo
1050 2992 1126 3054 pra
1177 2973 1243 3036 siae
1275 2973 1310 3035 in
1343 2977 1550 3051 sacramento,
1589 2971 1654 3034 siae
1693 2975 1781 3034 aetra
1818 2976 2062 3050 sacramentum,
2101 2972 2164 3053 tide

133 3057 345 3140 positionibus
367 3057 481 3138 auibus
500 3058 652 3140 pralium,
678 3059 743 3122 sire
764 3078 872 3123 ueram
894 3059 985 3124 illam
1007 3057 1125 3122 exhibi-
1177 3057 1377 3122 sumentibus.
1421 3057 1470 3122 Et
1493 3059 1539 3121 sie
1565 3077 1637 3120 aera
1667 3057 1762 3119 etiam
1784 3061 1827 3119 est
1849 3056 2039 3139 sipuifieatio
2061 3063 2089 3121 et
2112 3078 2164 3122 res

139 3145 252 3209 tioreem
274 3164 384 3208 earum
405 3164 509 3207 rerum
532 3163 612 3226 quae
633 3149 829 3211 sacramenta
848 3144 996 3228 fipuraut,
1018 3163 1124 3209 saera
1176 3145 1250 3225 ipsa
1282 3144 1371 3226 sipno
1403 3145 1578 3224 respondet,
1614 3146 1754 3223 sequente
1786 3143 1873 3221 apud
1906 3142 2011 3206 eleetos
2045 3145 2160 3224 effectu

138 3232 252 3294 mentis
279 3250 341 3294 uon
368 3229 518 3312 altipatis.
567 3230 649 3310 Quia
678 3252 750 3296 aero
777 3230 867 3294 multi
894 3231 1042 3295 haetenus
1068 3249 1125 3293 uos
1176 3249 1273 3311 quum
1299 3229 1437 3293 videlieet
1461 3229 1618 3310 fruuntur
1646 3228 1734 3292 bonis
1758 3226 1878 3293 Christi
1898 3249 1977 3310 quae
1998 3230 2082 3310 ipsis
2098 3250 2161 3311 per

140 3315 327 3380 eelribitiaue
348 3313 406 3380 hae
428 3319 589 3394 secarunt,
612 3321 640 3380 et
660 3316 718 3380 sub
740 3337 778 3381 ea
800 3317 887 3399 lonpe
908 3317 1007 3381 aliam
1029 3320 1124 3380 statu
1148 3330 1151 3373 t
1176 3321 1372 3380 sacramenta
1394 3316 1571 3397 sipiificata
1590 3315 1725 3395 lauant.

140 3402 221 3464 erint
239 3399 457 3464 ealeibitionem
475 3421 569 3481 auam
587 3423 640 3466 eas
658 3408 790 3467 statuere
807 3404 950 3482 seutiam,
973 3404 1045 3467 aisa
1061 3402 1125 3483 fuit

140 3485 216 3549 haee
238 3487 415 3566 propositio
438 3487 673 3551 dissimulanda
698 3489 806 3568 potius
833 3508 929 3567 auam
956 3508 1125 3569 perperam
1264 3486 1417 3551 Inserta
1436 3486 1600 3566 applicatis
1627 3486 1776 3564 quouearlo
1804 3485 1933 3560 dicatis,
1958 3504 2020 3566 per
2052 3505 2160 3550 saera-

139 3571 355 3636 iudioantibus
369 3572 581 3651 proponenela.
1176 3578 1279 3637 retenta
1300 3593 1358 3636 nos
1382 3572 1499 3638 Christi
1521 3577 1549 3635 et
1575 3572 1793 3652 spiritualium
1819 3573 1888 3634 eius
1915 3570 2069 3634 cleriorum
2088 3572 2160 3652 fieri

1170 3659 1359 3740 participes,
1388 3663 1542 3740 quatenus
1568 3657 1683 3722 seilicet
1710 3679 1770 3720 non
1793 3657 1835 3720 ael
1857 3658 1951 3738 sipua
1971 3657 2076 3734 uuila,
2107 3657 2161 3722 sad

232 3742 341 3805 Tertia
356 3743 531 3823 propositio
552 3748 643 3807 utest
663 3764 746 3821 vera,
769 3744 816 3808 ita
837 3764 891 3808 aas
908 3745 1012 3808 indiae
1029 3745 1124 3809 etiam
1171 3745 1281 3826 patius
1302 3745 1344 3809 ael
1362 3733 1605 3823 promissionem
1627 3763 1706 3823 quaa
1727 3744 1794 3806 illie
1816 3763 1941 3807 anrresa
1964 3747 2016 3820 est,
2042 3763 2162 3823 respec-

140 3829 255 3893 seutire
283 3828 320 3891 ale
346 3828 410 3907 sirie
436 3834 716 3908 sacramentorum,
744 3850 805 3894 nou
827 3834 861 3892 nt
882 3831 916 3894 vi
937 3850 1043 3894 corum
1068 3834 1125 3894 aut
1177 3837 1243 3894 tam
1272 3829 1448 3893 habeamus.
1498 3829 1543 3892 Et
1571 3849 1651 3909 perere
1678 3834 1858 3908 sequuntur.
1913 3827 2161 3895 Promissiouem

135 3935 197 3996 per
218 3913 285 3990 illa,
307 3917 459 3993 tanquam
480 3914 700 3994 iustrumenta,
732 3914 855 3981 Christo
871 3917 1049 3998 potiamur,
1071 3916 1126 3980 scel
1177 3916 1331 3999 iutellipO,
1359 3915 1441 3997 quael
1459 3917 1554 3997 quasi
1574 3915 1740 3979 visibiliter
1762 3915 1848 3978 nabis
1874 3916 2027 3994 loquitur,
2059 3936 2094 3979 se
2115 3916 2161 3979 ita

141 4004 269 4064 eatenus
298 4005 449 4079 quatenus
475 3999 668 4082 sipniheant,
699 4001 787 4065 nobis
808 4007 1053 4081 repraesentant,
1076 4002 1125 4065 ob
1178 4007 1272 4065 totum
1304 4007 1445 4065 nastrum
1475 4021 1541 4065 esse
1573 4001 1649 4065 aelle
1682 4021 1751 4065 eum
1784 4001 1926 4064 omuibus
1958 4001 2030 4065 suis
2062 4002 2160 4066 banis.

142 4088 276 4169 sipnant,
299 4086 362 4149 imo
380 4086 511 4172 afferunt
528 4087 631 4165 etiam,
654 4089 748 4167 quasi
767 4087 941 4165 visibiliter,
965 4086 1126 4152 Christum
1180 4087 1244 4152 Per
1264 4093 1461 4152 sacramenta
1483 4108 1554 4169 erpo
1575 4108 1631 4151 uos
1653 4088 1696 4150 ael
1713 4107 1746 4149 se
1763 4087 1884 4160 inuitat,
1907 4107 1939 4150 se
1956 4086 2047 4150 uobis
2063 4091 2161 4169 offert,

143 4171 291 4236 basiorum
313 4173 451 4236 amnium
471 4172 602 4253 fortem,
626 4178 662 4236 ut
683 4173 775 4237 illum
794 4174 856 4253 fide
877 4173 1126 4254 eornpreherulen-
1178 4195 1234 4238 nos
1251 4195 1349 4239 mareu
1366 4174 1452 4239 duait
1469 4174 1562 4256 quasi
1582 4174 1624 4237 ael
1641 4173 1879 4252 redemptionem
1895 4177 2044 4252 uestram,
2063 4194 2162 4255 quam

143 4263 187 4320 tes
203 4256 344 4337 mneheio
362 4257 470 4322 mauis
487 4258 557 4323 eius
573 4259 808 4323 reconciliemur
828 4257 904 4338 Deo,
922 4261 1039 4341 spiritu
1057 4261 1125 4324 eius
1177 4261 1208 4324 si
1227 4260 1290 4341 fiete
1313 4260 1584 4341 apprehendamus
1613 4260 1678 4322 iam
1700 4279 1760 4340 per
1784 4257 1878 4336 helem
1900 4259 2077 4340 participes
2105 4280 2161 4324 uos

143 4361 325 4406 reuoaemur
352 4346 386 4407 iu
413 4345 495 4407 uitae
523 4345 732 4424 sanctitatem,
763 4345 920 4410 iustitiam
946 4347 1077 4427 denique
1098 4351 1127 4410 et
1177 4348 1231 4410 sui
1251 4348 1344 4429 tacit,
1374 4350 1401 4410 et
1427 4347 1566 4411 omnium
1594 4344 1812 4425 spiritualium
1838 4365 1966 4407 suoram
1996 4345 2160 4422 deirorum,

143 4427 276 4491 salntem
296 4450 528 4510 consequamur.
1177 4454 1238 4497 uon
1260 4437 1362 4496 centem
1378 4453 1438 4512 per
1455 4436 1663 4507 sacramenta,
1686 4431 1751 4494 uisi
1773 4435 2000 4511 quatenusper
2021 4431 2081 4495 illa
2104 4451 2161 4495 reos

1178 4519 1220 4583 acl
1251 4518 1362 4583 horum
1394 4519 1545 4582 donorum
1576 4518 1800 4598 perceptionem
1834 4518 1951 4580 iiivitat.
2008 4516 2076 4581 Nec
2106 4537 2161 4581 aas

232 4597 274 4661 Iu
296 4605 409 4679 quarta
431 4600 514 4665 nibil
535 4602 691 4680 desidera,
715 4623 790 4667 nam
811 4603 894 4668 idem
916 4609 944 4667 et
964 4624 1021 4669 nos
1041 4605 1125 4669 doee-
1177 4604 1269 4668 aliter
1290 4603 1467 4686 intellipere,
1490 4604 1640 4668 coniicere
1655 4623 1788 4684 possum
1811 4603 1946 4667 neauime
1963 4607 2071 4668 aetaaa
2083 4624 2160 4684 pra

144 4703 224 4763 mus,
246 4704 300 4747 nee
320 4686 413 4748 etiam
435 4685 637 4753 abhorremus
654 4688 693 4752 ab
710 4687 769 4752 hae
786 4689 970 4769 loquutione,
992 4691 1125 4770 quadiu
1171 4690 1327 4773 positione
1348 4691 1550 4754 considerata.

143 4789 237 4835 caena
260 4771 405 4850 primum
426 4772 525 4836 locum
546 4772 679 4838 obtineat
699 4795 813 4855 eorpus
833 4795 896 4856 pro
918 4776 1005 4839 uobis
1027 4776 1125 4839 ernei-

144 4857 247 4938 fiuum
269 4860 296 4919 et
317 4858 495 4937 sanpuisin
517 4878 605 4923 erieee
624 4861 719 4942 [ueris
736 4866 797 4939 ete,
820 4861 902 4942 arrad
922 4861 1036 4926 seilicet
1051 4862 1125 4942 fide·
1265 4861 1308 4924 In
1330 4882 1413 4924 riona
1435 4863 1514 4925 inter
1535 4861 1601 4924 alia
1624 4862 1831 4924 iustrumenta
1848 4880 1913 4924 esse
1930 4860 2036 4924 elicitis
2053 4880 2159 4925 saera-

143 4943 204 5007 lem
221 4946 250 5005 et
267 4942 466 5023 spiritualem
482 4944 589 5008 attinet
605 4946 880 5011 considerationem
897 4952 926 5011 et
940 4948 1125 5027 emeterapla-
1177 4946 1403 5027 mortequibus
1414 4947 1585 5027 efficaciter,
1598 4946 1653 5009 nbi
1665 4948 1767 5010 risum
1782 4949 1832 5026 sit,
1851 4951 1923 5028 apat
1935 4945 2095 5010 Dominus
2106 4952 2156 5010 ete.

143 5029 265 5093 timeam.
325 5028 478 5109 Quomodo
509 5030 591 5092 eelim
623 5031 707 5094 alias
738 5033 997 5098 sacraemntalem
1031 5053 1125 5097 usum
1181 5032 1329 5111 Contacta,
1357 5038 1509 5114 quatenus
1535 5034 1744 5098 instrumenta
1764 5032 1990 5116 sipni-fieatian
2019 5031 2157 5097 αᾱαιοννὶ-
