4620 5894
93 260 102 273 ·
145 227 210 289 463
818 216 941 284 ACTA
963 215 1144 284 SYNODI
1165 214 1486 283 TRIDENTINAE
2094 221 2160 283 464

145 420 175 492 9,
195 414 266 494 24),
297 431 376 494 ergo
403 411 440 474 in
469 409 562 474 bonis
582 414 771 474 sanctorum
793 405 945 490 operibus
967 406 1051 471 nihil
1073 415 1125 470 est
1177 405 1295 471 debere
1321 407 1369 471 ita
1396 407 1558 489 Ephesios
1588 406 1709 472 habere
1738 408 1773 472 in
1802 408 1921 473 animis
1944 408 2013 472 suis
2035 407 2160 473 eonsti-

143 497 398 580 reprehensione
419 495 564 579 dignum.
590 493 709 558 Nonne
727 502 779 559 ter
798 493 919 558 bestias
939 512 1011 557 esse
1028 513 1124 574 opor·
1176 501 1302 556 tutum:
1332 512 1368 556 se
1402 501 1532 557 vocatos
1560 513 1649 569 esse,
1678 501 1711 557 et
1739 492 1902 577 evangelii
1931 494 2032 558 factos
2054 494 2159 577 parti·

143 592 206 661 tet,
250 580 367 666 quibus
401 580 524 646 bestiae
555 580 639 645 istae
666 578 927 662 persuadebunt,
959 598 978 641 a
1005 578 1124 662 spiritu
1176 578 1278 662 cipes:
1308 576 1597 659 quemadmodum,
1626 586 1803 661 antequam
1832 578 1976 645 mundus
2000 577 2159 644 condere-

143 676 259 736 saneto
281 667 442 751 proficisci
462 666 546 731 tales
569 664 727 729 naenias?
762 664 889 729 Verum
912 663 975 728 hac
997 684 1123 746 quoque
1175 671 1240 740 tur,
1262 663 1298 728 in
1312 663 1447 729 Christo
1468 665 1563 730 electi
1584 665 1726 729 fuerant.
1760 662 2160 748 (lapiteitemadRcma-

144 754 331 821 insulsitate
353 753 532 835 praeterita
553 771 625 815 rem
647 752 752 833 ipsam
775 749 954 815 videamus.
999 748 1124 815 Gonoe-
1175 770 1236 814 nos
1254 757 1368 815 octavo
1386 751 1584 815 nominatim
1600 750 1766 817 electionis
1787 750 1969 815 doctrinam
1987 771 2065 816 eum
2081 750 2158 817 fidei

145 841 241 919 dant,
264 859 399 905 necesse
427 847 494 916 eet,
523 858 623 920 opera
650 859 692 901 ex
713 837 869 901 interiore
891 836 999 918 potius
1022 834 1125 900 animi
1176 833 1372 901 certitudine
1400 837 1578 919 coniungit
1627 836 1751 901 Fateor
1784 835 1950 918 equidem,
1977 843 2011 901 et
2042 835 2158 902 sedulo

144 926 274 1004 affeetu,
298 924 385 990 unde
403 931 548 1001 manant,
568 931 601 986 et
619 943 660 986 ex
678 923 744 987 fine
762 942 827 1005 quo
845 929 1004 1004 spectant,
1024 919 1123 985 aesti-
1174 941 1235 986 nos
1257 941 1371 986 omnes
1399 921 1571 1001 docemus,
1602 921 1687 986 nihil
1709 942 1781 987 esse
1798 923 1904 1006 magis
1925 922 2157 1005 perniciosum,

144 1012 267 1078 manda
287 1031 373 1088 esse,
396 1030 495 1092 qoam
517 1029 559 1073 ex
582 1009 676 1073 larva
698 1015 851 1084 externa,
874 1028 958 1089 quae
981 1006 1123 1071 homini·
1176 1027 1275 1089 quam
1295 1007 1330 1071 in
1352 1028 1511 1073 areanum
1533 1008 1596 1073 Dei
1618 1008 1793 1072 eonsilium
1813 1009 1997 1091 inquirere,
2020 1014 2059 1072 ut
2081 1007 2158 1072 inde

142 1098 210 1163 bus
227 1103 377 1180 apparet:
406 1115 463 1160 cor
495 1095 583 1159 enim
612 1095 759 1159 intuetur
781 1092 891 1171 Deus,
915 1099 953 1157 ut
975 1091 1123 1158 Samueli
1176 1092 1344 1158 electionis
1373 1102 1505 1158 nostrae
1527 1094 1680 1158 notitiam
1707 1104 1871 1177 petamus:
1903 1092 2050 1177 adeoque
2071 1092 2158 1160 hene

143 1184 268 1250 dictum
291 1183 394 1265 est(l
418 1179 927 1262 Sam.15,2·l);etoeulieius
950 1179 1124 1244 veritatem
1176 1200 1249 1245 esse
1281 1179 1490 1262 voraginem,
1526 1200 1609 1261 quae
1640 1200 1701 1243 nos
1733 1180 1768 1244 in
1801 1179 1940 1245 exitium
1973 1178 2157 1245 absorbeat

143 1268 340 1353 respiciunt,
377 1274 416 1331 ut
441 1275 557 1330 monet
591 1266 749 1330 Ieremias
783 1266 828 1347 (ὁ,
847 1268 892 1347 3).
945 1265 1124 1347 Nunquam
1177 1263 1246 1330 Sed
1278 1285 1379 1347 quum
1418 1275 1572 1330 aeternae
1608 1274 1740 1330 nostrae
1772 1264 1955 1348 adoptionis
1986 1264 2159 1347 speculum

143 1362 254 1421 autem
280 1354 423 1436 perfecto
445 1373 506 1417 nos
527 1350 593 1416 Dei
622 1372 733 1416 amore
760 1351 841 1415 ferri
863 1353 981 1434 agique
1003 1349 1045 1413 ad
1067 1350 1124 1414 ob-
1176 1348 1270 1416 nobis
1301 1350 1337 1413 in
1365 1349 1500 1416 Ohristo
1534 1359 1697 1434 proponat
1729 1351 1877 1417 coelestis
1913 1358 2019 1434 pater:
2059 1372 2158 1417 nemo

144 1439 350 1525 sequendum
372 1439 444 1503 eius
466 1438 620 1514 iustitiae,
642 1437 716 1520 plus
737 1438 818 1500 satis
841 1443 977 1503 constat.
1011 1435 1124 1500 Variis
1177 1435 1256 1520 quid
1278 1436 1372 1501 nobie
1394 1457 1453 1519 per
1474 1435 1646 1502 Christum
1669 1436 1785 1501 datum
1801 1438 1853 1516 sit,
1872 1457 1951 1503 vere
1968 1444 2070 1517 tenet,
2093 1437 2160 1502 nisi

144 1529 234 1592 enim
258 1522 494 1608 cupiditatibus
516 1523 717 1588 retrahimur
739 1544 759 1586 a
781 1543 895 1601 cursu,
918 1532 956 1587 ut
974 1523 1031 1587 vix
1055 1541 1125 1586 am-
1176 1523 1233 1606 qui
1255 1541 1367 1586 seeum
1388 1530 1476 1587 certo
1499 1524 1629 1599 statuit,
1653 1544 1688 1588 se
1710 1522 1761 1587 illi
1780 1544 1800 1588 a
1821 1529 1916 1606 patre
1938 1521 2053 1588 datum
2075 1545 2157 1602 esse,

142 1611 311 1689 bulemus,
339 1630 441 1693 quum
468 1630 597 1674 summa
625 1609 833 1674 contentione
853 1609 1009 1673 festinare
1030 1605 1124 1671 Deus
1177 1630 1219 1673 ne
1242 1607 1377 1690 pereat?
1413 1606 1503 1689 Quid
1525 1608 1638 1674 enim?
1668 1608 1787 1674 Ande
1810 1608 2159 1674 nihilohaeodicun·

142 1697 338 1782 praecipiat:
369 1695 491 1777 vixque
520 1704 667 1776 teporem
695 1693 885 1770 afferamus,
911 1715 972 1777 pro
994 1712 1123 1757 summo
1177 1705 1247 1759 tur:
1271 1695 1423 1773 Patrem,
1452 1695 1590 1777 quinos
1622 1695 1658 1759 in
1680 1694 1742 1759 filii
1763 1695 1815 1759 sui
1837 1695 1976 1760 tutelam
1998 1715 2037 1760 ac
2057 1695 2160 1760 fidem

144 1783 270 1850 ardore.
320 1780 418 1863 Quod
451 1781 480 1845 si
512 1779 676 1846 deiectum
707 1779 804 1857 hunc,
839 1800 919 1862 prae
947 1779 1123 1864 hypocrisi,
1177 1779 1322 1858 tradidit,
1347 1781 1505 1845 maiorem
1527 1801 1598 1845 esee
1620 1779 1782 1860 omnibus,
1805 1801 1866 1846 nee
1888 1801 2063 1863 passurum
2086 1802 2159 1846 esse

143 1891 211 1935 non
232 1868 402 1945 sentimus,
425 1867 517 1932 Deus
539 1875 650 1931 tamen
672 1866 780 1931 cernit
799 1873 832 1930 et
850 1864 986 1931 iudicat:
1010 1866 1045 1928 in
1066 1884 1124 1929 ou·
1176 1866 1291 1942 filium,
1315 1872 1352 1930 ut
1374 1865 1553 1948 quidquam
1574 1874 1689 1948 pereat
1719 1866 1850 1950 (Ioann.
1871 1873 1900 1945 6,
1920 1871 1978 1946 39;
2005 1871 2053 1946 10,
2076 1865 2157 1950 28)’1

144 1956 196 2021 ius
218 1975 295 2020 cone
318 1961 393 2018 ectu
420 1974 461 2018 ne
484 1951 597 2016 stellae
619 1951 752 2035 quidem
781 1949 924 2033 liquidae
947 1963 1040 2028 eunt,
1064 1970 1124 2014 nec
1176 1954 1249 2018 Imc
1270 1951 1344 2017 ideo
1367 1951 1530 2030 dicuntur,
1554 1959 1592 2016 ut
1612 1953 1798 2034 quicunque
1820 1960 1899 2017 sunt
1919 1952 1980 2016 filii
2002 1952 2076 2031 Dei,
2099 1952 2160 2018 tali

146 2040 197 2108 sol
223 1974 353 2105 lucidus
382 2037 464 2119 (Iob.
485 2041 536 2117 25,
557 2040 600 2122 5).
646 2037 808 2119 Denique,
831 2037 1008 2120 septimum
1030 2044 1129 2117 caput
1177 2040 1294 2106 salutis
1318 2059 1398 2103 suae
1417 2038 1494 2102 freti
1510 2043 1587 2117 [pag.
1602 2043 1676 2116 208]
1689 2037 1833 2117 custode,
1851 2039 1939 2102 inter
1949 2037 2059 2103 media
2071 2038 2169 2121 peri·¹

144 2126 187 2192 ad
215 2127 384 2191 Romanos
418 2124 677 2190 controversiam
705 2123 803 2188 istam
834 2121 972 2187 dirimit:
1005 2119 1062 2185 ubi
1089 2122 1126 2184 in
1178 2125 1256 2191 cula
1269 2131 1357 2189 tutos
1370 2144 1405 2188 se
1423 2145 1574 2189 essenon
1591 2122 1759 2189 dubitent:
1774 2124 2006 2206 imoperieulis
2018 2124 2159 2190 infinitis

146 2233 207 2279 sua
227 2211 423 2295 piorumque
445 2210 594 2274 omnium
619 2229 760 2291 persona
781 2208 903 2273 fatetur
925 2207 1067 2283 Paulus,
1090 2227 1126 2270 se
1178 2211 1316 2289 obsessi,
1345 2231 1439 2274 suam
1467 2209 1609 2274 salutem
1636 2216 1732 2275 extra
1757 2210 1943 2361 gericulum
1965 2230 2038 2275 esse
2057 2210 2159 2275 eonfi-

145 2296 383 2382 aperleotione
405 2295 537 2373 distare,
562 2300 635 2375 [pag.
657 2299 732 2373 206]
756 2294 857 2358 etiam
879 2315 980 2377 quum
1001 2293 1126 2376 optima
1179 2297 1269 2375 dant,
1292 2297 1368 2378 quia
1389 2296 1424 2359 in
1449 2315 1552 2360 manu
1575 2295 1640 2359 Dei
1661 2296 1711 2360 sit.
1785 2295 1825 2360 ed
1848 2297 1936 2360 enim
1958 2316 2041 2378 quos
2063 2294 2158 2362 Deus

144 2393 195 2450 eet
222 2383 385 2450 voluntas
437 2379 548 2462 Quare
577 2379 766 2444 blandiatur
793 2380 855 2445 sibi
879 2379 991 2455 homo,
1020 2388 1058 2442 ut
1086 2378 1125 2441 li·
1179 2383 1325 2466 elegerit,
1348 2382 1411 2446 nisi
1434 2403 1477 2445 ex
1499 2380 1632 2463 speciali
1654 2380 1866 2458 revelatione,
1885 2382 1961 2447 seiri
1981 2403 2078 2463 posse
2100 2402 2159 2446 ne·

143 2472 214 2537 bet:
238 2470 266 2534 si
289 2476 400 2532 tamen
418 2468 453 2531 in
471 2466 629 2532 iudicium
642 2464 718 2542 Dei,
737 2464 790 2530 vel
806 2465 1125 2547 praestantissimum
1178 2480 1267 2553 gant.
1314 2466 1474 2533 Ooncedo.
1519 2468 1631 2550 Atque
1648 2467 1722 2532 ideo
1741 2467 1821 2532 dicit
1841 2468 1981 2532 Paulus:
2005 2489 2072 2532 non
2090 2468 2159 2550 spi·

144 2578 242 2640 opus,
271 2553 357 2638 quod
389 2574 534 2640 unquam
568 2552 677 2628 luerit,
714 2561 861 2629 vocetur,
891 2573 994 2624 naevo
1017 2550 1125 2632 aliquo
1178 2557 1280 2620 ritum
1302 2575 1363 2618 nos
1386 2554 1484 2618 huius
1506 2550 1622 2617 mundi
1639 2555 1811 2635 accepisse,
1835 2551 1893 2617 sed
1915 2553 2079 2635 spiritum,
2101 2552 2160 2635 qui

145 2641 330 2724 reperietur
368 2639 595 2703 deformatum.
658 2636 776 2720 Atqui,
818 2638 889 2702 Deo
932 2637 1123 2720 probantur.
1178 2662 1220 2704 ex
1243 2641 1314 2705 Deo
1336 2649 1399 2703 est:
1429 2648 1466 2703 ut
1495 2639 1636 2704 sciamus
1665 2638 1749 2721 qua'e
1772 2660 1792 2703 a
1816 2640 1889 2703 Deo
1917 2640 2011 2705 nobis
2040 2637 2160 2704 donata

147 2726 232 2809 Quis
254 2724 374 2810 negat?
408 2725 553 2789 'fantum
576 2722 813 2800 contendimus,
836 2722 909 2787 lieri
931 2743 999 2787 non
1020 2741 1125 2804 posse,
1178 2728 1246 2792 sint
1267 2725 1437 2810 (lOor.2,
1459 2726 1523 2806 12).
1553 2725 1688 2789 Donum
1700 2732 1812 2789 autem
1825 2725 1904 2790 alibi
1926 2725 2037 2808 (Rom.
2057 2732 2088 2804 8,
2104 2723 2159 2808 lt)

146 2821 187 2879 ut
214 2813 336 2895 absque
363 2810 461 2875 venia
486 2810 646 2891 placeant
697 2807 788 2889 Quid
810 2816 923 2873 autem
946 2818 1010 2886 est,
1039 2805 1126 2890 quod
1178 2814 1416 2894 interpretatur
1443 2809 1664 2894 adoptionem,
1693 2832 1758 2893 qua
1780 2831 1953 2876 censemur
1974 2812 2064 2875 inter
2086 2810 2159 2876 cius

146 2898 242 2965 Deus
268 2899 433 2982 ignoscat,
461 2895 525 2961 nisi
554 2893 747 2978 peccatum?
793 2894 876 2959 Inde
903 2894 1003 2960 simul
1025 2893 1125 2959 eonfi-
1177 2899 1275 2964 filios:
1305 2917 1404 2980 quam
1426 2897 1507 2962 adeo
1535 2895 1611 2962 vult
1632 2895 1724 2961 nobis
1747 2904 1872 2961 certam
1894 2917 1980 2975 esse,
2010 2904 2049 2961 ut
2070 2895 2161 2961 clara

146 2986 241 3062 citur,
260 3004 326 3049 non
348 3003 421 3049 esse
441 2988 612 3064 tantopere
633 2980 858 3065 exagitandos,
880 2982 937 3063 qui
959 2979 1125 3056 dixerunt,
1177 3004 1257 3049 voce
1287 2983 1327 3048 de
1355 2984 1427 3066 ipsa
1448 2983 1635 3067 gloriemur.
1681 2981 1873 3060 Caeterum,
1902 2982 1982 3066 quid
2002 3003 2063 3065 per
2085 3001 2158 3065 spe-

146 3070 328 3155 quamlibet
353 3068 440 3135 bona
460 3089 573 3150 opera,
601 3067 630 3132 si
652 3076 767 3132 exacto
789 3067 897 3150 rigore
918 3081 1125 3143 censeantur,
1177 3070 1292 3137 cialem
1319 3069 1552 3135 revelationem
1575 3068 1762 3152 designent,
1785 3090 1852 3133 non
1874 3089 1927 3133 me
1948 3068 2037 3133 latet
2082 3069 2157 3152 Ego

147 3167 283 3224 aeterna
311 3156 420 3239 potius
453 3153 678 3232 damnatione,
718 3174 818 3236 quam
856 3154 943 3218 vitae
980 3154 1125 3234 praemio
1177 3164 1386 3222 autemeam
1407 3175 1497 3233 voco,
1521 3176 1586 3238 qua
1603 3154 1688 3219 filios
1711 3175 1787 3220 suos
1810 3154 2019 3237 peculiariter
2040 3153 2160 3238 ‹ligna-

147 3243 249 3328 digno
274 3263 355 3309 esse.
406 3239 473 3307 Ubi
500 3241 589 3305 enim
611 3246 797 3322 peccatum,
828 3237 1008 3321 quamlibet
1029 3239 1125 3306 nobis
1178 3253 1233 3308 tur
1254 3249 1349 3325 pater
1368 3240 1525 3306 coelestis.
1570 3240 1640 3304 Nec
1662 3261 1744 3320 eam,
1767 3240 1897 3322 qualem
1919 3240 2087 3322 praedico,
2114 3260 2159 3304 ex

146 3330 304 3412 exiguum
325 3326 487 3402 videatur,
509 3326 577 3392 illie
593 3346 691 3391 nemo
711 3346 813 3391 sanus
830 3325 945 3390 mortis
966 3344 1037 3390 esse
1054 3347 1124 3390 ma·
1177 3327 1324 3410 meipso
1346 3327 1581 3392 comminiscor.
1616 3326 1702 3391 Nota
1724 3328 1814 3390 enim
1836 3335 1914 3391 sunt
1923 3327 2022 3391 Pauli
2038 3324 2159 3392 verba:

147 3415 265 3479 teriam
293 3411 436 3497 negabit.
491 3412 550 3476 Fit
581 3420 694 3476 tamen
720 3412 882 3476 immensa
904 3411 969 3476 Dei
995 3412 1124 3476 miseri-
1177 3413 1290 3491 Nobis,
1314 3415 1434 3497 inquit,
1459 3434 1542 3495 quae
1565 3411 1755 3478 abscondita
1777 3422 1857 3478 sunt
1879 3413 2032 3478 humanis
2055 3412 2160 3477 sensi·

148 3499 274 3578 cordia,
306 3506 345 3563 ut
373 3499 410 3562 in
443 3497 531 3562 coelo
560 3496 744 3562 mercedem
773 3495 925 3573 habeant,
948 3518 1030 3579 quae
1056 3519 1124 3562 non
1178 3499 1250 3578 bus,
1273 3499 1564 3570 revelavitDeus.
1588 3497 1825 3580 perspiritum
1848 3519 1954 3575 suum,
1977 3497 2159 3581 quietiam

148 3583 246 3649 modo
274 3583 358 3649 nihil
387 3583 452 3648 tale
484 3583 710 3660 merebantur,
744 3581 801 3647 aed
830 3585 943 3647 mortis
972 3591 1124 3648 aeternae
1178 3586 1243 3651 Dei
1264 3585 1521 3669 profundissima
1549 3591 1715 3649 scrutatur
1743 3584 2009 3667 (lOor.2,10).
2054 3583 2157 3648 Item:

146 3671 331 3754 praemium
350 3668 616 3746 habituraerant,
638 3668 702 3732 nisi
719 3689 778 3750 per
796 3666 967 3733 (ihristum
978 3668 1125 3734 abstersa
1178 3671 1262 3753 Quis
1284 3682 1430 3737 mentem
1452 3670 1587 3736 Domini
1610 3671 1777 3754 cognovit,
1806 3678 1880 3747 aut,
1910 3671 1983 3753 quis
2005 3669 2160 3735 consilia·

147 3764 235 3822 esset
251 3753 485 3831 immundities,
508 3775 574 3837 qua
591 3753 711 3835 alioqui
729 3752 861 3818 foedata
880 3766 983 3819 ercmt.
1009 3755 1124 3832 Porro,
1177 3760 1246 3822 rius
1274 3759 1344 3823 eius
1372 3756 1455 3822 fuit?
1484 3778 1544 3822 nos
1573 3777 1650 3820 vero
1681 3765 1826 3820 mentem
1850 3755 1975 3821 Christi
2004 3768 2159 3822 tenemus

148 3863 249 3926 quam
269 3842 383 3925 inepta
404 3840 448 3904 sit
469 3840 719 3923 argumentatio,
742 3860 807 3921 qua
828 3861 870 3904 ex
888 3840 1020 3905 nomine
1037 3861 1124 3904 mer·
1179 3843 1269 3925 (ibid.
1289 3866 1319 3908 v.
1345 3844 1406 3926 16).

147 3927 252 4006 cedis,
280 3926 440 4011 dignitaS,
471 3939 529 3990 aut
557 3926 713 3990 meritum
734 3925 877 4003 elicitur,
906 3926 1020 3990 multis
1043 3925 1124 3991 locis
1267 3927 1430 3993 Videmus
1453 3947 1531 4011 ergo
1553 3928 1589 3992 in
1609 3949 1753 4003 summa,
1776 3936 1816 3991 ut
1838 3926 2033 3993 venerandis
2053 3927 2159 4009 patri·

147 4014 253 4081 docui.
284 4013 355 4079 Nec
372 4013 510 4077 obseura
531 4018 581 4075 est
602 4012 701 4075 ratio:
724 4032 826 4092 quum
844 4012 1018 4075 retributio
1041 4012 1122 4093 ipsa,
1177 4015 1239 4079 bus
1263 4014 1345 4078 nihil
1360 4013 1450 4079 aliud
1471 4015 1514 4078 sit
1532 4014 1707 4079 temeraria
1728 4013 1949 4096 damnataque
1962 4033 2158 4096 praesump-

145 4120 245 4184 quam
265 4098 431 4182 sophistae
459 4098 496 4162 in
517 4097 634 4162 merito
663 4095 834 4161 fundatam
856 4097 984 4175 volunt,
1006 4118 1026 4161 a
1046 4119 1123 4181 gra·
1177 4102 1232 4175 tio,
1256 4101 1320 4165 nisi
1342 4108 1455 4166 sancta
1467 4099 1631 4164 revelatae
1643 4099 1737 4163 nobis
1760 4121 1818 4182 per
1833 4099 2006 4164 Christum
2023 4106 2159 4164 nostrae

146 4187 234 4252 tnita
254 4185 441 4268 acceptione
462 4181 610 4266 pendeat.
1149 4200 1152 4281 t
1177 4185 1361 4269 adoptionis
1378 4184 1507 4263 fiducia,
1524 4184 1676 4267 adquam
1692 4185 1813 4268 ubique
1830 4206 1905 4251 suos
1915 4184 2011 4250 Deus
2022 4186 2159 4251 animat

233 4272 348 4355 (lapite
376 4269 502 4336 decimo
531 4272 641 4347 tertio,
670 4269 698 4333 si
726 4276 856 4332 tantum
877 4269 966 4352 quod
988 4290 1067 4351 prae
1088 4289 1124 4335 se
1261 4271 1446 4338 Prohibent
1467 4271 1574 4353 capite
1602 4270 1727 4335 decimo
1755 4280 1885 4354 quarto,
1913 4292 1956 4336 ne
1983 4271 2057 4353 quis
2079 4292 2159 4354 per·

144 4359 209 4423 fert
230 4357 348 4422 titulus
371 4362 522 4441 agerent,
551 4376 605 4420 me
627 4374 755 4438 quoque
778 4354 938 4420 haberent
959 4356 1124 4437 subscrip·
1176 4357 1351 4424 severandi
1390 4358 1611 4423 constantiam
1648 4355 1725 4434 sibi,
1766 4355 1914 4422 absoluta
1952 4357 2159 4434 certitudine,

146 4450 259 4508 torem.
305 4441 374 4508 Sed
390 4443 468 4525 quia
489 4464 524 4507 se
545 4443 738 4506 temerariae
758 4442 1016 4524 praesumptioni
1038 4440 1124 4506 velle
1176 4449 1251 4523 [pag.
1273 4449 1347 4522 209]
1375 4465 1417 4509 ex
1440 4444 1512 4507 Deo
1534 4442 1743 4526 polliceatur:
1773 4444 1906 4509 tametsi
1932 4443 2161 4509 firmissimam

145 4548 317 4595 occurrere
328 4528 476 4611 professi,
498 4527 565 4594 huo
586 4532 660 4606 [pag.
680 4531 756 4606 207]
777 4534 846 4592 toto
868 4526 976 4592 studio
997 4527 1124 4594 incum-
1177 4530 1218 4595 de
1235 4531 1292 4594 illa
1313 4551 1405 4613 spem
1425 4529 1462 4592 in
1479 4528 1552 4593 Deo
1574 4528 1734 4607 collocari,
1757 4550 1824 4593 non
1846 4530 2042 4613 improbant.
2088 4527 2160 4595 Sed

146 4613 245 4692 bunt,
267 4621 305 4678 ut
326 4620 431 4678 totam
452 4635 532 4678 suae
556 4613 724 4678 electionis
752 4611 907 4677 fiduciam
925 4634 966 4677 ex
994 4614 1125 4696 piorum
1177 4617 1271 4681 nobis
1299 4617 1443 4698 primum
1469 4613 1661 4690 ostendant,
1692 4635 1835 4697 quonam
1862 4626 2032 4681 caemento
2059 4636 2159 4699 eoag-

146 4700 265 4765 animis
283 4697 423 4777 deleant,
442 4698 495 4764 hic
513 4719 697 4783 repugnare
716 4699 782 4763 illis
801 4719 914 4782 cogor:
933 4699 1124 4782 quiasorip-
1177 4702 1321 4767 mentari
1349 4708 1472 4784 queant
1502 4721 1556 4765 res
1578 4709 1748 4783 tantopere
1776 4700 1864 4765 inter
1886 4722 1921 4766 se
1949 4698 2160 4781 dissidentes,

145 4793 222 4850 tura
242 4784 352 4867 palam
374 4792 544 4868 repugnat.
578 4783 746 4865 Quorsum
768 4786 857 4850 enim
873 4785 998 4851 Paulus
1018 4786 1124 4868 primo
1175 4788 1368 4854 firmissima
1389 4807 1465 4869 spes
1488 4794 1521 4851 et
1538 4787 1918 4870 suspensaexspectatio.
1952 4787 2041 4852 Nam
2059 4795 2158 4867 certe,

146 4870 189 4936 ad
202 4870 365 4954 Ephesios
380 4869 496 4952 capite,
517 4879 584 4934 tam
601 4870 728 4953 prolixe
750 4870 791 4935 de
804 4877 940 4936 aeterna
952 4871 1018 4937 Dei
1040 4870 1124 4937 elec·
1176 4874 1301 4956 quiite
1323 4878 1492 4957 exspectat
1513 4873 1616 4938 vitam
1638 4880 1821 4952 aeternam,
1851 4880 1889 4938 ut
1914 4872 2064 4939 absoluta
2084 4895 2159 4940 oer-

146 4957 236 5023 ticne
264 4956 494 5034 concionatur,
523 4956 587 5020 nisi
616 4964 653 5021 ut
678 4978 876 5041 persuasum
898 4955 1056 5037 habeant,
1086 4978 1125 5022 ea
1177 4957 1319 5024 titudine
1341 4979 1407 5023 non
1429 4959 1563 5037 nitatur,
1587 4980 1663 5023 eum
1685 4958 1787 5024 variis
1809 4958 2069 5027 dubitationibus
2091 4962 2158 5030 eir·

146 5064 182 5109 se
214 5048 382 5125 cooptatos
414 5060 485 5106 esse
516 5043 553 5105 in
583 5042 684 5106 vitam
711 5041 901 5108 aeternam?
944 5042 1015 5110 Nee
1043 5063 1124 5110 sane
1177 5047 1308 5129 cumagi
1337 5051 1474 5129 oportet.
1520 5044 1636 5110 Talem
1664 5046 1734 5128 spei
1765 5051 1921 5110 naturam
1949 5066 2161 5131 nequaquam

145 5127 343 5196 coniecturis
376 5146 460 5209 opus
482 5137 541 5192 est.
583 5124 723 5211 Saepius
747 5128 836 5193 enim
864 5130 912 5192 ita
944 5128 1124 5196 concludit:
1177 5129 1333 5198 describit
1359 5129 1500 5196 Paulus:
1538 5151 1640 5214 quum
1673 5152 1708 5196 se
1736 5136 1825 5197 certo
1860 5152 2056 5215 persuasum
2083 5157 2159 5203 esse
