4620 5894
142 228 206 295 ors
940 226 1070 291 VERA
1093 224 1355 293 ECCLESIAE
2091 232 2157 297 620

142 415 305 500 baptismo
327 415 421 481 uobis
443 425 477 480 et
497 415 646 483 remissio
668 421 875 499 peccatorum
892 422 926 480 et
947 436 1121 500 regenera-
1173 421 1263 499 gant.
1308 416 1414 481 Taceo
1437 414 1523 500 quod
1551 414 1592 480 de
1620 417 1725 480 forma
1751 416 1905 500 baptismi
1933 415 2152 500 disputantes,

143 501 243 567 tionis
270 502 407 585 spiritus
436 502 581 567 offertur.
627 502 669 567 In
691 522 783 568 sacre
809 520 911 567 coena
940 501 1122 567 invitamur
1173 501 1359 584 posthabita
1387 501 1539 585 mysterii
1571 501 1807 585 explicatione,
1842 504 1936 586 quasi
1963 525 2083 587 parum
2110 502 2154 569 ed

143 586 186 655 ad
207 587 382 653 fruendam
404 586 531 653 Christi
554 589 671 668 vitam,
699 608 768 653 une
793 607 868 654 cum
895 587 990 653 bonis
1016 588 1122 651 omni·
1173 608 1246 651 rem
1273 589 1408 667 feceret,
1436 588 1472 651 in
1502 586 1625 652 nudem
1646 589 1821 654 verborum
1843 591 2153 671 pronunciationem

142 674 213 741 bus.
259 672 368 754 Quale
389 695 477 740 nune
499 681 798 758 temperamentum
817 674 894 752 erit,
918 672 946 738 si
967 672 1020 737 his
1042 673 1121 738 mis·
1172 673 1348 739 insistunt:
1371 694 1409 740 ae
1430 674 1459 739 si
1476 673 1640 754 Christus,
1664 695 1768 757 quum
1786 675 1949 758 apostolos
1971 676 2008 740 in
2030 696 2154 742 nomen

143 768 282 825 ceantur
314 759 486 824 hominum
519 760 700 844 figmenta?
751 758 948 825 Cbtendunt
980 757 1120 842 quidem,
1173 761 1277 842 patris
1300 766 1335 826 et
1355 759 1416 825 filii
1433 767 1503 825 ets
1526 760 1623 825 iritus
1640 762 1746 826 saneti
1764 761 1931 845 baptizare
1952 763 2058 840 iussit,
2082 783 2154 826 me-

143 844 256 911 Deum
288 866 360 912 esse
397 845 545 910 omnium
578 855 736 911 autorem.
794 844 862 910 Sed
896 845 976 909 haee
1006 850 1122 927 postea
1173 846 1283 928 gisem
1304 848 1415 911 nescio
1436 780 1525 929 quod
1543 867 1677 912 carmen
1698 846 1865 912 dictasset:
1895 868 1933 913 ae
1955 868 2022 913 uon
2043 848 2156 932 potins

145 931 292 1015 quaestio
319 931 519 1014 expedietur.
564 931 663 996 Nune
699 938 831 996 tautum
858 930 947 1008 dico,
980 931 1122 995 nimium
1173 932 1363 997 summatim
1386 930 1531 997 indicere
1553 933 1720 1011 voluisset,
1743 933 1830 998 unde
1855 939 1888 998 et
1911 941 1981 998 tota
2002 933 2054 999 111
2073 933 2156 1017 bep-

144 1038 206 1083 nos
232 1019 301 1084 foro
335 1015 500 1097 socordes,
533 1018 561 1082 si
587 1026 682 1083 netas
709 1018 744 1082 in
772 1016 944 1082 hominum
980 1014 1122 1081 cerebris
1173 1017 2155 1102 1111111111,111111111111111111111111111111111111,

143 1103 387 1187 qualescunque
409 1103 631 1169 caeremonias
653 1103 775 1168 talibus
796 1102 964 1187 mysteriis
977 1101 1122 1184 patimur
1173 1111 1208 1168 et
1228 1103 1323 1168 cuins
1344 1102 1408 1168 fide
1430 1104 1565 1181 nitetur,
1591 1114 1624 1168 et
1645 1125 1800 1186 quorsum
1822 1105 1938 1169 referri
1961 1103 2087 1171 debeat

144 1190 288 1273 aequari,
309 1188 475 1272 inquibus
495 1189 613 1255 salutis
633 1196 767 1255 nestrae
785 1209 916 1254 summe
924 1187 1121 1254 continetur.
1261 1188 1495 1254 Caeremonias
1508 1211 1632 1268 omnes,
1656 1189 1772 1272 quibus
1790 1210 1912 1273 purum
1927 1190 2054 1256 Christi
2071 1192 2155 1273 bap·

144 1274 258 1357 Quum
284 1282 382 1360 roget
409 1274 564 1342 Christus
593 1276 726 1359 (Metth.
747 1278 798 1353 21,
818 1276 890 1356 25),
919 1295 961 1338 ex
989 1272 1122 1338 caelone
1174 1275 1312 1340 tismnm
1333 1276 1509 1358 posteritas
1530 1276 1652 1359 partim
1664 1276 1803 1355 vitiavit,
1826 1277 1947 1360 partim
1959 1278 2155 1356 obfuscavit,

145 1382 188 1427 an
215 1361 256 1427 ab
283 1360 471 1427 hominibus
500 1362 544 1426 sit
564 1362 698 1427 Ioannis
724 1361 904 1445 baptisma,
933 1381 999 1423 non
1027 1358 1123 1423 aliter
1173 1359 1317 1426 illibatas
1334 1382 1468 1426 menore
1485 1361 1614 1427 iubent:
1628 1362 1653 1445 ¹)
1675 1363 1741 1426 imo
1764 1362 1864 1427 etiam
1886 1363 2027 1442 restitui,
2050 1363 2157 1430 sienbi

144 1446 330 1532 legitimum
358 1456 532 1531 ratumque
565 1445 657 1514 nobis
690 1468 762 1512 esse
796 1446 914 1511 debere
946 1444 1121 1529 significat,
1174 1446 1243 1510 siut
1264 1447 1448 1532 abrogatae.
1493 1447 1567 1514 Hoc
1589 1457 1701 1512 autem
1728 1447 1806 1531 quid
1836 1448 1926 1513 aliud
1953 1455 2020 1528 est,
2054 1468 2157 1533 quem

143 1535 294 1617 quamsi
316 1534 452 1600 coelitus
478 1534 578 1599 fuerit
604 1533 804 1599 institutum.
850 1530 978 1597 Eadem
1004 1531 1040 1594 in
1069 1552 1122 1595 se·
1174 1533 1323 1598 coenosis
1352 1533 1524 1598 hominum
1551 1534 1810 1617 inquinamentis
1838 1535 1978 1601 coeleste
2006 1533 2067 1599 filii
2087 1533 2157 1600 Dei

144 1619 323 1687 crementis
351 1624 425 1699 [pag.
452 1624 525 1699 111]
552 1619 705 1685 omnibus
727 1617 816 1684 valet
835 1619 929 1683 ratio.
975 1617 1021 1681 Et
1041 1636 1122 1682 sene
1174 1618 1343 1685 lavacrum
1365 1618 1518 1685 inficere?
1554 1619 1705 1704 Simplex
1729 1641 1832 1703 aquae
1849 1619 2035 1705 symbolum
2057 1619 2156 1685 nobis

144 1726 246 1789 quum
267 1708 485 1789 profiteantur
505 1705 561 1771 isti
582 1704 794 1781 mediatores,
822 1711 1028 1769 sacramenta
1055 1721 1121 1766 nen
1174 1702 1346 1771 mandavit
1367 1704 1531 1771 Christus.
1576 1706 1636 1783 Eo,
1659 1713 1698 1770 ut
1718 1726 1779 1790 par
1800 1714 1887 1783 eret,
1917 1705 2063 1771 contenti
2082 1706 2156 1771 fue·

145 1793 262 1858 testari
279 1793 373 1856 nobis
394 1791 504 1865 modo,
527 1790 585 1857 sed
607 1791 706 1855 etiam
728 1790 893 1867 exhibere,
908 1789 933 1873 ¹)
956 1808 1039 1872 quae
1067 1808 1122 1853 su·
1175 1798 1255 1855 runt
1275 1791 1423 1873 apostoli.
1467 1791 1543 1856 Non
1565 1791 1679 1856 eadem
1708 1791 1796 1874 apud
1818 1813 2019 1858 successores
2047 1791 2158 1857 valuit

145 1898 207 1961 pre
228 1878 399 1943 hominum
422 1886 554 1961 ceptum
584 1885 662 1941 sunt
683 1896 721 1942 ec
748 1876 952 1942 facultatem:
982 1873 1123 1938 nimium
1176 1875 1345 1942 sobrietas.
1379 1878 1504 1941 Arrisit
1525 1877 1614 1942 enim
1632 1877 1751 1956 oleum,
1774 1886 1808 1943 et
1829 1898 1952 1955 cereus,
1975 1886 2009 1941 et
2030 1877 2156 1944 similes

145 1984 317 2048 perversos
338 1964 408 2029 fore
429 1963 539 2048 palem
552 1969 609 2042 est
635 1962 694 2027 illa
710 1964 736 2028 si
760 1961 936 2028 subiiciant
950 1960 1122 2025 homiuum
1175 1982 1292 2046 nugae.
1338 1962 1484 2027 Domum
1507 1964 1665 2046 obrepsit,
1692 1984 1775 2047 quae
1797 1963 1895 2042 solet,
1918 1983 2157 2047 1111111111-

145 2049 291 2116 arbitrio.
347 2049 563 2116 Sacramenta
601 2048 666 2114 duo
699 2070 719 2113 1
752 2047 885 2114 Christe
923 2047 1019 2112 nobis
1052 2065 1123 2110 esse
1175 2048 1341 2130 perstitio:
1374 2060 1414 2112 ut
1434 2049 1579 2115 chrisma
1604 2049 1645 2114 ab
1668 2049 1855 2115 homiuibus
1878 2049 2028 2115 additum
2049 2048 2156 2133 pluris

146 2134 382 2213 commendate,
406 2143 502 2200 extre
522 2135 779 2201 controversiam
802 2142 860 2199 est.
904 2132 958 2196 De
980 2132 1124 2215 quinque
1176 2154 1276 2216 qnam
1303 2155 1388 2217 aqua
1416 2155 1473 2199 ore
1500 2134 1625 2200 Christi
1658 2143 1845 2201 consecrata
1873 2137 1975 2200 fieret.
2022 2136 2157 2218 Aquam

147 2241 226 2305 ergo
247 2220 383 2305 reliquis
404 2219 575 2287 videamus
597 2220 675 2304 quid
699 2220 741 2285 sit
764 2218 981 2284 sentiendum.
1176 2239 1255 2285 vero
1276 2220 1383 2302 ipsam
1410 2241 1497 2284 nevo
1526 2230 1560 2285 et
1587 2232 1777 2305 sumptuoso
1804 2222 1924 2305 ritu,²)
1952 2222 2045 2304 quasi
2073 2220 2157 2286 alias

232 2307 368 2389 Prius2)
399 2314 509 2372 tamen
535 2327 634 2390 quam
661 2305 727 2371 huc
753 2304 958 2390 progrediar,
987 2305 1023 2368 in
1044 2301 1123 2385 bap·
1199 2306 1314 2371 rofana
1341 2314 1443 2384 esset,
1477 2308 1623 2390 oportuit
1657 2309 1849 2373 consecrari.
1895 2308 2047 2390 Denique
2083 2308 2159 2391 ipsa

44 2446 47 2451 .
146 2395 244 2459 tiemo
264 2393 410 2459 breviter
431 2392 590 2457 adnotare
611 2412 729 2475 operae
751 2392 895 2474 pretium
918 2398 983 2466 est,
1005 2387 1124 2488 melius
1176 2326 1365 2474 baptizandi
1391 2393 1474 2457 actio
1501 2414 1543 2458 ex
1570 2402 1639 2458 tem
1668 2394 1770 2459 variis
1797 2400 1831 2457 et
1864 2393 1978 2458 multis
2005 2393 2157 2476 partibus

145 2478 291 2562 potuisse
322 2478 432 2545 omitti
462 2476 549 2562 quod
582 2476 623 2543 de
654 2478 802 2563 praecisa
828 2477 899 2542 eius
931 2480 1125 2542 necessetate
1178 2478 1404 2543 consarcinata
1424 2486 1488 2557 est,
1516 2486 1555 2542 ut
1576 2499 1681 2562 aquae
1709 2478 1910 2563 symbolum,
1939 2478 2025 2562 quod
2048 2478 2158 2544 solum

145 2565 453 2646 commemorant.⁸)
496 2564 734 2648 Praeterquam
755 2563 844 2629 enim
870 2561 956 2646 qued
979 2559 1125 2626 externis
1176 2562 1336 2630 debueret
1361 2564 1428 2630 illic
1457 2565 1617 2643 eminere,
1647 2565 1708 2630 sub
1736 2585 1857 2648 magno
1884 2565 2016 2630 cumulo
2043 2563 2156 2630 lateat

146 2652 251 2737 signis
272 2671 445 2735 perperam
472 2649 628 2733 alligetur
656 2651 784 2716 animae
813 2649 918 2728 salus,
946 2648 1067 2712 iniuria
1086 2646 1126 2710 fit
1177 2649 1367 2715 Causentur
1405 2651 1675 2733 superstitionum
1712 2651 1876 2735 magistri,
1916 2651 1998 2716 haec
2029 2648 2158 2715 addita·

146 2758 216 2802 non
237 2736 320 2803 levis
341 2735 563 2820 promissioni,
587 2758 625 2802 ac
646 2738 672 2801 si
695 2735 861 2801 minusad
880 2732 1123 2818 praestandam,
1176 2744 1290 2801 mente
1318 2734 1465 2802 ornando
1493 2737 1657 2820 baptismo
1686 2738 1826 2802 servire:
1856 2756 1972 2802 verum
2000 2757 2055 2802 res
2084 2736 2159 2819 ipsa

146 2844 246 2976 guam
268 2823 374 2901 offert,
397 2822 547 2900 salutem,
570 2822 637 2888 nisi
659 2819 792 2888 aliunde
814 2820 928 2886 adiuta
950 2820 1123 2886 sufficeret.
1177 2821 1312 2900 clamat,
1340 2821 1508 2889 obscurari
1536 2824 1644 2906 potius
1664 2843 1782 2907 puram
1805 2825 1875 2889 eius
1897 2822 2158 2888 administratio·

174 2916 272 2976 encta
298 2907 372 2975 ideo
399 2909 546 2974 nascitur
575 2929 617 2973 ex
641 2907 793 2974 fidelibus
820 2907 1009 2992 progenies,
1038 2901 1125 2989 quod
1177 2929 1265 2973 nem.
1311 2912 1386 2989 [pag.
1415 2914 1490 2988 120]
1517 2909 1640 2992 Aliqua
1671 2910 1773 2994 igitur
1803 2909 1919 2974 saltem
1953 2909 2159 2975 correctione

145 2995 253 3062 adhuc
275 3001 370 3061 utero
392 2994 521 3074 inclusi,
543 2995 690 3078 ipsorum
712 2993 816 3074 liberi,
839 3001 1018 3076 antequam
1039 2991 1124 3059 vite·
1177 3015 1260 3077 opus
1282 3002 1362 3060 erat.
1407 2995 1493 3059 Eam
1511 2995 1708 3061 mediatores
1730 2994 1812 3060 adeo
1821 3016 1889 3060 111
1907 2993 2099 3074 admittunt,
2121 3000 2160 3059 ut

144 3082 213 3148 lem
234 3081 388 3165 spiritum
409 3079 741 3164 hannanu'eooptati
764 3086 876 3147 temen
898 3086 977 3145 suut
998 3079 1034 3143 in
1057 3079 1124 3142 foe·
1177 3079 1460 3160 diserteceveent,
1479 3081 1611 3165 nequid
1629 3090 1780 3148 novetur.
1814 3082 1922 3147 Detur
1934 3081 1996 3148 hoc
2008 3101 2090 3146 sene
2101 3100 2159 3146 ve-

145 3166 208 3233 dus
229 3169 318 3235 vitae
341 3175 503 3233 aeternae.
547 3165 617 3233 Nec
639 3186 719 3232 sane
741 3167 806 3232 elio
827 3167 899 3231 iure
920 3185 980 3248 per
1000 3163 1124 3247 baptis·
1176 3167 1308 3232 testati:
1331 3166 1882 3251 utquaenonsuperoecuamodo,
1905 3165 2084 3233 sedetiam
2106 3168 2159 3232 in·

145 3275 238 3320 mum
261 3260 484 3339 aggregentur
506 3253 543 3319 in
563 3253 745 3333 ecelesiam,
767 3252 833 3317 nisi
855 3249 986 3335 quiead
1009 3268 1129 3334 eorpus
1177 3252 1274 3319 utilia
1300 3262 1395 3332 sunt,
1423 3252 1653 3338 11111111111)
1698 3251 1787 3336 Quid
1809 3262 1936 3332 autem,
1964 3254 1992 3319 si
2015 3274 2082 3337 que
2101 3254 2159 3319 ab·

146 3338 274 3407 Christi
295 3343 363 3405 iam
385 3346 463 3404 ante
484 3338 709 3423 pertinebant,
738 3360 837 3423 quam
859 3339 895 3403 in
922 3338 1030 3405 luoem
1052 3335 1128 3403 ede·
1177 3338 1279 3405 surda
1301 3346 1335 3404 et
1356 3337 1509 3417 ridicula,
1538 3361 1719 3423 perumque
1747 3341 1964 3424 congruentia
1986 3360 2061 3404 cum
2083 3359 2159 3424 my·

146 3435 272 3491 rentur.
307 3425 400 3490 Alios
422 3426 512 3491 enim
535 3425 576 3490 ad
599 3425 801 3508 baptismum
824 3425 880 3509 qui
902 3423 1054 3503 admittit,
1076 3422 1128 3507 ip·
1177 3426 1270 3491 sterii
1299 3423 1458 3508 dignitate
1484 3427 1713 3508 reperiantur?
1760 3427 1862 3510 Atqui
1893 3424 2052 3492 eiusmodi
2086 3444 2160 3491 esse

146 3532 220 3577 sum
242 3512 401 3594 profanat.
446 3511 544 3577 Nunc
566 3532 653 3595 ergo,
676 3512 733 3595 qui
754 3513 802 3576 ita
820 3511 1043 3577 necessarium
1061 3518 1129 3575 sta·
1178 3520 1314 3596 sputum
1335 3512 1431 3577 fateri
1452 3532 1490 3578 eo
1513 3519 1622 3592 entur,
1645 3532 1709 3596 quo
1732 3533 1862 3578 summa
1881 3512 2096 3597 parvulorum
2111 3511 2160 3576 la·

146 3605 248 3663 tunnt
269 3597 484 3679 baptismum,
514 3604 593 3661 ute
621 3618 679 3680 spe
699 3597 814 3662 salutis
835 3596 1030 3675 excludent,
1060 3592 1126 3661 nisi
1177 3598 1237 3663 bra
1264 3599 1412 3683 irrigant.
1421 3599 1452 3683 ⁴)
1491 3532 1606 3682 gSputo
1635 3598 1790 3665 Christus
1821 3599 1881 3664 atti
1907 3600 1931 3662 ‘t
1959 3618 1996 3665 os
2024 3597 2119 3677 muti,
2127 3598 2159 3681 ὁ)

146 3684 202 3766 qui
224 3704 263 3748 eo
284 3683 381 3748 tincti
401 3684 543 3761 fuerunt,
573 3688 645 3747 tum
667 3683 702 3746 in
723 3682 833 3748 Deum
856 3690 935 3748 sunt
955 3689 1125 3748 contume-
1178 3684 1232 3749 eui
1265 3703 1449 3749 sermonem
1482 3686 1656 3750 restituere
1688 3685 1828 3751 volebat.
1906 3706 1984 3749 uam
2017 3702 2160 3767 praepe-

146 3769 235 3848 liosi,
263 3776 336 3833 tum
358 3789 393 3834 se
416 3789 544 3852 quoque
566 3769 653 3851 ipsos
675 3768 847 3851 implicant
867 3789 989 3852 magna
1010 3769 1125 3833 absur-
1178 3777 1268 3834 stem
1289 3777 1340 3835 est
1362 3769 1546 3848 aemulatio,
1570 3792 1672 3854 quum
1685 3770 1773 3836 idem
1795 3773 1829 3835 in
1852 3771 1998 3854 parvulis
2016 3776 2158 3836 tentent

147 3855 259 3921 ditate.
304 3854 393 3919 Nam
419 3875 439 3919 a
462 3853 597 3919 Christo
629 3854 752 3919 alienos
780 3875 872 3919 sacra
893 3853 1022 3920 Christi
1048 3860 1127 3918 nota
1178 3856 1235 3920 An
1267 3856 1314 3919 sie
1353 3854 1488 3922 decebat
1526 3858 1775 3923 commemorari
1809 3857 1935 3923 Christi
1972 3853 2157 3922 miracula?

145 3942 316 4027 insignire,
339 3940 396 4024 qui
416 3941 467 4006 fas
486 3939 595 4006 esset?
629 3941 840 4023 Beptismum
861 3938 1127 4024 ergopraecedat
1178 3940 1378 4005 Ludibrium
1405 3941 1480 4020 hoe,
1517 3943 1602 4026 quod
1630 3941 1718 4008 unde
1745 3943 1798 4009 vel
1826 3942 1956 4026 quande
1984 3941 2161 4008 emerserit

145 4027 331 4112 adeptionis
359 4027 483 4111 gratim
513 4046 646 4092 necesse
674 4034 738 4092 est:
767 4047 850 4110 quae
878 4046 944 4090 non
973 4024 1126 4090 dimidiae
1178 4026 1335 4106 nescitur,
1357 4027 1485 4093 nullum
1507 4036 1596 4095 certe
1618 4050 1754 4114 gravem
1777 4036 1924 4094 autorem
1945 4028 2059 4107 habet,
2082 4049 2160 4113 per·

147 4122 280 4181 tantum
303 4112 422 4179 salutis
450 4119 636 4190 causaest,
665 4110 723 4178 sed
750 4133 823 4178 eam
852 4112 960 4196 ipsam
988 4111 1126 4176 salutem
1178 4113 1331 4179 tineeiter
1352 4134 1454 4196 quum
1477 4113 1666 4194 defendunt,
1689 4135 1799 4180 nonne
1822 4123 1934 4198 aperte
1953 4114 2017 4181 huc
2039 4123 2161 4180 seten-

144 4202 182 4267 in
210 4199 348 4266 solidum
376 4199 489 4278 affert,
521 4219 605 4281 quae
636 4198 800 4281 baptismo
827 4196 945 4263 deinde
970 4198 1125 4264 sancitur.
1179 4198 1257 4264 dere
1278 4201 1465 4280 ostendunt,
1486 4220 1529 4265 ne
1552 4221 1615 4285 qua
1636 4202 1719 4267 lueis
1732 4201 1874 4267 scintilla
1895 4201 1989 4266 nobis
2002 4199 2160 4266 maneat?

146 4288 250 4365 Hinc,
277 4293 317 4351 ut
338 4304 432 4350 error
453 4284 537 4350 alius
559 4305 600 4349 ex
623 4284 686 4349 elio
709 4285 869 4350 scaturire
892 4284 989 4363 solet,
1018 4283 1126 4366 bapti·

145 4373 241 4438 zaudi
259 4393 380 4437 munus
403 4377 478 4451 [pag.
500 4376 574 4451 119]
597 4370 682 4454 quod
703 4370 780 4438 solis
793 4370 948 4436 ecclesiae
965 4369 1126 4434 ministris
1265 4373 1306 4437 In
1328 4372 1500 4438 tractanda
1521 4392 1636 4453 coena,
1664 4373 2042 4439 transsubstantiationis
2069 4393 2162 4440 eom·

145 4458 354 4543 peculiariter
375 4458 548 4524 mandevit
570 4456 733 4535 Christus,
756 4477 824 4521 non
843 4455 885 4522 ad
902 4477 1007 4521 unum
1028 4454 1126 4521 modo
1178 4466 1330 4524 mentum
1354 4465 1522 4525 revocant:
1547 4459 1600 4525 cui
1622 4459 1802 4525 reclamare
1824 4467 1995 4544 coguntur,
2018 4460 2161 4543 quicun-

146 4542 326 4630 quemlibet
346 4565 388 4608 ex
409 4543 514 4627 plebe,
536 4543 595 4608 sed
617 4543 659 4608 ad
681 4542 894 4609 mulierculas
915 4543 1015 4607 etiam
1038 4541 1126 4607 dele-
1178 4566 1242 4628 que
1263 4565 1381 4609 verum
1403 4565 1523 4611 coenae
1545 4567 1642 4611 usum
1665 4546 1727 4611 sibi
1749 4546 1857 4629 perire
1879 4545 2044 4628 nolunt⁶)
2085 4546 2162 4612 Hoc

1251 4678 1279 4684 -..
1291 4678 1382 4685 -—-.

217 4749 247 4817 1)
265 4749 306 4804 111
324 4765 419 4819 greces
438 4748 602 4819 spirituelles
620 4750 667 4818 qui
684 4756 854 4805 surmontent
870 4752 918 4804 etc
1249 4748 1279 4817 1)
1299 4749 1354 4804 Ed.
1369 4767 1455 4820 parm.
1474 4750 1553 4805 odd:
1570 4749 1742 4803 mediatores.

215 4819 246 4886 2)
269 4815 346 4888 Quae
363 4817 408 4873 bic
424 4823 583 4888 sequemur,
605 4832 691 4887 usqae
708 4817 747 4872 od
764 4817 861 4871 111111
883 4831 1013 4897 quorsum
1030 4815 1126 4871 referri
1248 4816 1278 4883 2)
1297 4835 1364 4873 avec
1381 4820 1406 4873 ie
1424 4835 1459 4874 ne
1478 4836 1525 4890 say
1542 4819 1633 4913 quelle
1650 4819 1761 4887 parade.

148 4889 259 4954 debeat,
282 4887 384 4942 atram
400 4887 436 4942 et
454 4887 573 4942 edr'tr'one
587 4887 747 4956 1111111111
769 4885 956 4941 attestemur
974 4900 1014 4941 erc
1030 4884 1125 4940 tebet:
1248 4885 1280 4949 3)
1299 4886 1372 4941 Aac.
1390 4904 1492 4957 pource
1510 4906 1546 4958 qu
1555 4888 1624 4942 elles
1642 4894 1690 4941 out
1708 4889 1730 4943 si
1745 4890 1919 4959 lougoement
1936 4891 1995 4945 1111
2013 4904 2047 4945 11
2065 4904 2162 4960 usage.

147 4958 226 5013 Prius
250 4963 341 5011 temen
364 4971 446 5025 quem
469 4956 522 5011 huc
546 4955 718 5024 progredier,
748 4956 867 5012 breviter
889 4954 1027 5010 adnotabo
1051 4953 1125 5024 quod
1249 4954 1323 5022 4111
1342 4957 2143 5027 11111111111111111111111111111111111111111111.

148 5026 331 5082 caeremonias
350 5041 443 5080 omnes
460 5031 508 5080 etc.
1249 5022 1280 5091 5)
1301 5024 1374 5079 Edd.
1398 5024 1559 5081 recentiores
1581 5027 1626 5080 1111
1648 5034 1791 5094 epponem
1814 5029 1832 5080 1.
1857 5027 1956 5082 leona.
1980 5027 2011 5096 9,
2033 5027 2050 5082 6
2075 5043 2162 5097 mum

216 5094 247 5161 3)
266 5096 389 5149 11111111
405 5110 458 5163 que
475 5093 522 5148 nul
539 5108 574 5148 11
599 5099 666 5161 peut
683 5098 755 5149 estre
774 5095 858 5149 11111
881 5109 945 5150 sans
964 5100 1036 5148 estre
1060 5093 1126 5161 bap
1180 5092 1297 5149 laudere
1314 5094 1439 5150 deberem
1457 5096 1546 5150 Marc.
1564 5092 1589 5162 1,
1606 5093 1649 5148 31.

146 5165 211 5224 tiae.
1027 5198 1042 5220 .
1250 5163 1281 5229 6)
1301 5164 1323 5218 11
1340 5180 1409 5219 nous
1426 5165 1542 5220 1111111
1561 5165 1637 5219 avoir
1654 5163 1679 5218 le
1698 5180 1765 5234 1111
1781 5180 1865 5236 usage
1883 5165 1996 5222 d’icelle.
