4620 5894
211 256 320 325 XXII
797 253 1071 324 TRAO'PATUS
1092 254 1388 325 unnonoelffl
1407 255 1630 324 MINORES.

208 445 390 511 Baduelum
417 448 557 509 nicenum
580 444 788 527 praedicauit.
846 442 933 508 Nam
959 443 1150 528 siqnificauit
1179 441 1213 510 C.
1244 444 1280 510 T.
1309 445 1454 510 aversari
1480 449 1539 511 toto
1565 450 1690 526 pectore
1714 446 1847 513 miseros
1874 444 1946 512 illos
1973 450 2003 511 et
2024 445 2224 526 perniciosos

95 542 98 548 ¹
206 556 420 638 simplicitatis
440 555 635 638 eoanqctieoe
654 555 888 637 frumentatores
909 576 985 638 quos
1006 557 1155 622 audunrrs
1177 556 1322 639 rcliqioui
1343 556 1513 622 mulonem
1534 558 1571 622 in
1595 556 1716 624 Galliis
1736 559 1899 633 irnidiori,
1919 559 2094 641 perrientes
2116 558 2221 623 nescio

206 668 244 734 de
264 687 329 751 qua
350 668 546 732 renovatione
566 665 710 746 hominis,
733 667 769 732 in
790 688 856 749 qna
876 667 960 733 nihil
975 672 1086 750 peccet,
1107 668 1233 732 etiamsi
1252 665 1412 733 Christum
1428 673 1615 734 seruaturum
1636 689 1698 734 non
1719 669 1908 751 confitentem,
1930 669 1993 734 irno
2014 669 2050 733 in
2071 667 2222 735 murcbris

206 781 278 846 suis
299 779 431 862 prodet,
458 779 489 843 si
517 798 641 844 carrum
667 798 761 843 suom
786 779 1045 862 concupiscentiis
1065 784 1094 844 et
1114 780 1395 862 uitiis-permittat,
1420 800 1483 846 non
1504 779 1670 862 orucihqot.
1719 780 1792 846 Non
1812 781 1971 846 miramur
1990 781 2142 846 exsistere
2163 781 2221 862 qui

206 897 273 959 tam
288 891 470 975 perniciosa
491 891 767 957 comminiscantur
787 895 816 955 et
836 891 912 956 eliis
932 891 1083 974 inqerant.
1131 889 1299 956 Pracdieit
1319 892 1403 957 enim
1425 890 1585 958 Dominus
1603 893 1698 973 fidem
1718 898 1858 958 nostram
1879 891 1997 957 talibus
2016 891 2222 974 mustrideis

206 1003 432 1085 spurcitatibus
457 1001 661 1067 exercendam
688 1022 768 1081 esse,
801 1022 856 1067 nec
884 1004 969 1068 istud
995 1003 1133 1068 insolens
1159 1002 1262 1068 uideri
1287 1003 1371 1068 debet
1395 1004 1477 1085 quod
1503 1003 1596 1069 multi
1623 1004 1717 1068 etium
1748 1024 1787 1070 esc
1818 1003 1946 1085 optimis
1976 1004 2113 1087 inqeniis
2147 1005 2223 1072 istis

207 1116 361 1199 portentis
382 1113 536 1179 accedunt.
582 1111 742 1194 Perpauci
762 1113 845 1179 enim
864 1115 1025 1180 oerdatem
1048 1112 1182 1194 Christi,
1210 1118 1247 1180 ut
1272 1115 1440 1196 oportebat,
1468 1115 1613 1198 deliquit.
1658 1114 1828 1197 Esticceem
1849 1117 1949 1200 iqitur
1969 1115 2038 1182 illis
2059 1114 2222 1182 Dominus

213 1247 349 1295 usurum
375 1231 403 1291 ct
429 1225 607 1291 illusionem
632 1225 704 1290 iure
733 1225 873 1291 immittit
883 1275 1007 1292 .......
1055 1225 1093 1291 Si
1113 1228 1242 1293 animus
1262 1226 1326 1293 sibi
1346 1225 1427 1292 mok
1448 1228 1590 1292 mincius
1610 1231 1639 1293 et
1664 1226 1900 1309 reprehensione
1920 1227 2124 1294 corncicntice
2143 1247 2223 1295 com

209 1345 312 1406 motus
333 1359 395 1403 non
416 1337 501 1403 illico
521 1337 559 1401 in
582 1334 742 1402 Christum
762 1357 829 1404 sese
851 1338 976 1417 attollet,
1004 1338 1088 1405 illico
1112 1338 1227 1421 iuquit
1253 1359 1288 1404 se
1310 1337 1449 1404 Satanas
1470 1343 1499 1403 ct
1519 1344 1720 1405 commentum
1740 1338 1870 1421 aliquod
1891 1339 1980 1421 offert
2000 1359 2060 1422 quo
2081 1339 2222 1407 homines

207 1455 353 1518 conentur
384 1450 586 1515 conscientiae
617 1449 857 1532 eccqitctionem
890 1471 911 1514 o
943 1471 977 1516 se
1009 1454 1148 1516 mcutue
1181 1455 1210 1514 et
1241 1455 1345 1516 tamen
1372 1450 1409 1514 in
1435 1470 1497 1515 suo
1517 1452 1681 1531 pronitate
1702 1470 1911 1532 perseuerare.
1956 1450 2046 1518 Aliis
2075 1450 2221 1533 obtendit,

211 1562 370 1630 Christum
391 1581 452 1626 non
467 1580 596 1641 poscere
615 1565 681 1625 tarn
695 1561 911 1641 periculosum
931 1562 1069 1627 nominis
1089 1562 1142 1626 sui
1163 1561 1384 1643 mnfessionem
1404 1562 1553 1644 requique
1573 1564 1626 1627 sui
1647 1582 1771 1642 cruam
1800 1582 1856 1628 nec
1876 1567 2033 1645 tantopere
2053 1563 2222 1646 indiqnari

207 1676 240 1742 si
259 1672 484 1755 cupiditatibus
500 1671 683 1753 plusculum
705 1673 779 1755 quis
801 1673 968 1757 indulqeat.
1011 1672 1115 1754 Aliis,
1143 1692 1273 1738 causam
1293 1673 1456 1756 reliqionis
1476 1693 1537 1738 non
1553 1675 1714 1756 pertinere
1736 1675 1779 1741 ad
1795 1674 1954 1757 priuatos,
1976 1679 2005 1738 et
2025 1675 2106 1740 uitia
2118 1671 2222 1757 'faule

147 1760 159 1777 ‘
207 1786 385 1854 condonmi.
429 1785 519 1852 Aliis
549 1789 689 1850 cunctam
722 1784 787 1851 Dei
819 1785 1023 1850 reuerentiam
1055 1785 1164 1849 euimit
1197 1788 1226 1849 et
1257 1785 1372 1850 irrdicii
1399 1786 1650 1866 exspectationem
1682 1787 1796 1852 euertit.
1840 1786 1929 1851 Aliis
1962 1786 2087 1868 suadet,
2121 1806 2222 1869 quum

207 1899 368 1967 Christrm
389 1896 659 1979 apprehenderint,
689 1898 756 1961 iarn
778 1896 860 1962 nihil
875 1917 1020 1979 peccare,
1046 1896 1101 1960 sed
1121 1916 1217 1977 quum
1234 1897 1377 1977 pessima
1399 1917 1541 1979 quaeque
1562 1897 1729 1963 admidaut
1750 1899 1832 1979 ipsis
1847 1903 1978 1978 peccato
1999 1903 2029 1962 ct
2049 1897 2138 1963 molo
2158 1918 2223 1963 non

208 2031 283 2078 csse.
326 2009 380 2076 Ito
406 2009 591 2074 innumerae
617 2012 690 2073 sunt
718 2014 803 2073 artes
825 2008 937 2090 quibus
961 2007 1063 2072 Solon
1085 2028 1192 2072 verum
1213 2009 1423 2088 poenitentioe
1451 2009 1682 2075 meditationem
1709 2010 1746 2074 in
1769 2008 1893 2074 Christo
1914 2011 2029 2075 eoutit.
2074 2010 2120 2074 At
2142 2009 2223 2093 qnid

203 2122 416 2206 portentosius
442 2141 537 2202 quom
564 2139 597 2184 eo
625 2119 763 2185 homines
790 2121 955 2200 adducere,
978 2126 1013 2184 ut
1030 2125 1140 2203 perient
1155 2125 1286 2200 propter
1308 2118 1468 2185 Christum
1488 2121 1552 2184 sibi
1578 2122 1645 2185 ium
1665 2120 1757 2186 licere
1778 2121 1874 2202 impie
1895 2126 1923 2186 ct
1941 2122 2098 2205 ltaqitiosc
2119 2122 2223 2188 uiuere

208 2241 237 2301 et
255 2235 317 2301 sibi
338 2233 425 2299 mala
445 2253 508 2298 non
527 2251 592 2298 esse
610 2237 739 2314 propter
759 2251 840 2313 quoe
860 2231 913 2296 ira
934 2230 1001 2297 Dei
1020 2233 1105 2295 uenit
1126 2232 1168 2296 ad
1187 2237 1330 2297 coeteros.
1376 2230 1436 2297 Pie
1455 2233 1554 2315 iqitnr
1574 2233 1654 2315 facit
1678 2231 1710 2297 C.
1736 2232 1772 2298 Τ.
1795 2234 1876 2314 quod
1897 2235 2103 2300 administros
2124 2234 2222 2302 huius

207 2347 330 2430 {enoris
351 2344 550 2412 abominatur
560 2391 786 2409 ............
832 2341 921 2408 Haec
941 2343 1058 2424 scripsi
1079 2363 1112 2407 eo
1133 2343 1290 2425 copiosius
1311 2344 1355 2409 ad
1386 2344 1421 2409 Τ.
1445 2343 1478 2409 C.
1505 2344 1588 2425 quod
1608 2345 1722 2424 sciocn,
1746 2364 1804 2424 quo
1828 2343 1947 2410 Christi
1967 2346 2072 2411 studio
2090 2347 2223 2430 hamos,

209 2463 317 2525 tetua
338 2457 505 2524 anctoritate
527 2455 753 2536 etscdutitote‚
776 2475 837 2538 per
863 2460 892 2522 te
919 2456 1025 2538 ipsam
1046 2461 1074 2521 et
1092 2477 1154 2539 per
1179 2475 1327 2537 eosquos
1355 2455 1509 2521 deuinctos
1535 2455 1592 2521 tibi
1619 2457 1656 2520 in
1682 2453 1822 2521 Domino
1847 2454 1956 2535 habes,
1986 2457 2163 2538 effecturam
2188 2459 2224 2525 rt

208 2574 370 2637 serumtur
398 2568 438 2636 ab
461 2569 521 2634 isto
549 2568 677 2634 ccdioso
698 2569 838 2652 dopnrote
859 2567 966 2647 multi,
994 2573 1023 2633 et
1044 2571 1222 2634 reuocentur
1242 2568 1338 2633 mam
1358 2566 1399 2632 ob
1417 2587 1452 2632 co
1473 2568 1505 2632 si
1526 2567 1583 2649 qui
1604 2567 1745 2633 reuocari
1765 2571 1886 2649 queant.
1940 2566 2118 2633 Verisimile
2137 2568 2222 2633 unm

208 2688 254 2751 est
274 2688 303 2748 te
324 2683 471 2767 iquorme
491 2700 588 2763 quum
608 2679 701 2745 multi
721 2679 809 2763 apud
829 2700 884 2746 uos
905 2681 969 2744 isto
985 2684 1074 2761 peste
1094 2679 1225 2762 correpti
1245 2680 1318 2746 sint.
1362 2678 1407 2743 Et
1426 2679 1596 2745 ruendum
1609 2679 1725 2760 plures
1744 2679 1881 2761 quotidie
1906 2699 1944 2745 eo
1966 2680 2094 2761 corripi,
2115 2680 2165 2746 uel
2184 2698 2224 2746 ca

208 2795 248 2862 de
267 2814 367 2862 cause
394 2795 477 2877 quod
502 2792 634 2876 quidam
657 2796 860 2874 praepostere
881 2792 983 2890 seueri
1010 2792 1176 2874 requirunt
1198 2813 1219 2857 o
1240 2790 1425 2874 quibuslibet
1444 2796 1481 2856 ut
1500 2811 1523 2856 o
1544 2790 1680 2875 nubatis
1700 2792 1905 2857 coeremoniis
1923 2796 1951 2854 et
1971 2791 2057 2856 omni
2077 2790 2225 2858 ccdcsiac

208 2926 243 2974 se
262 2906 441 2973 urnmcrcio
461 2903 671 2984 ucbshohcnt,
693 2909 786 2986 utque
807 2904 984 2970 clarissime
1004 2907 1151 2970 testentrn
1172 2923 1205 2969 se
1226 2905 1380 2970 dammare
1400 2904 1506 2969 mnnio
1527 2924 1608 2986 quoe
1623 2903 1660 2968 in
1676 2903 1804 2969 melesio
1818 2907 1979 2986 qernutur.
2017 2902 2105 2967 Nom
2126 2922 2225 2984 mnu

208 3020 274 3085 isto
298 3017 438 3084 homines
464 3016 593 3082 sunau
617 3015 762 3082 nonnihit
787 3016 900 3083 munt
920 3020 1086 3099 praestare
1112 3036 1174 3081 non
1197 3021 1347 3099 possunt,
1378 3034 1433 3080 noc
1462 3015 1548 3098 ferre
1574 3019 1680 3081 tamen
1704 3019 1841 3096 possunt
1870 3014 2089 3080 conscientiam
2119 3014 2226 3099 nepoti

211 3129 345 3209 mrsu,
374 3129 544 3196 admittunt
568 3128 748 3195 istiusmodi
774 3129 914 3194 remedia
941 3127 1058 3194 morbis
1083 3129 1165 3211 ipsis
1190 3127 1286 3193 mrdtc
1307 3127 1540 3209 pernitiosiora
1551 3174 1678 3192 .......
1724 3124 1908 3192 Periculum
1934 3127 2111 3192 multarunt
2128 3145 2226 3209 prae·

208 3243 478 3308 stamissimocum
503 3241 701 3320 animarum,
730 3261 811 3322 quos
836 3237 982 3306 Christus
1008 3240 1044 3305 in
1061 3245 1151 3324 qonte
1170 3244 1276 3306 oestro
1298 3241 1341 3305 cd
1361 3260 1395 3305 se
1416 3239 1577 3320 mutauit,
1603 3239 1699 3303 munit
1718 3257 1767 3303 me
1786 3243 1821 3302 ut
1841 3242 1907 3302 tom
1925 3236 2033 3302 mndtis
2052 3239 2092 3304 de
2111 3236 2171 3305 hac
2190 3257 2226 3305 re

209 3355 253 3420 ad
272 3353 309 3419 Τ.
322 3351 355 3420 C.
372 3353 544 3419 scriberem.
589 3349 642 3432 Id,
666 3351 792 3437 Quo
812 3353 1025 3432 surdissime,
1046 3372 1108 3433 oro,
1129 3352 1202 3418 boni
1222 3352 1376 3433 consutos,
1398 3371 1604 3433 occurrasque
1624 3349 1680 3415 ubi
1693 3351 1801 3432 possis
1821 3348 1960 3416 hostibus
1980 3350 2223 3434 reliqionis....

207 3464 348 3547 mihique
363 3483 491 3547 parcos,
513 3463 596 3546 quod
617 3468 672 3529 ua
694 3463 835 3544 bonitate
857 3465 994 3531 suiten
1014 3465 1091 3531 odeo
1111 3465 1229 3544 mutis
1250 3465 1314 3529 sim
1334 3469 1400 3530 tam
1417 3465 1544 3530 licenter
1560 3465 1687 3529 uorsus.
1732 3460 1846 3528 Studio
1865 3459 1985 3527 Christi
2002 3466 2031 3527 et
2047 3466 2226 3528 sanctorm

209 3577 245 3643 in
270 3576 403 3656 Galliis,
430 3577 488 3658 qui
503 3595 565 3658 pcr
586 3581 615 3642 te
635 3577 672 3641 in
690 3576 865 3641 doctrinam
879 3577 1043 3658 puriorem
1058 3581 1195 3658 possunt
1214 3576 1328 3659 recipi,
1355 3577 1450 3642 etiam
1470 3597 1492 3642 a
1513 3576 1706 3641 malesanis
1733 3575 1903 3659 doqucotis,
1924 3574 1961 3639 id
1981 3572 2062 3639 mihi
2078 3573 2224 3656 pcrrnisi

217 3688 295 3756 Vale
316 3689 353 3754 in
375 3685 500 3755 Christo
521 3686 668 3769 Domino,
691 3687 816 3773 china
836 3688 1046 3755 sanctissimo.
1091 3686 1297 3771 Arqontorati
1319 3691 1341 3753 5
1363 3686 1448 3754 Iulii
1469 3709 1499 3754 a.
1524 3686 1644 3754 Christi
1667 3690 1768 3752 1538.

1566 3823 1769 3890 Celsitudiuis
1794 3823 1881 3889 l'uae
1901 3822 2139 3889 addictissimus

1698 3935 1832 4000 Aretius
1854 3935 1994 4000 Felinus.

364 4135 421 4205 ld
447 4133 658 4201 elucidandos
684 4133 746 4199 hos
772 4134 887 4200 literas
915 4155 1022 4200 unum
1051 4132 1209 4200 addemus
1236 4135 1344 4200 locum
1372 4134 1540 4201 Historiae
1566 4119 1804 4200 ecclesiastieae
1832 4132 1900 4197 inm
1928 4152 2030 4216 snpra
2057 4130 2224 4212 luudntoe,

209 4252 315 4320 vitam
336 4246 478 4316 Abbatis
500 4247 589 4313 illius
611 4245 647 4314 S.
669 4245 809 4312 Martini
829 4245 1066 4330 ingeniumque
1084 4246 1228 4312 hominis
1248 4245 1482 4313 illustrantem.
1525 4246 1687 4330 Legimus
1708 4245 1800 4311 'lom
1823 4244 1850 4310 L
1872 4265 1947 4329 pag.
1971 4248 2012 4310 64
2035 4243 2131 4310 haec:
2169 4241 2226 4309 Eu

210 4383 261 4431 ces
287 4366 384 4442 temps
411 4360 500 4427 estoit
526 4360 610 4426 demi
636 4358 775 4424 resident
801 4358 823 4422 ὰ
849 4358 964 4423 Arctum
988 4356 1099 4424 l'Abbi
1123 4359 1162 4424 de
1191 4356 1225 4423 S.
1248 4356 1387 4438 Mortin,
1416 4358 1536 4426 homme
1563 4359 1601 4424 de
1628 4358 1731 4423 lettres
1756 4357 1888 4423 instruit
1914 4377 1953 4430 cn
1979 4357 2013 4422 ta
2040 4356 2225 4440 reliqiouot

203 4477 344 4560 monent
356 4472 481 4554 plaisir
501 4471 523 4537 b
542 4472 629 4555 faire
650 4469 745 4537 bonne
766 4468 852 4535 chere
875 4469 896 4534 b
917 4489 995 4535 cerea
1016 4469 1072 4551 qui
1092 4470 1120 4536 le
1139 4471 1277 4536 oenoierrt
1296 4471 1420 4551 uisiter,
1447 4471 1595 4553 uusquels
1616 4471 1642 4536 it
1658 4469 1782 4550 parloit
1802 4488 1892 4534 usses
1909 4473 2112 4535 onocrtement
2133 4468 2171 4534 de
2189 4466 2226 4533 lo

209 4585 307 4655 ueriti
327 4604 403 4650 sons
423 4604 457 4650 se
477 4588 583 4650 mettre
602 4603 641 4649 cn
662 4584 780 4666 danqer
795 4601 882 4663 pour
902 4581 983 4661 cdo,
1006 4602 1092 4662 pour
1110 4587 1188 4648 estre
1208 4603 1272 4647 non
1292 4583 1461 4649 seulement
1487 4580 1634 4664 supporte'
1654 4580 1739 4645 nouis
1759 4580 1849 4665 cherp
1869 4585 1897 4646 et
1918 4579 2078 4646 recherchi
2093 4600 2160 4663 par
2180 4579 2226 4646 ies

204 4699 286 4782 plns
303 4716 378 4782 qros
398 4696 437 4763 de
458 4695 590 4779 l‘llqlise
611 4695 766 4761 Romaine
789 4694 810 4759 ic
830 4713 924 4759 cause
945 4693 982 4758 de
1003 4713 1041 4759 so
1058 4693 1154 4759 bonne
1175 4700 1204 4760 et
1223 4694 1353 4778 sricnde
1374 4693 1461 4758 table.
1508 4692 1679 4757 Plusicurs
1706 4693 1744 4758 de
1771 4713 1849 4758 ceux
1872 4692 1952 4774 qu’it
1971 4692 2057 4758 croit
2077 4691 2227 4757 instruite

210 4808 498 4890 lereprenoientde
518 4807 640 4889 cequ'il
660 4807 818 4888 netaisoit
838 4805 1068 4877 conscienoede
1089 4806 1325 4872 s'occommoder
1346 4805 1368 4869 ὰ
1389 4824 1421 4870 ce
1441 4823 1500 4885 que
1522 4805 1577 4887 tuq
1597 4814 1711 4869 ncesme
1732 4804 1928 4870 cendamncit
1949 4808 1976 4868 et
1996 4803 2167 4871 tasohoisnt
2186 4802 2226 4869 de

210 4921 422 5004 lencouraqer
442 4917 464 4984 b
483 4919 569 5000 faire
583 4919 698 4983 mione.
743 4917 835 4983 Mais
854 4917 910 5002 luy
930 4937 975 4982 au
996 4918 1150 4983 untraire
1170 4937 1204 4983 se
1223 4916 1368 4998 faschont
1388 4916 1499 4982 d'estre
1519 4918 1624 4998 repris
1644 4921 1673 4980 et
1690 4916 1803 4996 tlotont
1824 4936 1863 4980 sa
1884 4915 2062 4996 conscience,
2083 4918 2226 5000 despero

210 5033 323 5114 iusque
343 5031 377 5096 lb
397 5050 456 5113 qne
477 5029 620 5112 descire
639 5049 700 5094 ruse
720 5030 865 5114 theoiopie
891 5035 973 5097 torrtc
997 5029 1136 5096 nouos&
1160 5028 1293 5095 mestort
1319 5027 1474 5110 cusum
1500 5027 1539 5094 de
1564 5027 1669 5095 chsoscs
1690 5029 1746 5095 des
1766 5029 1918 5095 resueries
1939 5028 1996 5095 des
2017 5026 2177 5094 Libertius
2195 5028 2227 5093 ct

207 5143 390 5229 fiuotenuct
409 5147 454 5209 est
473 5147 564 5225 mort,
585 5142 725 5221 n’estant,
747 5161 862 5208 comm
881 5142 947 5208 l'on
966 5142 1014 5208 dit
1034 5160 1074 5207 cn
1093 5160 1238 5209 comum
1258 5139 1397 5224 tanqam,
1419 5161 1462 5224 ny
1482 5139 1573 5206 choir
1593 5161 1636 5225 ny
1652 5141 1791 5223 peissun
